2924 4588
130 111 232 154 1¹81

127 215 254 263 quem
277 202 319 245 in
347 202 489 246 medio
513 202 726 257 parietum
751 202 900 247 altat-Is
922 202 1056 260 [uisse
1080 201 1185 246 dicit
1203 205 1251 221 ”⁸

127 267 212 329 que
241 275 292 316 ad
315 287 443 333 quem
468 275 611 319 locum
634 274 816 318 aititudo
839 274 1057 318 craticulae
1079 275 1362 332 pertingebat.

185 350 199 365 ·
229 347 400 389 Addicto
414 347 463 390 1.
490 345 622 391 Juxta
661 347 906 402 praedictam
948 346 1194 402 opinionem
1231 360 1366 403 expo-

128 419 262 472 nitur,
288 419 459 472 subter,
477 419 546 463 vel
583 431 729 474 super,
753 418 820 461 vel
856 418 918 462 sie
946 417 1173 461 ordinatur
1207 417 1364 471 littera,

127 504 236 550 quos
255 503 388 548 pones
407 493 577 544 subtus,
602 491 644 534 id
663 497 728 535 est
753 490 900 534 subter
923 502 1035 545 quos
1059 501 1207 546 pones.

186 567 219 583 ··
249 564 428 607 Ἀάάέιίο
451 564 497 608 2.
530 563 621 607 Hoc
657 563 894 608 secundum
930 562 1156 617 praedictas
1191 567 1367 606 senten-

130 635 210 681 tias
229 647 316 679 non
334 642 404 680 est
425 643 643 679 servatum
674 634 748 679 sed
769 634 963 690 mystice.

182 709 234 726 ‘⁶‘
253 707 423 751 Addieto
446 708 489 751 5.
521 706 629 759 Quia
653 707 762 750 t'orte
794 719 1007 752 concavus
1037 714 1128 751 erat
1156 708 1277 751 locus
1314 706 1367 750 ad

130 780 395 836 recipiendos
419 779 584 824 cineres
610 779 866 824 hostiarum.
1212 825 1223 834 ³

283 853 385 897 Car.
418 851 507 895 LX.
539 851 600 894 De
617 853 702 894 situ
725 851 891 904 altaris,
912 859 951 895 et
973 851 1082 895 vasis
1104 851 1211 907 ejus.

165 922 373 970 Positum
396 929 537 967 autem
561 929 652 967 erat
669 923 803 966 altare
823 929 921 967 ante
941 921 1264 967 tabernaculum
1289 922 1370 967 sub

129 996 244 1049 divo,
273 1009 356 1040 nnn
375 996 534 1040 directe
564 1002 663 1039 ante
690 995 931 1047 introitum,
956 995 1031 1040 sed
1062 995 1283 1050 aliquanto
1316 995 1370 1039 ad

133 1062 352 1112 meridiem
390 1067 654 1112 descendens
695 1067 850 1123 (Ea-od.
893 1067 1047 1123 xxvii),
1088 1068 1146 1112 ita
1189 1075 1234 1111 ut
1272 1073 1372 1112 ante

127 1140 271 1196 ipsum
299 1139 589 1190 immolantes,
611 1145 775 1183 stantes
797 1138 851 1182 ad
874 1139 1136 1194 aquilonem,
1160 1140 1200 1181 in
1228 1140 1369 1195 ipsum

133 1211 471 1264 tabernaculum,
495 1224 631 1266 usque
646 1211 699 1254 ad
719 1218 866 1254 sancta
888 1217 1134 1256 sanctorum
1160 1212 1369 1266 inspicere

130 1290 319 1340 possent.
350 1282 400 1326 Et
437 1285 538 1339 quia
578 1284 748 1328 stabant
780 1285 831 1328 ad
863 1284 1126 1340 aquilonem,
1159 1282 1202 1328 id
1233 1292 1298 1327 est
1325 1285 1368 1328 in
1394 1265 1428 1331 ,Β

93 1407 98 1410 ἱ
130 1354 276 1397 altaris
298 1354 432 1398 latere
453 1355 714 1410 aquilonari,
738 1361 780 1398 et
802 1363 948 1400 eontra
973 1356 1212 1409 meridiem,
1231 1369 1370 1411 quan·

129 1428 272 1484 doque
293 1428 448 1484 legitur
465 1440 540 1472 eos
561 1428 828 1473 sacriticasse
851 1429 905 1473 ad
940 1429 1202 1484 aquilonem,
1233 1443 1370 1485 quan-

130 1499 271 1555 doque
291 1500 343 1543 ad
372 1501 612 1545 meridiem.
635 1501 853 1557 Erantque
885 1502 928 1545 in
956 1514 1063 1546 usus
1081 1503 1176 1558 ejus
1205 1502 1368 1546 lebetes

102 1598 105 1600 -
131 1574 183 1617 ad
209 1573 470 1630 colligendos
495 1575 664 1619 cineres
694 1575 1115 1628 eumabundabant,
1143 1584 1185 1621 et
1218 1578 1370 1633 depor-

131 1646 300 1699 tandos,
325 1646 397 1710 qui
421 1647 468 1706 ¹in
499 1647 642 1694 locum
671 1656 882 1693 secretum
934 1656 977 1695 et
1007 1643 1214 1694 mundum
1243 1662 1370 1706 repo-

131 1718 360 1776 nebantur,
388 1725 430 1763 et
453 1715 642 1775 forcipes
674 1720 728 1764 ad
744 1715 1072 1767 emundandum
1099 1718 1239 1778 ignem
1261 1723 1371 1768 alta-

131 1790 208 1835 ris.
243 1790 296 1834 Et
334 1790 559 1836 fuscinulae
601 1779 894 1847 quastraeee
931 1807 1123 1849 creagras
1157 1795 1368 1848 dicimuS,

131 1863 232 1919 qula
267 1863 366 1906 inde
386 1864 439 1907 de
459 1864 657 1908 caldariis
680 1877 833 1911 carnes
857 1867 990 1910 coctae
1023 1865 1366 1922 proferebantur,

130 1943 174 1981 et
209 1936 370 1991 patilla,
397 1937 520 1990 quasi
552 1937 714 1992 vatilla,
741 1950 765 1980 a
791 1937 1004 1992 vehendo,
1036 1938 1194 1994 quibus
1221 1951 1371 1995 prunae

115 2008 188 2055 ,ab
204 2008 286 2052 hoc
315 2008 456 2062 altari,
481 2008 533 2052 ad
557 2008 692 2052 altare
717 2009 1027 2066 thymiamatis,
1052 2009 1368 2064 deserebantur,

132 2088 288 2137 praeter
308 2082 507 2136 cacabos,
530 2088 573 2126 et
593 2081 704 2126 ollas
725 2083 780 2126 ad
807 2094 959 2126 carnes
989 2083 1251 2138 coquendas,
1275 2097 1372 2141 qnae

0 2143 7 2226 ἶ
135 2160 276 2200 tamen
310 2154 432 2210 Juxta
454 2155 602 2203 ‚altare
631 2167 717 2200 non
755 2156 1066 2212 coquebantur,
1103 2157 1246 2201 omnia
1269 2171 1372 2204 vero

119 2240 249 2274 *aenea
270 2235 409 2274 erant.
433 2227 639 2274 Hebraeus
657 2239 759 2274 vero
783 2230 847 2275 sie
872 2230 1034 2284 habet.
1014 2244 1034 2256 ⁶·
1064 2245 1078 2272 ι
1109 2230 1258 2276 Facies
1278 2233 1372 2288 ejus

815 108 1073 154 nlSTontA
1109 109 1501 175 sellobAsthA.
1534 141 1590 148 —
1619 117 1780 161 LIBER
1809 121 1989 167 Exom.

2563 128 2690 179 1¹82,

1257 235 1268 255 ,
1294 215 1369 247 us-
1391 207 1430 253 Α
1451 213 1697 260 portarum,
1734 212 1893 265 quibus
1919 226 2155 268 appensum
2174 252 2175 255 ,
2194 221 2286 257 erat
2324 215 2461 258 velum
2487 216 2538 259 de
2568 232 2676 273 qua·

1386 335 1388 337 v
1447 281 1545 320 tuor
1564 280 1763 332 pretiosis
1781 280 2016 335 coloribus,
2037 291 2280 327 contextum
2306 297 2428 340 opere
2449 286 2679 342 plumario,

1445 355 1559 404 quod
1581 351 1633 394 ad
1651 363 1889 408 egressum,
1907 361 1949 397 et
1966 355 2202 410 ingressum
2227 355 2349 399 facile
2372 357 2509 399 attolli
2537 366 2579 400 et
2601 359 2667 401 ‹le-

1445 422 1545 475 poni
1566 429 1748 475 poterat.
1775 422 2015 469 Notandum
2045 435 2187 469 tamen
2225 427 2268 469 in
2291 427 2556 483 longioribus
2576 429 2680 472 late·

1447 494 1568 540 ribus
1591 495 1726 540 ruisse
1748 497 1971 541 columnas
1988 499 2134 554 viginti
2163 499 2271 542 inter
2291 512 2399 554 quas
2415 507 2536 543 erant
2554 513 2678 554 aper-

1447 573 1554 611 turae
1572 575 1744 612 eentum
1793 570 2051 621 cubitorum,
2089 578 2130 614 et
2153 572 2196 614 in
2236 571 2404 616 duobus
2442 572 2680 616 minoribus

1447 650 1617 691 novem,
1646 639 1718 682 sed
1731 649 1905 695 propter
1923 643 2167 697 angulares,
2185 656 2277 696 quae
2295 656 2542 687 communes
2558 650 2682 686 erant

1453 713 1622 754 duobus
1641 713 1848 756 lateribus
1874 716 1921 767 ‘',
1950 714 2152 758 dicuntur
2192 716 2249 759 ibi
2273 716 2441 772 viginti,
2476 716 2545 758 hic
2578 728 2679 759 vero

1448 784 1611 828 decern.
1632 784 1682 829 Et
1698 785 1935 842 designavit
1957 786 2163 831 Dominus
2179 801 2253 844 per
2272 801 2496 831 numerum
2515 789 2679 838 colum-

1448 869 1600 899 narum
1637 870 1863 901 numerum
1905 859 2285 915 intercapedinum.
2343 858 2533 904 Habebat
2573 873 2677 915 ergo

1450 937 1681 984 utrumque
1697 932 1811 976 latus
1830 944 2028 988 magnum
2048 932 2198 986 viginti
2215 933 2454 984 columnas,
2470 931 2511 974 id
2533 939 2598 974 est
2620 932 2682 974 vi·

1451 1001 1553 1055 giuti
1577 1000 1936 1057 intercapedines.
1969 1003 2062 1045 Alia
2081 1003 2223 1045 littera
2262 1002 2408 1046 decem
2443 1002 2681 1055 columnas,

1451 1070 1491 1112 id
1519 1075 1584 1112 est
1606 1070 1751 1113 decem
1775 1071 2132 1126 intercapedines.

1501 1145 1516 1161 ·
1541 1142 1711 1185 Acidino
1731 1143 1770 1187 1.
1797 1143 2038 1187 Eminentia
2061 1145 2232 1199 quidem
2271 1151 2392 1188 erant
2423 1155 2463 1188 tn
2501 1145 2682 1189 summi-

1450 1224 1537 1260 tate
1557 1217 1875 1267 columnarum,
1912 1229 1955 1260 et
1978 1218 2068 1274 ipsa
2099 1217 2328 1274 perforata,
2350 1226 2391 1261 et
2412 1218 2455 1261 in
2476 1218 2684 1263 toramine

1449 1290 1543 1332 duae
1562 1289 1717 1340 cordae,
1741 1298 1826 1333 una
1859 1289 1976 1340 hine,
2020 1297 2063 1333 et
2113 1302 2196 1333 una
2225 1290 2340 1341 inde,
2367 1303 2464 1346 quae
2495 1299 2684 1335 tenerent

1451 1362 1692 1407 ‘columnam
1711 1369 1897 1406 rectam:
1919 1364 1961 1405 in
1988 1362 2133 1418 glosis,
2159 1363 2295 1419 inquit
2313 1377 2353 1406 vi
2375 1362 2510 1406 Exodi
2532 1364 2684 1406 dicun-

1451 1442 1518 1478 tur
1538 1434 1724 1491 lingulae,
1750 1435 1910 1490 etquia
1958 1434 2207 1487 decalvatae,
2247 1442 2290 1478 et
2324 1436 2447 1491 quasi
2493 1437 2685 1479 rotundae

1450 1506 1491 1548 in
1518 1517 1687 1548 summo
1705 1505 1755 1548 ad
1783 1505 1956 1548 modum
1981 1505 2160 1560 linguae3
2181 1505 2363 1561 appellat
2379 1518 2452 1549 eas
2472 1503 2684 1561 losephus

1434 1577 1648 1633 angulos.
1687 1576 1900 1620 Credibile
1943 1577 2071 1620 etiam
2096 1610 2107 1630 ,
2155 1577 2309 1633 inquit,
2352 1577 2464 1633 quod
2508 1578 2686 1633 singulis

1450 1650 1628 1695 basibus
1653 1650 1953 1693 columnarum
1993 1648 2172 1694 inferius
2211 1657 2326 1693 esset
2355 1649 2482 1692 inllxa
2519 1651 2684 1702 cavilla,

1447 1735 1525 1779 per
1543 1734 1672 1778 quam
1695 1721 1824 1765 ctiam
1845 1727 1930 1764 tota
1952 1722 2151 1766 columna
2171 1731 2308 1766 terne
2342 1721 2518 1765 lix-miter
2553 1722 2687 1767 inhae-

1452 1801 1578 1840 reret.

1507 1871 1542 1887 ‘⁶
1562 1868 1735 1912 Addin'o
1757 1869 1803 1913 2.
1834 1868 1881 1913 Si
1907 1869 1950 1912 in
1983 1869 2115 1914 latere
2137 1868 2392 1922 meridiano,
2415 1867 2564 1924 viginti
2595 1873 2688 1910 tan-

1451 1949 1541 1987 tum
1581 1943 1794 1986 columna}
1815 1948 1975 1996 essent,
2011 1954 2109 1985 cum
2140 1945 2404 1997 unaquaeque
2425 1940 2604 1983 distaret
2633 1938 2687 1982 ab

1452 2016 1533 2060 alia
1555 2015 1748 2072 quinque
1773 2014 1944 2068 cubitis,
1964 2027 2062 2058 cum
2098 2013 2255 2058 fuerint
2281 2013 2390 2056 inter
2408 2025 2480 2057 eas
2504 2024 2675 2056 novem-

1451 2089 1591 2133 decim
1611 2087 1859 2141 interstitia,
1886 2100 1970 2130 non
1989 2086 2203 2130 habebant
2225 2087 2267 2128 in
2296 2084 2578 2141 longitudine,
2604 2083 2685 2127 nisi

1452 2161 1687 2216 nonaginta
1712 2160 1901 2215 quinque
1926 2158 2108 2203 cubitos.
2149 2157 2263 2201 Idem
2302 2157 2430 2201 etiam
2471 2156 2523 2197 de
2557 2155 2688 2197 latere

1452 2234 1672 2290 aquilonis
1707 2232 1910 2304 intellige.
1938 2228 2057 2275 Hanc
2082 2229 2366 2301 objectionem
2397 2228 2523 2272 solvit
2554 2226 2688 2281 magi-

132 2300 261 2355 οἵως,
283 2309 324 2347 et
347 2303 446 2358 eius
460 2303 614 2358 pallas,
636 2311 679 2348 et
701 2302 794 2360 ejus
811 2303 972 2360 pelveS,
996 2311 1037 2348 et
1055 2306 1151 2362 ejus
1173 2306 1370 2359 uncinos,
1395 2332 1427 2377 C
1455 2314 1556 2352 ster.

132 2375 288 2433 eteius
308 2375 473 2432 ignium
492 2375 834 2432 receptacula.»

284 2447 526 2492 en...1.xl
549 2448 611 2492 De
632 2449 742 2492 atrio
769 2449 1232 2495 circatabernaculum.

183 2515 291 2563 'Erat
308 2526 457 2564 ‚autem
481 2519 639 2568 atrium
664 2520 780 2564 circa
818 2519 1147 2566 tabernaculum
1174 2523 1217 2567 in
1242 2524 1389 2579 late-re⁴

126 2591 374 2637 ,meridiano
394 2601 564 2637 centum
582 2593 844 2645 cubitorum
866 2594 906 2638 in
922 2595 1162 2650 aquilonari
1185 2605 1373 2651 centum,

135 2668 181 2712 in
200 2669 519 2713 orientali-vcro
548 2668 862 2726 quinquaginta
903 2678 942 2712 et
968 2670 1145 2714 totidem
1187 2671 1230 2714 in
1262 2671 1377 2717 occi-

126 2736 293 2789 'dentali
322 2741 478 2797 (Exod.
495 2742 649 2799 xxvn).
668 2740 720 2784 Et
743 2741 806 2786 sic
823 2742 1034 2797 quadrum
1055 2749 1164 2796 erat,
1186 2744 1252 2787 vel
1275 2756 1378 2799 qna-

134 2814 412 2871 drangulum,
436 2814 512 2858 sed
537 2827 623 2858 non
645 2814 922 2870 quadratum,
964 2815 1039 2859 sed
1074 2815 1118 2860 in
1153 2815 1290 2860 forma
1315 2818 1378 2860 al-

138 2876 229 2932 tera
249 2893 370 2943 parte
386 2887 587 2943 longiori
623 2886 839 2942 Eiantque
878 2887 920 2930 in
945 2887 1077 2931 latere
1118 2888 1296 2932 australi
1314 2902 1378 2932 vi-

135 2961 244 3025 giuti
261 2958 488 3015 columnae,
508 2961 604 3004 altae
633 2960 822 3018 quinque
847 2962 1020 3014 cubitis,
1045 2962 1210 3006 vestitae
1253 2962 1378 3006 lami-

130 3030 206 3078 {nis
223 3032 456 3090 argenteis,
481 3032 618 3088 capita
646 3033 852 3077 habentes
876 3041 1076 3090 argentea
1118 3045 1217 3077 cum
1254 3034 1378 3077 caela·

139 3106 269 3160 turis,
283 3118 382 3149 cum
418 3105 600 3154 basibus
626 3105 774 3155 aeneis,
799 3107 940 3162 spatio
979 3107 1169 3162 quinque
1212 3107 1379 3150 cubito·

138 3190 235 3228 rum
262 3181 373 3226 inter
394 3191 441 3223 se
469 3179 695 3232 distantes,
723 3192 853 3236 super
880 3191 989 3235 quas
1016 3179 1165 3222 annuli
1198 3179 1380 3235 singulis

141 3253 358 3306 inerant-‘2
400 3253 781 3311 pertingebantque
824 3252 949 3298 funes
974 3253 1027 3296 ab
1050 3252 1222 3295 annulis
1245 3264 1380 3306 usque

140 3324 195 3369 ad
215 3315 355 3380 capita
379 3325 656 3379 paxillorum,
678 3324 751 3380 qui
775 3332 898 3367 erant
915 3324 1046 3368 cubili
1066 3324 1193 3367 unius
1212 3326 1379 3380 magni-
1399 3314 1402 3316 ’

1631 2379 1734 2422 Car.
1762 2376 1889 2421 thl.
1913 2377 1973 2421 De
1991 2377 2169 2422 lucernis
2196 2374 2467 2419 tubernaculi.

1512 2452 1721 2508 Praecepit
1762 2451 1891 2495 etiam
1934 2442 2142 2494 Dominus
2182 2449 2323 2492 oflerri
2362 2460 2386 2491 a
2427 2448 2526 2492 liliis
2561 2446 2689 2491 lsrael
2740 2498 2743 2500 μ

1455 2526 1600 2572 oleum
1619 2526 1830 2568 olivarum
1850 2523 2128 2579 purissimum
2154 2522 2325 2578 piloque
2348 2529 2490 2564 tusum
2532 2519 2689 2577 (Exod.

1456 2598 1609 2655 xxvtr).
1637 2596 1728 2641 Hoc
1745 2582 1858 2640 enim
1873 2596 2031 2650 purius
2064 2601 2144 2648 est,
2166 2606 2292 2648 quam
2321 2605 2519 2646 nuceum,
2541 2592 2607 2636 vel
2636 2591 2690 2633 ti-

1455 2672 1610 2725 neum,⁸
1625 2670 1687 2714 vel
1707 2668 1956 2726 myrtinum,
2001 2669 2065 2710 vel
2114 2666 2415 2721 raphaninum,
2455 2672 2501 2708 ut
2524 2675 2692 2719 semper

1458 2744 1631 2788 arderet
1665 2754 1718 2786 ex
1754 2754 1806 2785 eo
1841 2742 2014 2784 lucerna
2040 2739 2084 2782 in
2122 2727 2398 2793 tabernaculo
2441 2737 2689 2788 testimonii,

1455 2825 1584 2874 quam
1603 2814 1858 2859 accendebat
1874 2813 2032 2865 Aaron,
2051 2821 2093 2856 et
2112 2812 2184 2855 lilii
2209 2811 2300 2867 eius
2326 2822 2528 2866 vespere3
2553 2816 2593 2853 et
2616 2822 2689 2869 us·-

1456 2903 1541 2946 que
1561 2901 1686 2933 mane
1725 2886 1920 2931 lucebant
1947 2898 2074 2941 snper
2097 2884 2397 2928 candelabrum
2429 2888 2590 2939 septem
2624 2881 2691 2924 lue

1456 2973 1595 3006 cernae
1618 2972 1764 3004 coram
1789 2958 1988 3009 Domino,
2015 2957 2058 3000 in
2082 2956 2149 2999 die
2171 2967 2272 2999 vero
2300 2962 2387 2999 tres
2409 2961 2593 2998 tantum.
2609 2951 2692 3010 Ly·-

1457 3035 1611 3079 ehin‘us
1651 3034 1837 3076 lucernae
1878 3026 2089 3089 papyreus
2122 3036 2215 3073 erat
2241 3043 2253 3083 3
2279 3027 2526 3071 cincendula
2572 3036 2690 3078 vero,

1457 3117 1587 3163 quam
1613 3117 1807 3160 mergum
1823 3104 2026 3155 dicimus,
2053 3114 2203 3146 aurea.

1457 3199 1559 3242 Car.
1614 3194 1760 3239 LXlll.
1815 3194 1882 3237 De
1939 3190 2225 3290 communibus
2269 3189 2448 3233 vestibus
2502 3187 2692 3232 sacerdo-

2055 3260 2121 3289 um

1516 3328 1673 3370 lterum
1699 3325 1869 3368 locutus
1892 3329 1958 3365 est
1976 3320 2184 3364 Dominus
2223 3319 2275 3363 ad
2310 3317 2481 3374 Moysen
2508 3315 2688 3360 dicens:

88 3446 91 3449 4
141 3398 307 3451 ti'idine,
336 3404 379 3441 ct-
416 3409 493 3453 per
514 3397 707 3451 singulas
737 3398 960 3442 columnas
983 3398 1026 3440 in
1062 3403 1217 3440 terram
1242 3399 1378 3441 valide
1402 3393 1437 3437 D
1466 3414 1480 3440 ι
1511 3397 1682 3452 Applica
1709 3395 1881 3443 fratrem
1900 3400 2020 3437 tuum
2035 3392 2177 3434 Aaron
2198 3391 2249 3434 ad
2272 3397 2327 3442 te,
2356 3401 2451 3433 cum
2475 3388 2573 3431 filiis
2598 3385 2690 3431 suis

141 3471 252 3522 ἤχει-ι’,
275 3477 321 3513 ut
341 3471 498 3514 atrium
519 3470 740 3513 immobile
773 3470 1062 3517 custodirent.
1082 3470 1253 3520 ⁴cortina
1276 3482 1377 3514 vero

141 3542 194 3584 de
212 3542 276 3598 b,
269 3552 349 3584 sso
355 3540 611 3584 mollissimo
627 3546 798 3584 centum
814 3541 1079 3584 culzitorum'
1069 3553 1111 3583 in
1133 3541 1323 3596 longum,
1338 3548 1379 3584 et

141 3614 331 3677 quinque
356 3613 553 3656 inlatum
577 3624 654 3668 per
695 3612 919 3656 columnas
953 3611 1235 3670 dependebat,
1266 3624 1291 3655 a
1309 3624 1378 3655 ca

138 3685 228 3740 pite
252 3696 389 3738 usque
413 3684 464 3726 ad
489 3684 635 3727 basem
653 3681 824 3734 diffusa,
847 3690 893 3725 ut
917 3682 1022 3725 nihil
1046 3696 1069 3725 a
1107 3683 1270 3738 pariete
1293 3681 1380 3725 dit·-

142 3755 254 3800 ferre
293 3754 542 3811 videretur,
574 3755 657 3799 nisi
693 3755 804 3799 sorte
842 3767 921 3810 pro
962 3757 1074 3799 aeris
1112 3755 1379 3810 intemperie,

141 3827 401 3883 quandoque
419 3830 534 3871 retro
553 3826 745 3877 funibus,
766 3834 826 3870 et
859 3826 1030 3883 paxillis
1051 3826 1307 3878 traheretur,
1333 3831 1381 3868 nt

141 3901 222 3943 sub
241 3901 292 3943 ea
323 3907 526 3957 tanquam
572 3900 653 3943 sub
683 3905 794 3943 tecto
813 3900 1074 3954 reciperetur
1108 3898 1306 3954 populus.
1332 3896 1377 3939 ln

140 3973 337 4016 eumdem
355 3974 532 4016 modum
553 3974 666 4018 latus
704 3974 920 4029 aquilonis
944 3974 1095 4030 viginti
1135 3974 1377 4024 columnas,

36 4097 39 4106 1
141 4051 184 4088 et
201 4046 410 4093 cortinam
454 4044 641 4091 habehat
679 4046 899 4100 diffusam,
928 4047 982 4090 ab
1023 4047 1245 4090 occidente
1275 4058 1392 4102 vero=

35 4112 37 4123 ‘
73 4141 75 4143 ·
142 4119 290 4163 decem
307 4119 536 4173 columnae,
556 4125 600 4163 ct
622 4121 787 4164 cortina
807 4113 1049 4163 cubitorum
1069 4119 1376 4175 quinquaginta

143 4190 535 4248 atriumcingebat.
558 4193 605 4236 ln
636 4205 810 4249 egressu
845 4206 945 4236 vero
971 4193 1022 4235 ad
1065 4192 1270 4234 orientem
1294 4199 1378 4234 tres

143 4262 356 4316 columnae
377 4266 494 4316 hinc,
515 4269 557 4313 et
574 4264 674 4309 inde
701 4271 788 4311 tres
809 4265 994 4317 stabant,
1007 4271 1049 4308 et
1071 4265 1245 4308 cortinae
1258 4263 1379 4316 jutta

144 4336 225 4380 bas
241 4336 405 4381 diflusa}
427 4338 535 4381 nihil
573 4351 598 4382 a
620 4339 841 4394 prioribus
866 4336 1127 4381 differentes.
1166 4337 1209 4378 ln
1240 4336 1378 4379 medio

144 4418 246 4450 vero
271 4408 400 4453 iate-re
418 4409 511 4466 eins
533 4417 716 4466 quatuor
737 4417 859 4454 erant
897 4409 1107 4453 columam
1140 4409 1180 4451 in
1205 4410 1377 4451 modum

1461 3473 1512 3516 de
1538 3471 1676 3515 medio
1701 3470 1886 3518 tiliorum
1913 3466 2060 3518 lsrael,
2097 3465 2336 3508 sacerdotio
2358 3463 2589 3518 iungantur
2612 3461 2691 3502 mi-

1461 3546 1503 3588 hi
1527 3547 1538 3594 ,’
1579 3543 1798 3597 faciesque
1829 3547 1989 3583 vestem
2028 3544 2218 3581 sanctam
2263 3536 2384 3587 fratri
2422 3542 2494 3577 tuo
2533 3531 2688 3588 (Exod.

1462 3616 1630 3668 xxviii).
1647 3629 1661 3654 ι
1694 3611 1746 3655 inl
1766 3624 1852 3667 qua
1870 3609 2157 3664 sanctificatus
2180 3607 2384 3648 ministret
2406 3604 2522 3646 initu.
2547 3602 2604 3645 De
2624 3602 2691 3644 his

1461 3700 1565 3731 sane
1582 3686 1791 3736 vestibus,
1834 3683 1934 3739 quia
1959 3679 2139 3738 confuse
2163 3679 2258 3736 agitv
2289 3677 2485 3727 histoiia,
2525 3674 2575 3717 ad
2601 3675 2690 3717 evi·

1444 3758 1657 3804 ‘dentiam
1694 3763 1887 3811 congruo
1940 3753 2092 3797 ordine
2128 3761 2463 3806 prosequamur.
2503 3746 2693 3798 Quatuor

1460 3831 1586 3876 erant
1605 3836 1763 3879 vesleS,
1788 3834 1874 3870 tam
1898 3824 2192 3869 sacerdotibus
2210 3821 2447 3872 minoribus
2466 3831 2574 3875 quos
2592 3820 2692 3862 cha-

1461 3916 1565 3946 neos
1586 3901 1811 3950 voeabant,
1855 3908 1982 3952 quam
2019 3895 2201 3951 principi
2248 3893 2531 3943 sacerdotum,
2565 3902 2691 3945 quem

1461 3973 1743 4018 arabarchum
1773 3969 2055 4025 appellabant,
2081 3977 2363 4016 communes3
2390 3971 2431 4006 et
2471 3963 2562 4005 aliae
2586 3974 2691 4016 qua·

1465 4053 1563 4088 tuor
1612 4050 1711 4098 post
1734 4043 1846 4090 illas,
1875 4040 2032 4095 quibus
2075 4039 2193 4082 solus
2233 4037 2513 4087 arabarchus,
2548 4035 2588 4076 id
2627 4041 2692 4076 est

1462 4119 1663 4174 princeps
1687 4115 1975 4165 sacerdotum,
2018 4112 2232 4163 utebatur,
2258 4108 2412 4165 quibus
2456 4106 2687 4151 secundum

1463 4191 1657 4234 ordinem
1695 4189 1810 4231 hunc
1834 4187 2090 4230 induebatur
2117 4199 2128 4227 ε
2149 4182 2390 4227 Purificatis
2412 4182 2531 4238 prius
2554 4181 2691 4223 mani-

1465 4263 1546 4306 bus
1564 4269 1605 4305 et
1630 4261 1811 4316 pedibus
1833 4272 1960 4314 aqua,
2010 4257 2210 4302 sacerdos
2235 4254 2435 4298 induebat
2465 4254 2686 4297 manacha—

1466 4336 1562 4385 sim,
1600 4332 1713 4387 quod
1749 4331 2080 4373 constrictorium
2120 4334 2257 4378 sonat,
2284 4325 2395 4380 quod
2419 4324 2563 4367 Graece
2594 4323 2685 4364 bra-

1468 4405 1571 4456 chae,
1617 4401 1767 4445 Latine
1810 4401 2033 4443 femoralia
2078 4399 2157 4442 dici
2195 4402 2331 4452 potest
2371 4397 2400 4437 ⁶.
2424 4393 2608 4450 Eratque
2637 4393 2688 4436 de
