2924 4588
250 80 333 126 327

215 198 234 222 s
251 180 318 216 eet
334 169 394 213 de
409 165 610 233 omtg‘bus
635 162 677 220 (1
698 161 826 207 loun.
856 171 906 208 tt,
935 159 1025 215 27),
1053 170 1124 207 ne,
1146 154 1354 213 quidquid
1378 154 1498 203 labo·
1522 155 1554 198 Α

251 223 414 287 τίοειιιιι
436 240 633 283 videatur
654 247 749 304 esse
772 233 1004 294 abhorreat
1019 240 1255 275 exercere.·
1274 227 1359 272 Sed
1382 227 1498 270 sicut

252 316 368 357 hunc
393 310 552 366 loseph
575 309 704 351 timor
720 305 887 350 excitat
901 293 1166 352 nocturnus}
1182 308 1229 344 ut
1245 299 1423 343 timidus
1445 296 1498 341 ad

251 386 441 429 laborem
474 387 515 425 et
534 379 701 450 guturze
741 375 890 432 gratim
913 374 1086 420 nescius
1119 373 1230 416 nolit
1269 372 1499 436 traducere

252 457 447 505 Mariam,
472 451 546 497 sed
564 451 731 494 occulte
754 449 972 492 dimittere
995 459 1107 496 eam,
1132 458 1327 502 quosque
1344 445 1500 487 libera·

250 535 337 576 tus,
362 525 580 569 revelante
607 523 647 565 ei
678 521 859 577 angelo,
884 532 909 562 a
929 524 1072 568 nocte,
1091 518 1201 562 sciat
1234 517 1499 559 illuminatus

249 597 352 654 quid
377 601 519 653 portet
536 596 739 637 inutero:
767 592 820 635 Et
836 591 932 648 ipso
945 591 1226 634 nihilominus
1250 589 1499 638 roborante,

252 672 459 715 liberatus
476 668 531 710 ab
547 667 674 710 inerti
695 666 867 716 timore,
898 664 1115 706 animatus
1137 668 1360 715 agnoscat,
1384 660 1500 716 (prod

251 749 418 787 tantum
437 753 487 783 ac
511 739 659 789 talem,
690 742 900 794 quantum
918 741 962 779 et
985 735 1157 791 qualem
1203 732 1403 789 superius
1427 731 1503 774 de·

253 814 523 871 scripsimus,
551 811 684 854 filium
721 809 761 854 ei
797 809 990 866 paritura
1030 807 1086 851 sit
1111 823 1122 850 z
1147 807 1207 850 ita
1249 806 1430 848 multum
1462 804 1501 847 ei

254 885 546 935 metuendum,
571 895 624 926 ne
643 887 791 925 natum
817 882 932 924 bunc
955 892 1136 935 puerum
1162 877 1355 922 Herodes
1381 889 1500 932 quae·

254 963 336 1007 rat,
356 955 583 1013 quaesitum
619 953 825 1003 inveniat,
851 957 894 995 et
922 950 1146 994 inventum
1187 949 1353 1004 perdat.
1378 947 1502 1000 Quod

253 1029 424 1084 quidem
468 1027 571 1083 quid
595 1026 669 1078 sit,
697 1025 740 1068 in
774 1036 973 1068 sermone
1008 1021 1268 1079 praecedeuti
1311 1022 1504 1066 ostendi-

254 1111 373 1151 mus;
422 1098 466 1140 in
511 1097 627 1140 hunc
663 1107 790 1151 quem
821 1092 949 1138 modo
974 1094 1183 1137 habemus
1216 1093 1502 1143 inmanibus,

254 1183 497 1216 sermonem
525 1169 807 1218 disserentes,
853 1155 1070 1223 quomodo
1118 1167 1157 1209 ei
1189 1164 1502 1208 consulendum

255 1250 337 1293 est,
368 1255 422 1287 ne
441 1242 649 1298 quaesitus
684 1239 944 1290 inveniatur,
981 1245 1022 1282 et
1043 1238 1244 1282 inventus
1285 1237 1503 1293 perdatur.
1532 1222 1564 1264 ὓ

255 1315 480 1373 Apparens
515 1327 619 1371 ergo
665 1315 844 1370 angelus
882 1311 1041 1368 Ioseph
1085 1318 1232 1355 monet
1262 1317 1307 1354 ut
1352 1311 1509 1354 tollens

258 1400 438 1446 puerum
452 1392 494 1431 et
514 1392 698 1430 matrem
720 1385 830 1440 ejus,
855 1384 992 1441 fugiat
1017 1385 1059 1428 in
1083 1383 1315 1440 AEgyptum
1336 1381 1507 1439 (Mami.

251 1448 309 1513 ιι,
333 1461 423 1519 ¹5).
449 1459 573 1513 Quod
595 1466 696 1503 tunc
715 1459 779 1510 fit,
794 1471 893 1502 cum
911 1459 1091 1502 internae
1105 1458 1402 1514 inspirationis
1421 1458 1515 1501 ins-

256 1535 396 1579 tinctu
435 1533 608 1577 animus
632 1531 830 1576 eruditus
854 1531 908 1575 ad
937 1531 1137 1575 tenebras
1167 1530 1360 1587 confugit
1388 1530 1513 1574 infir-

258 1607 424 1652 mitatis
442 1606 675 1663 suae:quia
705 1606 905 1649 tenebras
931 1604 1142 1661 AEgyptus
1174 1607 1299 1648 sonat
1326 1620 1336 1647 :
1364 1605 1430 1648 vel
1458 1602 1512 1647 ad

258 1663 482 1722 ¹atibulum
497 1676 651 1734 judicii
673 1676 901 1727 divini,rel
924 1674 976 1722 ad
995 1676 1238 1730 caliginem,
1258 1688 1342 1732 qua
1357 1675 1410 1718 de
1426 1676 1510 1726 his,

257 1762 355 1806 quae
384 1762 516 1806 super
553 1762 650 1793 eum
683 1755 864 1793 ventura
899 1754 1020 1799 sunt,
1068 1749 1289 1792 involutus
1322 1749 1514 1809 undique

258 1828 430 1867 tenetur
456 1827 535 1866 :ut
561 1822 643 1866 boc
667 1821 826 1878 triplici
854 1821 982 1867 modo
1011 1821 1281 1869 humiliatus,
1302 1819 1511 1872 fructum,

259 1905 390 1950 quem
426 1893 558 1937 babet
597 1893 767 1944 salutis,
809 1894 1042 1936 immunem
1076 1898 1304 1937 conservet
1335 1904 1358 1934 a
1394 1899 1516 1948 peste

259 1964 462 2009 elationis
479 1996 491 2016 ,
536 1965 661 2021 quasi
701 1965 746 2008 in
791 1964 1025 2021 AEgyptum
1070 1977 1252 2020 puerum
1284 1970 1515 2021 protegens

260 2034 407 2080 lesum
435 2048 459 2078 a
483 2038 788 2092 persecutione
819 2037 1018 2082 Herodis.
1049 2036 1100 2080 ui
1118 2045 1217 2081 sunt
1243 2043 1332 2081 tres
1354 2039 1517 2094 princi-

264 2109 383 2165 pales
406 2109 519 2152 inter
534 2110 643 2154 alios
666 2111 797 2163 modi,
817 2111 975 2166 quibus
999 2111 1216 2155 discretus
1235 2112 1422 2164 animus,
1442 2124 1516 2155 sa·

263 2182 366 2225 lutis
387 2182 432 2225 in
447 2193 495 2226 se
518 2181 704 2226 fructum
722 2195 747 2226 a
770 2185 1046 2240 corruptione
1069 2185 1281 2241 superbiae
1297 2185 1519 2229 custodire

263 2258 374 2299 solet
394 2255 591 2298 illaesum.

321 2328 430 2374 xm.
467 2329 639 2375 Primus
663 2337 729 2375 est
770 2344 868 2375 cum
895 2345 1018 2376 suam
1053 2333 1178 2389 plene
1220 2333 1516 2378 infirmitatem

264 2403 494 2458 mnspicit,
510 2415 638 2458 quam
665 2405 887 2460 proclivts,
920 2405 1040 2449 verbi
1065 2407 1219 2462 gratia,
1246 2407 1299 2450 ad
1320 2407 1424 2450 vitia
1443 2407 1516 2459 sit,

264 2473 394 2531 quam
433 2476 485 2518 ad
508 2476 691 2520 virtutes
728 2477 959 2528 invalidus,
993 2485 1234 2534 caeteraque
1267 2479 1310 2522 in
1360 2479 1520 2536 quibus

265 2548 564 2603 corruptibilia
605 2553 646 2591 et
681 2548 850 2604 fragilia
873 2562 950 2593 sua
974 2551 1132 2600 videat,
1158 2552 1237 2595 sibi
1264 2564 1353 2607 prae
1381 2552 1519 2596 oculis

267 2627 550 2676 repraesentat
575 2636 585 2663 ε
613 2626 661 2664 ut
684 2622 784 2666 dum
805 2635 854 2666 ea
879 2630 1005 2667 caute
1026 2625 1289 2674 considerat,
1310 2625 1375 2668 vel
1402 2638 1424 2667 a
1445 2638 1519 2669 sa·

268 2693 375 2747 gitta
406 2693 620 2748 superbiae
654 2706 701 2738 se
742 2695 961 2739 vulnerari
981 2708 1066 2740 non
1088 2697 1223 2753 sinat,
1251 2698 1317 2741 vel
1334 2698 1386 2740 ad
1411 2698 1522 2740 hanc

268 2764 527 2821 Babylonem
553 2777 694 2816 suam,
714 2766 836 2822 juxta
862 2769 1134 2824 prophetam,
1160 2774 1209 2811 ut
1247 2776 1422 2812 curetur
1447 2783 1523 2812 ve-

265 2839 359 2881 niat
371 2836 546 2895 (lei-em.
569 2851 628 2891 Li,
652 2838 712 2895 9).
732 2838 955 2884 Secundus
975 2853 1078 2885 vero
1094 2847 1176 2892 est,
1200 2854 1315 2893 eum,
1339 2843 1419 2886 etsi
1440 2843 1521 2884 ali·

267 2910 371 2965 quid
393 2911 494 2954 boni
510 2923 628 2955 nunc
651 2913 822 2968 operari
856 2914 1046 2965 videtur,
1086 2927 1139 2957 au
1164 2914 1207 2958 in
1230 2927 1281 2959 eo
1316 2927 1521 2971 perseve-

269 2990 442 3027 raturus
463 2986 535 3035 sit,
583 2997 639 3028 an
661 2997 764 3035 non,
804 2985 999 3029 funditus
1028 2987 1198 3042 ignorat
1225 3002 1235 3030 :
1263 2986 1370 3042 quid
1396 2986 1522 3029 modo

270 3058 327 3103 sit
361 3066 581 3114 utcunque
606 3059 765 3111 sciens,
791 3060 894 3114 quid
927 3065 1069 3103 autem
1090 3065 1187 3116 post
1211 3060 1426 3103 modicum
1458 3059 1524 3103 fu-

272 3138 394 3176 turi-s
419 3131 476 3174 sit
498 3133 671 3187 penitus
695 3133 910 3176 nesciens.
930 3130 1010 3175 Ubi
1032 3132 1204 3187 quidem
1226 3133 1354 3176 hodie
1373 3133 1522 3188 pedem

273 3203 395 3259 ponit
420 3203 464 3246 in
499 3215 627 3258 ope-re
651 3203 818 3253 videns,
846 3202 922 3247 sed
946 3203 1048 3258 quid
1072 3202 1111 3246 ei
1136 3203 1354 3246 crastinus
1384 3198 1525 3258 par‘iat

274 3276 368 3319 dies
389 3275 627 3331 praevidere
648 3288 734 3318 non
759 3277 922 3319 valens.
949 3274 1001 3317 Et
1023 3276 1176 3319 tertius
1200 3281 1282 3327 est;
1303 3287 1418 3324 eum,
1444 3275 1522 3319 etsi

276 3347 421 3403 aliqua
435 3347 546 3391 bona
566 3346 763 3398 faciat,et
782 3348 893 3389 bona
910 3359 956 3390 se
971 3347 1111 3390 videat
1130 3346 1218 3390 beri
1238 3353 1523 3402 perpetrasse,
1553 3374 1586 3416 D

278 3426 451 3475 propter
470 3419 687 3475 praeterita
712 3434 722 3462 z
747 3427 789 3462 et
814 3419 923 3462 bona
939 3424 1185 3475 perpetrare
1196 3419 1528 3474 hodie,propter

279 3489 531 3544 praesentim
558 3495 602 3534 et
612 3489 725 3533 hona
741 3501 788 3533 se
805 3496 950 3544 sperat
967 3495 1217 3545 perpetrare
1225 3501 1324 3532 cras
1336 3494 1525 3545 propter,

281 3561 475 3605 futurum
512 3561 781 3617 propositum
817 3561 930 3616 quod
962 3562 1092 3604 habet
1125 3561 1179 3603 ad
1212 3561 1355 3604 sutura
1381 3577 1391 3604 :
1419 3573 1529 3617 quo-

280 3634 408 3677 modo
429 3639 575 3677 tamen
590 3645 642 3678 ea
665 3633 862 3678 occultus
881 3639 923 3677 et
947 3633 1172 3678 districtus
1202 3633 1336 3677 Judex
1361 3634 1527 3678 exami-

282 3713 370 3757 net,
410 3707 609 3765 qualiter-
632 3717 684 3750 ea
729 3707 841 3762 apud
881 3718 928 3750 se
954 3712 1121 3763 penset,
1171 3707 1347 3750 omniuo
1374 3707 1527 3750 nescit.

283 3776 375 3820 Scit
393 3777 526 3827 enim,
566 3782 799 3821 attestante
837 3777 1059 3833 Scriptura
1083 3790 1225 3829 sacra,
1248 3779 1390 3831 justos
1434 3790 1530 3822 esse

281 3853 325 3891 et
347 3849 579 3904 sapientes,
615 3855 659 3893 ct
681 3861 811 3906 opera
832 3862 982 3894 eorum
1025 3844 1070 3894 in
1089 3862 1217 3894 manu
1244 3850 1318 3894 Dei
1351 3863 1464 3899 esse.
1489 3858 1532 3895 et

282 3925 427 3964 tamen
450 3922 616 3965 nescire
648 3922 880 3973 hominem,
921 3922 1063 3967 utrum
1089 3923 1264 3967 odio‘an
1297 3936 1441 3967 amore
1461 3924 1531 3967 di-

283 4003 393 4046 gnus
417 3994 474 4036 sit
499 3993 647 4048 (Eccli.
671 4007 729 4047 ix,
759 3995 818 4052 l),
845 3996 920 4040 sed
944 3996 1090 4039 omnia
1116 4008 1250 4051 usque
1277 3996 1319 4038 iu
1341 3995 1532 4039 futurum

283 4065 497 4108 reservari
539 4066 716 4111 incerta.
746 4067 873 4110 Audit
914 4082 1085 4125 quoque
1109 4068 1287 4111 Paulum
1312 4069 1455 4115 dicere
1479 4070 1533 4113 de

284 4146 348 4185 se,
381 4133 494 4191 quod
519 4138 626 4180 nihil
658 4140 739 4182 sibi
775 4148 841 4183 est
861 4143 1078 4190 conscius,
1105 4142 1178 4187 sed
1209 4141 1363 4185 in'boc
1389 4148 1531 4186 tamen

280 4205 541 4261 iustificatus
564 4222 648 4253 non
685 4217 766 4260 est,
801 4225 879 4267 pro
909 4226 961 4258 eo
1004 4214 1118 4269 quod
1141 4213 1399 4271 quijudicat
1427 4227 1526 4259 eum

285 4275 494 4323 Dominus
515 4287 581 4324 est
605 4281 647 4337 (1
671 4281 769 4326 Cor.
789 4295 847 4332 iv,
870 4283 931 4340 4).

348 4347 457 4395 xlv.
482 4351 554 4395 11ae
583 4360 684 4397 sunt
709 4355 896 4400 tenebrae
933 4357 1092 4413 quibus
1124 4369 1170 4402 se
1202 4358 1442 4403 involutum
1465 4357 1531 4407 vi-

1539 2291 1572 2337 C

1113 63 1283 109 auaui
1313 23 1904 111 ruffinoxsrnarmsrs

1564 369 1769 409 »structus
1802 361 2011 416 confugit,
2040 366 2088 402 ut
2111 371 2224 415 opus
2244 369 2369 403 suum
2413 357 2572 401 bonum
2599 357 2775 407 illaesum
2813 347 2839 416 3³,

1579 149 1705 194 debat
1743 147 1815 204 qui
1839 145 2013 189 ‘dicebat
2037 135 2162 187 :rire
2180 142 2299 198 cujus
2329 140 2572 186 abscondita
2601 147 2660 184 est
2678 142 2759 196 ria,
2819 138 2843 202 Z}
2890 145 2893 170 Γ
2923 200 2924 204 ¹

1575 220 1846 265 circumdedit
1861 231 1953 282 eum
1971 218 2083 260 Deus
2104 217 2279 259 tenebris
2301 214 2395 272 (lob
2437 227 2503 264 ιιι,
2529 213 2619 270 24).
2635 214 2698 257 Ad
2714 227 2771 271 qu
2835 242 2839 278 3

1576 294 1781 338 nimirum
1804 292 2007 336 tenebras
2030 290 2197 332 iuterna
2222 287 2506 344 inspiratione
2543 287 2714 330 animus
2753 285 2798 330 in
2829 296 2831 298 ’
2902 301 2911 313 ⁶

1578 436 1700 492 peste
1735 439 1962 478 conservet
1990 426 2206 482 elationis,
2231 429 2354 487 quasi
2379 429 2552 484 loseph,
2572 429 2643 486 qui
2669 429 2724 473 ad
2744 430 2790 485 b
2812 428 2847 466 »ἵ
2904 457 2907 460 «

1578 509 1687 565 sugit
1709 510 1752 552 in
1767 507 2017 562 AEgyptum‚
2061 511 2107 547 ut
2124 516 2304 560 puerum
2326 501 2470 547 lesum
2489 515 2511 545 a
2530 501 2816 559 persecution
2843 519 2845 522 ¹
2892 490 2909 525 Ὗ

1579 579 1796 625 custodiat
1839 577 2038 620 Herodis.
2089 575 2236 618 Tertio
2274 587 2377 618 vero
2418 573 2545 616 modo
2602 574 2715 618 iilius
2757 570 2848 638 itti}

1580 651 1800 694 masculus
1828 650 1870 691 in
1902 646 2158 703 Apocalypsi
2203 645 2435 688 draconem
2467 645 2603 688 evasit
2630 659 2641 688 ε
2665 645 2718 688 de
2740 631 2849 707 (ιιισῗ1
2913 666 2915 681 ‹

1580 723 1737 778 legitis,
1766 721 1880 776 quod
1912 720 1964 762 ad
1999 719 2129 763 Deum
2165 724 2207 762 et
2255 717 2308 759 ad
2353 717 2552 761 thronum
2569 717 2664 772 ejus
2680 722 2844 782 raptu}
2910 720 2913 727 '

1584 795 1676 839 fuit.
1704 794 1849 852 (Apoc.
1882 806 1963 839 xii,
1990 792 2050 849 5).
2084 791 2191 835 Nam
2215 791 2318 847 quid
2341 797 2408 835 est
2433 791 2566 833 filiunt
2589 791 2853 855 ιιιιιεοιιίιιιιιξ

1584 868 1637 910 ud
1677 868 1808 911 Deum
1834 871 1877 910 et
1911 866 1964 908 ad
1992 866 2195 907 thronum
2240 865 2350 919 rapi,
2378 869 2423 905 ut
2455 863 2656 906 draconis
2680 847 2853 982 evada‘}

1582 939 1918 988 devorationem,
1940 937 2024 979 nisi
2051 936 2262 979 actionem
2288 934 2443 978 fortem
2464 941 2507 977 et
2537 940 2756 977 strenuam
2779 942 2802 975 a
2841 940 2855 982 ζ

1586 1009 1716 1052 Deum
1738 1015 1778 1052 et
1805 1010 1856 1051 ad
1875 1008 1969 1062 ejus
1983 1006 2228 1050 districtum
2249 1005 2461 1061 judicium
2486 1004 2657 1056 referri,
2683 1016 2737 1048 ne
2752 995 2854 1066 ela-*⁴

1585 1083 1714 1126 tionis
1738 1082 1933 1125 incurrat
1957 1079 2313 1135 corruptionem?
2336 1079 2533 1135 rapiatur
2554 1079 2697 1134 itaque
2723 1075 2857 1139 nlius3

1585 1155 1805 1197 masculus
1850 1152 1901 1195 ad
1926 1152 2060 1196 Deum
2099 1158 2142 1195 et
2172 1151 2225 1194 ad
2264 1150 2485 1194 Thronum
2510 1151 2620 1206 ejus,
2642 1155 2691 1192 'ut
2714 1151 2837 1204 dum,

1587 1228 1700 1285 quod
1714 1240 1798 1272 non
1811 1226 2121 1282 justificabitur
2137 1225 2180 1268 in
2197 1231 2428 1280 conspectu
2443 1224 2688 1280 ejusomnis
2714 1223 2858 1280 150-⁴

1588 1301 1737 1346 vivens
1781 1300 1922 1358 (Psal.
1960 1298 2176 1356 cxmiffl),
2205 1299 2474 1348 considerat,
2500 1310 2768 1354 nequaquam
2786 1297 2858 1343 de*

1589 1372 1703 1417 bono
1740 1386 1870 1430 opere
1902 1379 1978 1416 tuo
2017 1378 2059 1416 te
2095 1372 2295 1421 extollas,
2337 1370 2412 1415 scd
2446 1371 2648 1415 humilies
2693 1378 2732 1414 tc
2756 1369 2861 1430 sub,

1589 1447 1754 1504 potenti
1787 1459 1915 1490 manu
1954 1444 2046 1496 Dei,
2075 1444 2149 1501 qui
2185 1449 2253 1488 est
2289 1442 2542 1486 benedictus
2582 1442 2623 1485 in
2665 1442 2838 1488 szceula.

1591 1519 1744 1564 Amen.

2009 1589 2194 1635 sumto
2232 1589 2401 1633 XXXVl

1689 1696 1791 1727 ιτειι
1823 1696 1863 1728 m
1893 1694 1964 1738 ptr,
1994 1696 2129 1728 rnsro
2161 1695 2412 1726 sancrouuu
2444 1694 2746 1728 mucci-turtum.

1915 1757 1974 1800 De
2002 1757 2146 1800 eadem
2177 1771 2219 1799 re
2251 1755 2359 1799 unde
2385 1767 2528 1813 snpra.

1597 1830 1799 1875 Sruorsis
1831 1842 2050 1874 stancius.
2076 1855 2132 1861 —-
2156 1831 2197 1874 1.
2218 1829 2434 1887 Abrabam
2463 1829 2506 1872 in
2539 1834 2638 1885 typo
2663 1827 2741 1872 viri
2769 1817 2870 1882 νει-ζ

1651 1887 1811 1943 ligiosi,
1847 1899 2057 1930 evasurus
2089 1885 2249 1929 samem
2271 1885 2379 1942 fugit
2408 1886 2450 1928 in
2475 1884 2725 1942 AEgyptum,
2745 1889 2844 1927 ten-
2867 1939 2869 1942 Ι

1651 1943 1759 1987 dens
1784 1943 2107 1987 tabernaculum
2129 1943 2241 1985 inter
2261 1941 2405 1985 Bethel
2423 1946 2466 1984 et
2487 1941 2582 1984 Hai.
2605 1964 2660 1972 —
2680 1940 2724 1984 2.
2744 1939 2862 1983 Tre-f

1652 1998 1886 2055 pidandum
1911 2010 2079 2055 semper
2106 2011 2157 2042 ex
2186 1998 2342 2041 iutuitu
2372 1997 2557 2052 propriae
2589 1993 2873 2051 iniqtiitatisff„

1653 2055 1914 2111 sperandum
1947 2055 1990 2098 in
2015 2054 2171 2098 divina:
2209 2054 2447 2098 clementiae
2476 2053 2766 2096 multitudine.
2789 2073 2873 2090 —<

1652 2111 1694 2154 3.
1720 2110 1877 2155 Noster
1908 2122 2164 2167 progressus
2201 2111 2246 2152 in
2285 2110 2542 2166 spiritunon
2565 2108 2746 2153 estsine
2767 2107 2851 2166 def

1654 2166 1785 2211 fectu.
1813 2190 1868 2198 -
1889 2167 1932 2210 4.
1965 2166 2169 2220 Quaenam
2199 2167 2287 2210 sint
2318 2167 2473 2209 damna
2491 2171 2532 2209 et
2555 2165 2743 2208 remedia
2772 2177 2848 2208 su·
2871 2216 2877 2224 r

1655 2225 1828 2279 perbiae.
1855 2223 1966 2266 —5.
1999 2222 2036 2265 Α
2058 2222 2168 2265 facie
2206 2222 2404 2271 llerodis,
2451 2227 2494 2264 et
2531 2221 2747 2269 Archelai,
2793 2232 2847 2264 ex
2872 2225 2877 2245 ’-

1656 2280 1845 2323 nominis
1868 2286 2024 2334 etymo,
2053 2279 2336 2335 praelusorum
2361 2278 2589 2334 superbire.
2640 2275 2846 2321 receden-
2875 2299 2877 2301 ·

1657 2337 1758 2379 dum
1785 2335 1828 2378 in
1852 2333 2085 2382 Galilaeani,
2112 2341 2155 2378 et
2177 2334 2455 2377 habitandum
2476 2333 2518 2376 iu
2541 2333 2768 2377 Nazareth.
2793 2355 2849 2365 --

1657 2392 1699 2435 6.
1726 2391 1940 2434 Abrabam
1981 2393 2024 2434 in
2050 2390 2235 2447 AEgypto
2268 2403 2353 2434 non
2400 2389 2528 2433 audet
2552 2389 2674 2432 Sarai
2706 2389 2850 2431 dicere
2879 2438 2881 2440 ³

1657 2459 1777 2491 suam
1804 2458 1999 2493 uxorem.
2022 2448 2122 2502 quia
2151 2459 2277 2489 omne
2300 2447 2447 2489 clatum
2488 2447 2716 2489 desursum
2763 2451 2846 2487 est.
2878 2497 2881 2501 ¹

1655 2528 1711 2535 --
1734 2503 1771 2545 7.
1800 2502 1921 2546 Vertit
1941 2509 2006 2546 est
2018 2502 2252 2558 prudentia?
2271 2516 2323 2546 ex
2337 2514 2515 2546 munere
2537 2501 2661 2544 fateri
2683 2500 2848 2549 divino,
2878 2528 2881 2542 2

1659 2559 1694 2602 si
1740 2559 1842 2614 quid
1872 2565 1938 2602 est
1957 2560 2128 2602 virtutis
2172 2559 2216 2600 in
2255 2558 2548 2601 animo.--8.
2584 2556 2769 2606 Pharao,
2805 2557 2849 2599 in
2879 2582 2881 2609 3

1658 2622 1756 2671 typo
1793 2614 2129 2660 cenodoxorum,
2164 2619 2209 2656 ut
2249 2613 2488 2670 flagellatur
2517 2625 2539 2655 a
2585 2612 2781 2662 Domino,
2809 2617 2852 2655 et
2878 2620 2885 2646 =1

1659 2671 1923 2726 humiliatur.
1951 2695 2008 2702 —-
2030 2671 2072 2713 9.
2102 2670 2282 2713 Ferrum
2306 2683 2328 2712 a
2348 2669 2574 2712 manubrio
2612 2669 2711 2711 siliis
2751 2679 2851 2722 pro-
2883 2675 2885 2696 ³

1659 2728 1884 2782 puetarum
1929 2726 2150 2776 dilabitur,
2192 2738 2290 2768 cum
2331 2725 2529 2767 elationis
2553 2732 2667 2769 motu
2693 2723 2851 2768 dunum
2882 2747 2885 2755 ι

1659 2784 1806 2840 gratim
1821 2782 2084 2847 deperditur.
2107 2806 2163 2813 *-
2187 2782 2256 2824 10.
2282 2781 2346 2823 Ad
2387 2781 2590 2837 parvulos
2622 2779 2852 2826 imitandos
2882 2794 2886 2822 τ

1659 2851 1909 2895 paraenesis.

1659 2912 1690 2956 1,
1718 2912 1882 2955 Videtis
1903 2912 2007 2967 jam,
2040 2917 2084 2952 ut
2106 2910 2306 2962 arbitror,
2332 2908 2502 2958 fratres,
2536 2920 2662 2965 quam
2684 2909 2756 2952 dat
2777 2907 2856 2951 bo-
2885 2933 2889 2955 ÷

1604 2998 1706 3029 num
1720 2985 1898 3040 augelus
1913 2983 2323 3037 consiliumloseph,
2338 2991 2382 3025 ut
2398 2982 2528 3038 fugiat
2543 2983 2585 3025 in
2602 2981 2852 3039 AEgyptum,
2888 3006 2889 3012 ι

1604 3060 1704 3114 quia
1743 3057 1934 3101 Herodes
1971 3059 2124 3113 quaerit
2165 3069 2342 3113 puerum
2371 3057 2422 3098 ad
2451 3055 2715 3111 perdendum
2755 3069 2853 3099 eum
2887 3074 2890 3098 t

1606 3128 1777 3185 (Manli.
1801 3141 1848 3178 ιι,
1875 3129 1961 3184 15).
1997 3129 2209 3181 Quiddam
2253 3140 2356 3172 vero
2392 3127 2444 3170 ad
2478 3129 2593 3170 hune
2635 3129 2856 3183 pertinens
2887 3131 2893 3190 J}

1607 3215 1780 3246 sensum
1806 3202 1989 3257 legimus
2010 3203 2051 3244 in
2075 3201 2230 3245 Genesi
2257 3218 2266 3244 2
2293 3201 2363 3244 ubi
2389 3201 2556 3245 habetis
2580 3202 2632 3244 de
2666 3202 2759 3244 viro
2783 3200 2856 3244 illo

1608 3275 1884 3318 sanctissimo
1905 3274 2062 3316 Abram
2085 3289 2094 3317 ;
2120 3274 2309 3317 nondum
2335 3286 2436 3317 vero
2450 3281 2541 3316 erat
2559 3274 2700 3317 dictus
2719 3273 2855 3316 Abra-

1608 3347 1723 3397 ham,
1742 3346 1914 3401 quando
1951 3345 2174 3389 descendit
2198 3346 2238 3388 in
2270 3345 2521 3401 AEgypturn,
2564 3347 2662 3402 quia
2693 3357 2850 3402 priera-

1608 3420 1745 3462 luerat
1762 3418 1951 3462 samesin
1974 3423 2088 3461 terra
2112 3417 2229 3474 (Gen.
2247 3430 2325 3467 xn,
2347 3417 2433 3471 10).
2459 3415 2531 3462 lile
2555 3418 2596 3461 in
2623 3417 2855 3474 AEgyptum

1607 3489 1831 3534 descendit
1853 3505 1863 3533 ε
1888 3489 2048 3546 Josepli
2074 3496 2215 3533 autem
2240 3490 2282 3533 in
2302 3489 2532 3546 AEgyptum
2559 3490 2688 3547 fugin
2713 3491 2783 3535 ille
2809 3495 2858 3534 ut

1609 3563 1808 3607 evaderet
1831 3562 1985 3607 samem
2007 3578 2016 3605 z
2038 3563 2106 3606 bic
2121 3567 2278 3616 autem,
2298 3561 2650 3607 lle1·odein.Ecee
2674 3562 2727 3607 de
2746 3574 2858 3620 mys·
2880 3574 2885 3586 ·

1609 3636 1729 3679 teriis
1752 3636 1804 3679 ad
1832 3635 2038 3692 mysteria
2075 3633 2330 3697 transimus,
2361 3634 2414 3678 de
2449 3635 2649 3679 sensibus
2680 3632 2734 3677 ad
2757 3645 2857 3679 sen-

1610 3719 1685 3751 sus
1709 3722 1719 3751 :
1746 3712 1876 3764 prout
1898 3707 2038 3761 placet
2056 3711 2098 3749 et
2116 3706 2372 3762 inquantum
2401 3706 2541 3762 placet
2565 3704 2762 3762 Spiritui,
2781 3705 2855 3762 qui

1610 3779 1812 3835 prtecedit
1847 3783 1889 3821 et
1926 3778 2113 3822 illustrat
2147 3789 2241 3820 nos.
2276 3776 2447 3819 Gratias
2480 3777 2557 3820 illi.
2600 3775 2684 3819 Sed
2727 3763 2889 3835 quidil'

1610 3851 1810 3907 Numquid
1836 3849 1887 3892 ad
1917 3849 2262 3905 investigandum
2293 3850 2418 3894 nobis
2442 3862 2527 3892 non
2552 3850 2634 3892 erit
2656 3861 2856 3894 necessa·

1610 3922 1740 3971 rium,
1771 3934 1868 3964 cum
1893 3921 1931 3963 ei
1962 3921 2013 3963 ad
2050 3920 2374 3976 proponendum
2402 3921 2444 3962 id
2468 3921 2592 3963 nobis
2616 3932 2701 3962 non
2728 3917 2856 3962 fuerit

1612 3993 1806 4050 pigrum?
1843 3991 2056 4042 Tetendit,
2097 3997 2144 4034 ut
2166 3991 2224 4034 ait
2251 3989 2492 4045 Scriptura,
2531 3984 2876 4033 tabernaculum'
2908 4041 2909 4051 γ

1612 4067 1666 4108 ab
1689 4065 1910 4109 occidente
1932 4065 2096 4108 babens
2119 4063 2283 4114 Retinet,
2305 4070 2347 4107 et
2375 4063 2427 4105 ab
2448 4064 2615 4107 oriente
2633 4061 2710 4104 Hai
2732 4059 2835 4117 (ibid
2909 4115 2912 4125 .

1612 4139 1670 4193 8).
1705 4137 1811 4190 Quis
1839 4143 1905 4181 est
1939 4137 2010 4180 hie
2040 4135 2216 4187 Abram,
2250 4137 2323 4190 qui
2356 4137 2663 4191 interpretatus
2698 4133 2855 4177 dieitur
2909 4136 2912 4142 ¹

1611 4212 1819 4262 excelsus,
1853 4210 1935 4253 nisi
1971 4210 2152 4253 devotus
2175 4217 2216 4252 et
2240 4209 2469 4264 religiosus
2514 4207 2707 4262 quilibet,
2727 4217 2852 4261 quem
2909 4267 2911 4272 ,

1611 4283 1708 4327 etin
1741 4281 1999 4338 proferendo
2035 4293 2088 4325 ex
2117 4292 2164 4324 sc
2202 4281 2413 4324 actionem
2459 4281 2631 4328 bonam,
2665 4278 2786 4333 quasi
2811 4278 2851 4318 in
2909 4279 2911 4287 ⁴

1615 4355 1856 4412 generando
1882 4355 2043 4410 prolem
2091 4358 2301 4405 sanrtam,
2338 4352 2480 4395 ferror
2512 4351 2610 4394 boui
2647 4347 2846 4392 desiderii
2913 4354 2915 4357 ’
