2924 4588
223 161 326 208 129¹
534 178 563 215 ς

222 337 268 373 ut
290 330 351 374 sis
378 333 497 384 pater
520 326 562 368 in
585 335 670 367 una
695 322 807 365 tribu
831 329 961 376 quam
978 319 1022 362 in
1043 315 1171 360 domo
1188 314 1318 358 unius
1336 313 1458 358 viri.»

221 404 273 446 Et
307 403 413 447 abiit
456 397 661 448 cumoeis,
702 395 847 439 serens
877 404 1025 437 secum
1063 389 1227 434 omnin.
1270 387 1466 442 Cumque

221 479 521 531 insequeretur
541 483 615 514 eos
647 468 811 511 iiiclias
847 478 946 509 cum
971 463 1088 508 omni
1124 461 1252 505 domo
1276 472 1373 511 sua,
1396 459 1466 502 vi·

221 551 327 592 dens
350 560 424 591 eos
450 544 670 594 fortiores,
696 548 738 585 et
762 540 978 584 minantes
997 537 1080 581 sibi
1098 540 1298 583 mortem,
1326 541 1468 578 rever·

223 635 298 666 sus
322 626 404 664 est.
428 618 494 663 illi
530 629 632 662 vero
657 627 754 659 cum
791 610 1066 663 mulieribus,
1108 615 1150 652 et
1182 606 1388 664 parvulis,
1424 609 1494 650 et‘

219 693 426 749 jumentis
458 696 501 734 et
531 690 732 732 universa
770 683 1038 742 supellectile
1074 693 1153 725 sua
1174 687 1387 724 venerunt
1413 677 1467 722 ad

222 767 425 824 populum
451 763 566 814 Lais,
586 770 628 806 et
648 763 957 817 percusserunt
974 768 1066 808 cos
1089 761 1132 799 et
1151 753 1330 798 urbem
1321 763 1469 796 meen-

222 839 395 882 derunt.
421 835 473 879 Et
496 837 747 879 struxerunt
781 830 865 876 sibi
894 827 1131 878 civitatem,
1157 838 1244 869 non
1268 823 1419 881 procui
1444 835 1468 866 a

222 911 402 961 Libano,
427 916 471 952 et
489 908 614 963 juxta
653 906 794 948 sontes
825 901 1044 952 lomariis,
1079 901 1197 943 circa
1233 897 1467 941 maximum

223 993 420 1037 campum
448 978 624 1022 Sidonis
658 978 701 1020 in
738 976 915 1032 regione
947 969 1126 1018 Roliob.>
1150 967 1203 1014 Et
1226 970 1470 1027 appellave-

222 1059 326 1098 runt
358 1066 450 1097 eam
477 1052 585 1104 Dan,
612 1062 707 1106 qure
733 1050 854 1105 prius
883 1048 986 1092 Lais
1009 1046 1246 1091 vocabatur
1273 1058 1284 1088 :
1309 1055 1469 1099 posue-

221 1133 322 1172 runt
348 1127 429 1171 sibi
453 1127 495 1169 in
521 1125 654 1168 Deum
689 1123 848 1166 idolum
878 1121 1028 1165 Mictiae
1052 1125 1142 1163 toto
1165 1127 1360 1174 tempore
1383 1128 1471 1173 quo

223 1199 305 1243 suit
331 1198 483 1241 domus
510 1196 586 1239 Dei
611 1197 652 1239 in
680 1194 787 1239 Silo.
815 1193 1046 1237 Jonatham
1067 1204 1172 1237 vero
1199 1191 1336 1235 filium
1359 1189 1473 1234 Ger-

224 1282 314 1312 sam
341 1269 393 1313 de
416 1280 572 1324 genere
603 1266 754 1324 Moysi,
778 1271 820 1308 et
861 1265 972 1309 lilios
998 1269 1093 1321 ejus
1114 1269 1361 1308 statuerunt
1397 1275 1469 1308 sa-

223 1342 420 1386 cerdotes
458 1340 503 1382 in
526 1340 640 1383 tribu
680 1339 790 1391 Dan,
817 1350 955 1394 usque
981 1338 1032 1382 ad
1069 1337 1181 1382 dlem
1206 1336 1472 1393 captivitatis

225 1426 328 1458 suae.
354 1413 549 1469 Cumque
587 1413 768 1467 replicet
802 1411 984 1455 hist-oria
1015 1427 1026 1455 2
1064 1425 1080 1452 ι
1110 1411 1156 1454 ln
1198 1411 1352 1455 diebus
1385 1411 1472 1454 illis

224 1500 312 1532 non
344 1492 439 1531 erat
481 1498 554 1530 rex
589 1486 631 1533 in
672 1484 821 1537 lsrael,
853 1502 868 1527 ι
901 1484 1071 1530 videtur
1109 1484 1358 1528 consentire
1395 1483 1472 1528 Jo-

224 1566 376 1617 scpno,
411 1559 484 1616 qui
525 1559 632 1603 dicit
668 1559 752 1603 hoc
789 1558 951 1603 sactum
977 1558 1091 1615 quod
1115 1559 1329 1615 sequitur,
1357 1558 1475 1602 circa

226 1639 421 1690 tempora
442 1631 593 1675 eadem
619 1631 872 1688 contigisse.

505 1705 607 1749 Car.
633 1703 764 1749 xxti.
795 1704 852 1747 De
878 1718 1006 1748 uxore
1024 1704 1193 1750 Lei-itm.

284 1780 380 1824 Fuit
404 1778 630 1824 vir-Levita
649 1778 848 1821 babitans
863 1778 906 1820 in
926 1779 1058 1822 latere
1077 1780 1236 1823 montis
1250 1778 1474 1834 Ephraim,

228 1852 391 1897 liabens
417 1862 596 1895 uxorem
627 1851 681 1894 de
705 1850 983 1902 Betlilelieni;
1017 1863 1114 1907 quae
1144 1851 1255 1895 irato
1276 1851 1372 1895 viro
1396 1863 1478 1895 suo

226 1923 353 1966 rediit
396 1923 443 1967 in
478 1922 653 1966 domum
691 1924 827 1978 patris
864 1923 934 1967 suiv
967 1923 1012 1967 in
1038 1921 1286 1967 Bethlehem
1314 1921 1474 1981 (Iudic.

227 1994 334 2052 xix).
365 1992 551 2038 Secutus
579 2001 645 2039 est
669 2006 764 2039 eam
786 1994 855 2038 vir
876 2009 983 2040 suus
1013 2008 1112 2039 cum
1142 2008 1278 2052 puero
1313 2008 1410 2049 suo,
1435 2002 1479 2042 et

227 2069 397 2113 duobus
414 2069 567 2121 asinis,
587 2068 892 2113 reconciliatus
912 2074 978 2114 est
996 2070 1136 2114 uxori.
1154 2069 1318 2123 Quarto
1335 2076 1479 2116 autem

226 2141 297 2185 die
320 2153 418 2184 cum
440 2139 610 2197 regredi
634 2141 780 2192 vellet,
807 2141 944 2185 tenuit
971 2155 1070 2186 eum
1096 2154 1238 2196 socer,
1265 2155 1410 2199 usque*
1434 2143 1479 2188 in

226 2215 480 2260 crastinum.
502 2212 663 2266 Quinto
686 2213 772 2266 die,
792 2221 964 2270 sumpto
990 2214 1087 2259 cibo
1103 2215 1220 2258 circa
1235 2215 1479 2268 meridiem,
1503 2232 1506 2235 ’

227 2299 433 2344 egressus
455 2293 523 2330 est
554 2285 719 2332 ducens
745 2299 892 2331 secum
919 2286 1029 2331 duos
1055 2288 1204 2332 asinos
1234 2294 1418 2335 onustos
1439 2291 1484 2333 et

228 2357 534 2403 Φθῐῑωῦῑῦῧῐῦ·
560 2355 633 2401 5¹0
655 2370 771 2401 0¹¹¹m
795 2357 1055 2414 quandfflissss
1079 2371 1187 2404 1¹¹0?
1209 2358 1385 2404 dmum*-
1412 2358 1479 2412 Et»
1503 2382 1537 2428 (2
1565 2370 1819 2415 interfuisse
1855 2367 2109 2413 certamine.
2141 2365 2194 2408 Et
2221 2368 2534 2422 percusserunt
2563 2373 2640 2408 eos
2665 2373 2690 2405 a
2718 2360 2814 2406 viro

229 2437 277 2477 ut
311 2432 486 2476 videtur
525 2432 636 2476 velle
674 2430 907 2488 Joseplius,
937 2431 1039 2475 luna
1061 2431 1212 2489 quinta
1242 2430 1480 2476 infaustum

230 2507 314 2551 iter
338 2505 535 2561 arripuit.
562 2504 759 2562 Cumque
795 2505 1032 2549 transirent
1061 2504 1187 2559 juxta
1219 2502 1370 2555 lelius,
1411 2504 1483 2549 die

229 2578 492 2631 declinante,
531 2578 668 2622 noluit
703 2578 867 2634 ingredi
895 2576 1100 2633 oppidum
1132 2577 1272 2633 gentis
1314 2577 1478 2621 alienae.

231 2650 284 2696 Et
307 2651 509 2696 transivit
546 2651 590 2696 in
621 2651 791 2705 Gabaa,
815 2663 910 2708 quae
933 2657 1000 2694 est
1022 2651 1066 2694 in
1098 2650 1213 2694 tribu
1237 2649 1480 2704 Beniamin,

231 2730 272 2768 et
298 2723 417 2766 nullo
439 2734 538 2766 cum
562 2723 799 2779 recipiente
822 2722 999 2769 sedebat
1038 2722 1082 2766 in
1106 2721 1265 2777 platea.
1299 2720 1352 2765 Et
1380 2732 1484 2766 ecce

233 2807 364 2841 senex
387 2793 563 2839 rediens
591 2794 644 2839 de
667 2806 787 2852 agro,
813 2794 886 2851 qui
911 2800 1004 2838 erat
1028 2794 1072 2838 in
1095 2799 1241 2837 monte
1258 2791 1482 2850 Ephraim,

231 2877 276 2915 et
309 2870 476 2914 advena
513 2868 738 2912 habitabat
761 2867 805 2911 in
836 2865 997 2912 Gabaa.
1031 2866 1114 2921 Qui
1139 2868 1381 2913 introduxit
1407 2882 1483 2915 eos

232 2943 279 2988 in
302 2944 477 2988 domum
498 2954 636 2987 suam.
663 2940 716 2984 Et
736 2942 1012 2986 coenantibus
1034 2943 1137 2994 illis,
1157 2944 1380 2999 venientes
1403 2945 1485 2990 viri

234 3012 425 3057 civitatis
449 3011 523 3055 lilii
546 3011 696 3063 Belial,
721 3011 925 3056 dixerunt
947 3012 1000 3055 ad
1026 3004 1442 3061 dominum‘domus
1470 3031 1482 3061 t

239 3097 255 3125 ι
282 3083 403 3127 Educ
422 3085 559 3127 virum
587 3082 660 3139 qui
689 3082 912 3140 ingressus
930 3091 996 3129 est
1024 3085 1076 3128 ad
1099 3091 1159 3136 te,
1185 3092 1232 3130 ut
1255 3087 1487 3133 abutamur

234 3167 303 3200 eo.
331 3170 347 3198 ι
370 3154 532 3199 Tamen
552 3154 767 3212 Joseplius
794 3155 899 3200 dicit
923 3170 1008 3214 non
1034 3159 1205 3203 venisse
1224 3171 1298 3203 eos
1322 3173 1398 3215 pro
1415 3174 1485 3215 eo,

235 3228 314 3275 scd
347 3233 395 3271 ut
424 3234 626 3284 raperent
653 3241 830 3275 uxorem
853 3229 966 3284 eJ‘us.
991 3229 1097 3274 Cum
1127 3239 1267 3275 autem
1302 3234 1487 3279 obtulis-

237 3301 390 3348 seteis
423 3315 554 3347 senex
588 3302 717 3346 liliam
754 3303 978 3358 virginem,
1008 3309 1048 3347 et
1087 3317 1266 3349 uxorem
1294 3307 1373 3350 viri
1408 3320 1487 3363 pro

236 3376 348 3427 viro,
373 3375 617 3421 eduxerunt
645 3389 826 3420 uxorem
868 3376 964 3420 viri.
989 3377 1083 3430 Qua
1114 3391 1210 3423 cum
1236 3385 1326 3422 tota
1363 3389 1487 3426 nocte

237 3447 362 3494 abusi
383 3453 546 3498 essent.
568 3448 829 3492 dimiserunt
846 3461 943 3492 cam
959 3462 1113 3494 mane·
1104 3464 1235 3507 ,·que
1251 3453 1419 3496 rediens
1433 3453 1486 3496 ad
1515 3454 1547 3497 D

237 3519 471 3575 hospitium
511 3521 748 3575 exspiravit
785 3526 886 3565 ante
918 3521 1112 3576 ianuam.
1159 3522 1208 3566 Et
1248 3523 1391 3569 tenens
1423 3526 1490 3569 vir

239 3592 333 3649 ejus
372 3591 557 3638 cadaver
591 3594 636 3636 in
674 3594 797 3638 asino
838 3593 1003 3638 rediit
991 3608 1036 3639 ιιι
1060 3595 1234 3639 domum
1270 3610 1412 3650 suun,
1444 3605 1488 3642 et

238 3668 475 3730 concidens
498 3682 593 3714 eam
618 3669 661 3712 in
684 3668 914 3714 duodecim
944 3677 1106 3726 partes,
1134 3672 1252 3716 misit
1273 3674 1317 3718 in
1336 3685 1487 3718 omnes

208 3796 211 3800 Ι
237 3742 448 3786 terminos
467 3742 614 3786 lsrael.
648 3741 698 3784 Et
723 3730 966 3787 clamabant
988 3744 1184 3804 singuli:
1215 3759 1230 3786 ι
1260 3745 1486 3802 Nunquam

239 3812 306 3858 sic
331 3813 490 3858 factum
515 3822 580 3859 est
600 3815 643 3859 in
667 3814 815 3867 lsrael,
837 3828 890 3860 ex
913 3829 998 3873 qno
1018 3819 1325 3864 ‚ascenderuntv
1342 3828 1489 3877 patres

238 3886 378 3930 nostri
401 3899 451 3931 cx
477 3886 680 3945 AEgypto.
712 3904 727 3930 ι
756 3888 807 3932 Ει
843 3890 1007 3949 egressi
1045 3901 1147 3935 sunt
1183 3904 1333 3938 omnes
1363 3894 1488 3950 quasi

242 3971 356 4026 unus
369 3959 432 4005 vir
450 3960 492 4006 in
511 3961 687 4007 hias-ilia
704 3962 1018 4022 quadringenta
1031 3965 1164 4010 millia
1181 3972 1487 4024 pugnatorum,

1224 146 1388 193 PETRI
1413 141 1772 190 COMES'rotus

222 261 374 306 maret,
394 251 686 298 ‹lixeruntei·
706 235 1107 293 ‹veninobis'cmm
1122 240 1462 298 Meliusesttibi,
1489 241 1589 287 Aet
1620 237 1862 282 dixerunt:
1893 249 1925 276 ι
1936 232 2032 278 Non
2073 195 2235 279 redibit
2273 196 2487 292 quispiam
2529 233 2574 282 in
2617 238 2807 285 domum

2679 139 2813 196 ¹232„

1547 326 1689 364 suam,
1729 310 1870 354 donec
1904 296 2168 353 ulciscamur
2210 307 2255 352 in
2295 306 2622 367 Gabaa(1udie.
2655 310 2747 369 xx).
2773 325 2790 355 ι

1543 388 1599 431 Et
1621 386 1844 442 elegerunt
1876 382 2017 427 virum
2042 391 2175 426 unum
2207 380 2260 424 de
2282 370 2467 432 decem,
2491 383 2564 437 qui
2589 388 2817 438 apporta-

1545 470 1612 508 ret
1625 461 1804 511 cibaria‚
1820 464 1864 501 et
1884 458 2101 501 miserunt
2112 455 2163 499 ad
2186 467 2357 500 omnem
2377 457 2538 499 tribum
2551 456 2796 512 Beniamin,

1546 536 1741 580 dicentes
1766 549 1777 576 ε
1813 547 1830 574 ι
1855 529 2031 574 Tradite
2054 527 2183 573 nobis
2205 527 2440 584 flagitiosos
2475 528 2529 572 de
2551 527 2716 581 Gabaa,
2749 533 2797 574 m

1546 610 1806 652 moriantur.
1837 621 1852 646 ι
1877 604 1959 657 Qui
1998 603 2247 655 noluerunt,
2290 602 2378 645 imo
2409 601 2622 646 dederunt
2659 601 2724 648 eis
2753 601 2812 651 in·

1547 679 1758 724 auxilium
1810 677 1988 733 triginta
2030 671 2405 731 quinquemillia
2458 675 2512 718 de
2554 673 2806 729 Beniamin,

1547 754 1684 798 Erant
1703 752 1817 796 enim
1846 752 1890 794 in
1915 748 2060 793 Gabaa
2086 747 2389 805 septuanginta
2412 747 2511 800 viri,
2538 747 2597 791 ita
2620 738 2806 797 sinistra,
2916 776 2917 781 ,

1549 834 1594 873 ut
1628 828 1779 873 dextra
1821 825 2093 887 praeliantem
2117 822 2183 867 sic
2214 822 2344 867 etiam
2380 821 2528 866 fundis
2549 812 2715 877 lapides
2746 809 2804 874 ad
2871 826 2873 874 ζ
2907 829 2924 872 ;’

1548 907 1714 946 certum
1738 899 1967 955 jacientes,
1994 902 2041 940 ut
2063 895 2268 952 capillum
2291 907 2465 950 quoque
2493 899 2673 951 possent
2702 906 2781 951 per

1548 980 1713 1018 cutere.
1734 971 1786 1015 Et
1803 971 2044 1015 ascendens
2067 968 2284 1013 exercitus
2309 966 2441 1012 israel
2468 968 2510 1011 in
2532 967 2624 1011 Silo
2641 979 2806 1012 consu-
2871 958 2873 968 ⁴

1548 1048 1630 1092 luit
1646 1046 1878 1090 Dominum
1903 1060 1914 1089 ε
1940 1057 1956 1085 ι
1983 1041 2092 1095 Quis
2107 1041 2313 1086 ascendet
2329 1035 2531 1096 princeps
2550 1038 2815 1087 certaminis,
2872 1028 2873 1031 ¹
2911 1071 2921 1084 ‚l

1549 1128 1700 1166 contra
1723 1116 1980 1174 Beniamin?
2000 1113 2298 1170 Etrespondit
2328 1111 2538 1156 Dominus
2565 1127 2575 1155 :
2601 1109 2754 1156 Judas.
2782 1099 2815 1152 ι’·
2872 1117 2873 1175 3
2915 1099 2917 1101 ’

1551 1193 1643 1239 Hoc
1679 1193 1788 1236 sorte
1819 1190 1994 1235 videtur
2029 1188 2173 1232 facere
2211 1197 2290 1244 pro
2320 1184 2509 1241 Ioseplio
2533 1183 2588 1227 de
2610 1190 2807 1235 tempore
2904 1175 2905 1178 ’

1552 1268 1684 1324 liuius
1717 1265 1872 1312 cladis.
1916 1262 1977 1307 Et·
2015 1259 2316 1310 ascendentes,
2356 1258 2457 1303 inde
2498 1257 2807 1314 expugnabant
2872 1266 2874 1318 ι
2909 1254 2921 1305 ,’

1555 1341 1718 1393 Gabaa,
1743 1345 1786 1384 et
1807 1339 1948 1396 prima
1966 1337 2036 1381 die
2059 1336 2224 1394 egressi
2247 1334 2321 1378 sitii
2341 1331 2566 1388 Beniamin
2584 1330 2639 1375 de
2653 1327 2807 1375 ›Gabaa
2872 1326 2874 1347 ²

1555 1417 1866 1472 percusserunt
1899 1411 1954 1457 de
1973 1410 2108 1458 lsrael
2130 1408 2284 1466 viginti
2308 1407 2396 1451 duo
2418 1406 2580 1460 miliia3
2607 1400 2807 1461 sequenti
2872 1410 2873 1420 ¹

1554 1501 1658 1535 vero
1694 1488 1799 1540 die,
1835 1485 2077 1532 octodecim
2111 1483 2272 1537 millia;
2311 1481 2439 1534 tertia
2473 1492 2575 1525 vero
2613 1479 2684 1523 die
2729 1488 2817 1542 per¹

1555 1562 1738 1608 insidias
1782 1557 2068 1605 circumventi
2107 1552 2382 1606 ceciderunt,
2425 1560 2470 1597 et
2522 1544 2810 1596 incenderunt

1555 1636 1706 1682 urbem
1726 1634 1803 1679 iiiii
1830 1632 1964 1678 Israel
1985 1632 2235 1676 occidentes
2255 1630 2392 1679 siros,
2414 1626 2620 1671 mulieres
2643 1629 2685 1668 et
2706 1632 2823 1680 par-1
2872 1622 2876 1649 l

1557 1711 1697 1763 vulos,
1733 1709 1924 1767 idipsum
1956 1707 2164 1751 iacientes
2188 1704 2287 1749 aliis
2315 1701 2566 1750 civitatibus
2589 1699 2631 1743 in
2651 1696 2811 1754 Benia-

1556 1783 1665 1830 min.
1694 1783 1756 1828 De
1778 1781 1897 1828 omni
1931 1793 2113 1826 numero
2146 1777 2371 1834 Beniamin
2409 1776 2489 1822 soli
2514 1766 2707 1820 sexcenti
2734 1779 2823 1816 reo*
2872 1776 2902 1834 'j

1556 1861 1844 1902 manserunt.
1869 1853 1952 1908 Qui
1985 1853 2194 1898 sederunt
2238 1852 2283 1894 in
2316 1848 2446 1893 Petra
2480 1847 2725 1897 Remmon,
2766 1848 2811 1889 et
2873 1839 2874 1881 ἐ

1558 1929 1819 1986 planxerunt
1841 1926 2017 1984 planctu
2050 1936 2217 1981 magnov
2234 1928 2423 1979 quatuor
2453 1918 2733 1965 mensibus”.

1554 2002 1811 2058 juraverunt
1834 1999 1910 2045 lilii
1924 1999 2064 2044 lsrael.
2078 1999 2123 2042 in
2146 1996 2340 2054 Maspha,
2357 1992 2474 2052 quod
2496 1992 2642 2037 nullus
2658 1986 2811 2038 eorum
2873 1997 2875 2004 ‘

1559 2073 1672 2119 filias
1697 2086 1800 2119 suas
1819 2072 1942 2117 daret
1960 2084 2119 2117 uxores
2145 2071 2245 2115 liliis
2262 2067 2488 2125 Beniamin
2510 2064 2686 2125 (Judi’cs
2699 2062 2809 2121 xxi),
2872 2075 2876 2123 j
2901 2064 2904 2067 ’

1559 2148 1752 2194 Tandem
1790 2148 2052 2211 poenitentes
2086 2146 2140 2191 de
2179 2144 2395 2191 deletione
2418 2142 2579 2187 tribus
2585 2139 2718 2185 unius
2740 2150 2812 2184 re·

1559 2222 1824 2286 quisieru'nt,
1848 2221 1947 2280 quis
1974 2220 2028 2265 de
2050 2219 2185 2264 lsrael
2213 2229 2300 2263 non
2325 2216 2580 2262 ascenderat
2607 2226 2713 2258 cum
2727 2210 2811 2264 eis,

1560 2308 1643 2343 nec
1656 2296 1896 2356 juraverat.
1921 2292 1974 2338 Et
1995 2293 2159 2338 inventi
2181 2299 2281 2337 sunt
2299 2290 2382 2342 tilii
2390 2286 2522 2334 «labes
2540 2284 2703 2332 Galaad
2720 2296 2812 2330 non
2874 2306 2878 2315 ·

1563 2454 1703 2499 nsque
1744 2441 1799 2485 ad
1820 2439 2063 2491 mulierem,
2088 2437 2195 2483 solis
2218 2434 2548 2494 quadringentis
2569 2433 2813 2490 virginibus

1561 2513 1817 2561 reservatis.
1837 2511 1888 2556 Et
1913 2511 2178 2556 advocantes>
2203 2515 2432 2554 sexcentos
2454 2508 2574 2553 viros
2595 2506 2651 2551 de
2684 2504 2813 2552 Petra

1563 2588 1775 2633 Remmon
1799 2584 2084 2630 reddiderunt
2106 2583 2172 2628 eis
2197 2587 2357 2627 sortem
2375 2579 2618 2636 Beniamin,
2640 2585 2685 2624 et
2706 2589 2816 2636 qua·

1565 2657 1820 2718 dringentas'
1840 2659 1946 2704 illas·
1957 2658 2150 2715 virgines
2177 2655 2389 2700 dederunt
2411 2654 2476 2698 eis
2497 2652 2542 2698 in
2564 2651 2738 2698 uxores.
2761 2649 2815 2695 Et

2757 1908 2874 1985 Et

1565 2734 1674 2778 inito
1696 2733 1881 2778 consilio
1895 2731 1963 2776 'de'
1979 2729 2136 2775 dandis
2159 2720 2370 2772 uxoribus
2392 2724 2610 2774 ducentis.
2643 2725 2718 2782 qui
2741 2735 2814 2768 re·
2844 2746 2845 2749 =
2901 2719 2920 2758 -’

1565 2811 1835 2858 manserant,
1869 2805 2074 2851 dixerunt
2089 2803 2179 2847 eis:
2202 2816 2218 2843 ι
2239 2799 2351 2845 Ecce
2372 2798 2628 2844 solemnitas
2644 2795 2814 2841 Domini

1565 2887 1631 2925 est
1654 2881 1698 2925 in
1713 2879 1828 2932 Silo,
1857 2883 1902 2924 et
1932 2876 2169 2923 ascendent
2193 2873 2292 2918 tiliae
2320 2871 2455 2918 lsrael
2477 2869 2686 2916 ducentes
2706 2870 2812 2915 cho-

1563 2966 1655 3007 ros,
1696 2959 1739 2999 et·
1770 2966 1849 2998 vos
1872 2953 2070 2997 latentes
2098 2950 2141 2993 in
2176 2948 2317 2994 vineis
2340 2947 2471 2996 exite,
2497 2953 2539 2990 et
2563 2943 2702 3002 rapite
2723 2945 2814 2991 sin·

1566 3030 1654 3087 guli
1680 3028 1876 3084 singulas
1897 3037 2073 3070 uxores.
2105 3039 2119 3066 ι
2147 3023 2199 3069 Et
2221 3023 2383 3067 factum
2412 3026 2478 3066 est
2509 3020 2584 3065 ita.
2612 3018 2665 3062 Et
2687 3018 2816 3063 resti-

1571 3109 1663 3147 tuta
1688 3107 1755 3146 est
1779 3100 1920 3145 tribus
1942 3098 2185 3154 Bcnjamin.
2218 3110 2233 3136 ι
2259 3093 2304 3138 ln
2327 3093 2480 3138 diebus
2502 3093 2587 3138 illis
2606 3103 2692 3137 non
2723 3096 2817 3136 erat
2842 3152 2850 3158 ἡ

1572 3190 1646 3220 rex
1686 3175 1731 3218 in
1769 3173 1918 3224 lsrael,
1947 3172 2022 3217 sed
2051 3171 2352 3227 unusquisque
2383 3167 2500 3224 quod
2538 3167 2620 3213 sibi
2650 3174 2814 3212 rectum
2843 3183 2849 3196 ·-

1569 3249 1797 3293 videbatur
1833 3247 2035 3293 faciebat.
2064 3262 2078 3287 ι
2106 3241 2265 3288 Eadem
2295 3250 2374 3288 est
2387 3243 2599 3295 clausula,
2633 3252 2729 3300 qum
2750 3246 2842 3287 est:

1569 3336 1716 3380 supra
1742 3322 1841 3366 ideo
1865 3322 1976 3369 sorte
2001 3322 2196 3373 ridetur,
2223 3331 2298 3376 qu·
2300 3319 2339 3363 d
2368 3318 2484 3397 cinca
2509 3318 2621 3362 idem
2645 3323 2818 3409 tempus
2851 3350 2857 3358 .,
2896 3315 2910 3356 ἰ

1571 3401 1803 3448 utrumque
1829 3393 1989 3437 sactum
2014 3392 2160 3437 suerit.

1627 3466 1888 3511 ‘Additioi.
1914 3465 2132 3510 Decimam
2175 3471 2341 3521 partem
2374 3463 2567 3507 virorum
2606 3461 2813 3519 intellige.
2903 3472 2905 3474 ·

1571 3539 1734 3583 Sensus
1754 3546 1837 3584 est.
1861 3538 2080 3584 Decimam
2104 3546 2269 3595 partem
2292 3538 2484 3582 virorum
2506 3536 2743 3594 elegerunt,
2761 3533 2816 3580 'ad
2844 3502 2858 3616 Ξ
2903 3547 2913 3570 ῖ

1567 3613 1835 3671 apportanda
1857 3612 2856 3656 cibaria.

1627 3686 1834 3729 ·Αι1άὶιι”ο
1853 3684 1897 3731 2.
1926 3684 2053 3730 Petra
2076 3685 2171 3729 haec
2189 3684 2360 3729 excelsa
2377 3682 2479 3733 fuit.
2510 3681 2644 3726 Rama
2666 3686 2811 3726 antem

1567 3758 1776 3802 excelsum
1802 3765 1945 3802 sonat.
1974 3756 2097 3806 Unde
2119 3758 2173 3803 de
2200 3758 2376 3814 planctu
2402 3757 2583 3801 istorum
2607 3753 2815 3813 plangen-
2843 3782 2856 3814 ,
2902 3796 2905 3798 .

1568 3834 1678 3875 tium
1721 3832 1831 3877 lilios
1870 3844 1975 3877 suos
2013 3832 2174 3876 dicitur
2209 3831 2255 3878 in
2294 3829 2563 3891 Evaiiaelio':
2601 3844 2616 3873 t
2642 3827 2735 3875 Vox
2765 3826 2818 3875 in

1568 3906 1725 3959 Rama,
1757 3920 1772 3948 ι
1804 3911 1889 3950 etc.
1919 3905 2090 3963 (Manli.
2119 3904 2191 3959 ιι.)
2744 3896 2748 3901 ’
