2924 4588
246 146 267 189 i
274 146 356 191 395

1249 139 1411 184 PETRI
1440 138 1793 185 cettESTottts

2682 125 2807 190 {aaa

246 238 331 313 (IV
348 238 443 293 Ray.
469 236 579 291 viu).
605 234 684 287 Qui
706 233 757 277 ad
781 232 1007 277 consilium
1031 231 1178 275 uxoris
1205 231 1303 280 fecit
1325 231 1482 276 malum
1509 234 1540 277 Α
1567 231 1636 273 hel
1653 231 1746 280 aitg
1776 246 1790 272 ι
1816 229 1950 276 Video
1969 231 2142 287 globum
2164 231 2461 282 venientem.»
2487 233 2539 278 Et
2558 236 2806 294 suspicatus

245 325 387 354 eoram
415 297 608 357 lloiuinb,
633 313 806 350 secutus
829 306 932 348 deos
952 306 1004 346 ali
1009 317 1128 347 enos.
1156 303 1316 347 'sannen
1345 303 1514 345 Domi-

245 397 326 427 uus
356 395 438 425 non
472 378 724 436 disperdidit
754 377 907 421 ladam
943 384 1117 432 prepter
1147 375 1276 422 David
1314 387 1483 418 servum

244 468 382 498 sutim.
418 454 537 495 Tunc
562 453 737 495 recessit
760 451 891 494 Edem
920 455 973 493 n‘e
990 458 1104 492 esset
1128 449 1208 493 sub
1230 448 1357 495 Juda.
1375 447 1480 491 Nam

242 534 283 570 ct
307 539 446 583 regem
468 522 887 568 suquributziritun
915 522 1167 578 occiderunt
1192 521 1382 570 ldumaei,
1403 533 1482 563 uo-

245 613 341 643 rum
365 604 577 647 creantes,
620 597 692 652 qui
721 609 804 639 non
839 601 1058 638 teneretur
1083 595 1242 641 tributa
1285 593 1479 641 reddere.

240 671 432 724 (tumque
455 668 598 711 Joram
624 678 696 710 sex
720 665 874 711 fratres
899 678 1002 710 suos
1019 665 1264 718 occidisset,
1289 665 1481 721 compel-

239 745 427 797 leretque
435 740 759 798 Jerosolymitas
767 740 894 784 etiam
904 740 1194 792 idololatrare,
1207 740 1305 783 tulit
1317 739 1369 788 ad
1379 751 1478 783 eum

238 815 353 859 Elias
375 815 546 871 quidam
571 815 778 870 propbeta
794 814 1020 869 epistolam
1044 814 1353 862 correctoriam
1379 827 1478 857 cum

236 889 567 934 comminatione
591 901 739 944 poenae.
768 886 943 944 impleta
975 894 1042 933 est
1066 893 1206 932 autem
1237 887 1478 932 comt-tina*

236 962 297 1004 tio
327 962 371 1004 in
402 962 515 1005 hunc
539 963 712 1013 modum
738 977 748 1005 :
776 962 940 1006 Arabes
975 962 1190 1006 irruentes
1229 961 1272 1003 in
1303 958 1475 1012 Judam,

235 1040 516 1078 vastaverunt
535 1033 802 1091 provinciam
818 1065 830 1084 ‚
854 1040 899 1078 et
925 1034 1077 1077 domes
1101 1033 1269 1089 regias,
1302 1036 1345 1076 et
1370 1044 1480 1076 uxo-

235 1118 325 1149 rem
350 1107 462 1162 regis
485 1106 774 1157 abduxerunt,
800 1106 996 1161 filiosque
1020 1104 1291 1155 occiderunt,
1323 1110 1478 1160 praeter

234 1178 488 1224 ochoziam:
514 1186 554 1223 et
583 1181 674 1235 ipse
695 1179 866 1223 tandem
897 1178 1145 1229 chronicam
1176 1177 1326 1227 incidit
1348 1177 1476 1234 aegri·

232 1251 444 1300 tudinem,
469 1251 637 1297 interna
659 1251 935 1308 corruptione
957 1250 1123 1294 viscera
1155 1249 1393 1298 effundens.
1428 1254 1476 1292 ut

1564 301 1727 353 joram,
1756 304 1823 346 vel
1853 307 2022 368 captam
2047 312 2145 351 esse
2169 305 2335 355 urbem,
2368 306 2434 351 vel
2456 319 2606 363 pacem
2631 308 2806 363 saetam,

1563 376 1682 418 misit
1701 376 1898 421 nuntium
1921 377 1966 426 in
1994 389 2223 427 occursum
2247 391 2414 427 eorum.
2434 379 2517 433 Qui
2542 382 2635 426 ait.
2667 397 2681 423 ‹
2707 381 2807 431 ssaee

1563 449 1667 491 dicit
1707 462 1780 492 rex
1805 465 1814 491 ε
1837 449 1993 499 Pacata
2021 460 2122 494 sunt
2154 451 2329 495 omnia?
2350 452 2402 495 Et
2438 453 2500 498 ait
2533 452 2638 498 Iebu
2662 455 2807 509 :Quid

1563 517 1639 561 tibi
1665 524 1706 560 et
1742 519 1854 576 paci,
1885 534 1901 559 t
1930 518 2062 572 Quasi
2090 521 2252 565 diceret
2277 536 2287 564 :
2308 521 2419 580 Quid
2450 523 2505 572 ad
2532 530 2590 579 te,
2625 538 2806 583 sequere

1563 601 1646 636 nie.
1673 588 1749 639 Vel
1775 589 1883 634 ἴοι-ιε
1914 590 2015 641 huic
2042 591 2150 637 Jeliu
2172 594 2296 649 quasi
2327 595 2408 650 ipsi
2443 596 2532 653 regi
2563 600 2803 654 respoudit,

1561 660 1684 717 quasi
1708 663 1868 707 diceret
1895 679 1906 708 z
1932 664 2043 717 Quid
2063 667 2222 722 qiiaeris
2243 667 2297 712 de
2319 680 2438 725 pace,
2463 670 2536 726 qui
2559 677 2735 722 terram.
2762 679 2807 722 et

1560 747 1707 792 pacem
1729 736 1896 786 turbas.⁴
1915 736 1964 780 Et
1988 738 2169 787 adbaesit
2190 743 2369 791 nuntius
2388 743 2445 788 ei.
2462 742 2577 791 Misit
2600 752 2644 789 et
2657 743 2805 790 «loram

1561 809 1796 854 secuudum
1831 811 2030 854 nuntium
2047 843 2059 863 ,
2084 814 2157 869 qui
2183 815 2385 864 similiter
2407 828 2491 860 nen
2513 825 2580 863 est
2602 830 2807 864 reversus

1559 884 1612 926 ad
1647 895 1763 932 eum.
1801 883 1852 926 Et
1894 884 2135 933 ascendens
2172 886 2318 931 Joram
2353 901 2428 937 rex
2468 889 2615 942 lsrael,
2647 898 2690 936 et
2728 904 2803 942 rex

1557 955 1578 1000 J
1586 958 1667 1006 uda
1683 971 1781 1002 cum
1803 972 1870 1008 eo,
1889 961 2050 1017 egressi
2077 968 2179 1007 sunt
2202 962 2246 1006 in
2267 973 2496 1013 occursum
2518 963 2645 1016 Jehu,
2665 976 2804 1024 usque

1558 1032 1602 1076 in
1623 1044 1777 1090 *agrum
1808 1033 1974 1080 Nabotb
1997 1033 2282 1080 Jezrahelitae.
2306 1036 2358 1079 Et
2383 1037 2442 1080 ait
2469 1036 2616 1083 loram
2643 1053 2654 1081 :
2683 1053 2698 1078 ‹
2728 1037 2803 1086 Est

1557 1118 1612 1150 ne
1634 1118 1735 1162 pax,
1760 1104 1903 1150 Jebu?
1924 1108 2006 1157 Qui
2034 1109 2256 1163 respondit
2282 1125 2293 1155 :
2321 1108 2423 1162 Quae
2440 1114 2552 1166 pax?
2573 1111 2714 1156 adbuc
2738 1113 2805 1156 ri·

1556 1184 1656 1238 gent
1681 1176 1989 1228 fornicationes
2014 1181 2168 1226 matris
2189 1185 2287 1228 tntae.
2323 1197 2337 1224 ι
2365 1181 2497 1239 Quasi
2520 1183 2636 1227 dicat
2662 1199 2674 1229 :
2697 1183 2804 1237 Quze
2872 1219 2874 1222 .

1559 1266 1640 1309 pax
1679 1259 1821 1311 potest
1852 1267 1948 1299 esse
1968 1255 2078 1299 inter
2109 1269 2207 1311 nos,
2233 1270 2330 1302 eum
2353 1258 2514 1313 jugiter
2535 1259 2804 1306 offendamus

231 1322 424 1379 quotidie
443 1322 626 1383 quasise
648 1328 896 1378 pereuntem
915 1322 1092 1376 viderem
1107 1327 1149 1364 et
1171 1327 1370 1364 mortuus
1391 1325 1473 1372 est,
1501 1319 1534 1362 Β
1558 1324 1689 1369 Deum
1710 1339 1786 1383 per
1803 1326 2091 1371 idololatriam
2111 1329 2261 1374 matris
2279 1335 2378 1373 tuae.
2394 1329 2446 1373 Et
2465 1330 2632 1386 fugiens
2654 1330 2802 1378 loram

229 1399 274 1438 et
294 1394 488 1452 sepultus
510 1399 574 1438 est
599 1395 642 1436 in
663 1395 837 1443 civitate
865 1393 1012 1443 David.
1042 1392 1136 1437 Non
1157 1399 1316 1453 tamen,
1342 1399 1386 1435 ut
1416 1392 1476 1440 ait

228 1465 460 1526 losepbus,
493 1468 535 1510 in
567 1467 767 1523 sepulcro
790 1474 960 1522 patrum
986 1477 1188 1516 suorum,
1220 1465 1295 1511 sed
1331 1465 1477 1520 priva-

229 1546 320 1582 tum
345 1540 574 1590 tumulum,
602 1540 694 1582 siue
713 1539 927 1596 regalibus
948 1539 1182 1594 exsequisss,
1202 1538 1474 1585 tradiderunt

228 1610 268 1655 ei
309 1609 362 1653 Et
385 1613 578 1667 regnavit
598 1610 824 1661 Ochozias,
850 1612 915 1655 vel
944 1611 1123 1655 Azarias
1146 1610 1258 1656 [ilius
1282 1611 1375 1667 ejus
1397 1624 1475 1666 pro

228 1695 296 1730 co.
318 1683 441 1730 Hunc
468 1697 626 1740 regem,
651 1692 692 1728 ct
716 1685 923 1739 reliquos,
953 1697 1089 1741 usque
1103 1685 1156 1727 ad
1181 1684 1345 1737 Oziam,
1366 1698 1476 1740 prae·

227 1758 425 1800 tet-mittit
445 1758 668 1805 Matthaeus
682 1757 853 1816 (Manli.
875 1760 924 1814 i).
947 1758 1158 1815 Regnavit
1182 1766 1322 1803 autem
1336 1771 1474 1804 annos

227 1831 456 1879 duodecim
507 1830 654 1879 Joram
713 1832 789 1882 mii
854 1833 1016 1878 Achab.
1040 1890 1050 1891 ἶ
1067 1831 1229 1890 Viginti
1287 1834 1472 1877 duorum

227 1916 437 1951 annorum
477 1911 569 1948 erat
597 1904 806 1954 chozias
830 1917 927 1954 cum
963 1917 1146 1962 regnare
1168 1906 1387 1962 coepisset‚
1431 1914 1474 1952 et

227 1991 313 2025 uno
343 1991 456 2022 anno
481 1980 676 2035 regnavit
706 1980 749 2026 in
780 1978 1046 2029 Jerusalem,
1080 1986 1123 2028 et
1155 1982 1389 2029 ambulavit
1427 1983 1470 2026 in

224 2052 308 2099 viis
331 2052 476 2098 Achab
490 2052 557 2095 avi
578 2053 662 2097 sui.
680 2051 882 2110 Abiitque
907 2065 1005 2097 cum
1021 2052 1186 2106 Joram,
1204 2053 1292 2098 filio
1306 2055 1469 2106 Achab,

225 2126 455 2178 avuncule,
484 2139 564 2170 suo
589 2127 639 2169 ad
667 2126 948 2182 praeliandum
964 2134 1118 2171 contra
1149 2127 1304 2173 Hazael
1328 2142 1470 2186 regem

226 2199 360 2256 Syria-e
385 2199 427 2244 in
449 2199 632 2244 Ramoth
666 2198 843 2250 Galaad‚
865 2206 908 2242 et
940 2202 1192 2246 vulneratus
1219 2208 1285 2247 est
1306 2203 1468 2255 Joram,

222 2273 434 2320 etrelicto
467 2275 658 2321 exercitu
681 2275 726 2317 in
756 2274 982 2318 obsidione
1016 2277 1098 2320 sub
1128 2270 1235 2326 jehu
1258 2279 1469 2336 principe,

1556 1398 1615 1442 ait
1637 1399 1690 1443 ad
1707 1404 1903 1456 nepotem
1929 1413 2055 1445 suum
2073 1416 2084 1445 z
2103 1416 2117 1442 ι
2134 1399 2304 1448 Insidiae
2321 1408 2423 1448 sunt
2444 1404 2532 1454 bie,
2552 1403 2798 1455 Ochoziafit
2874 1430 2875 1435 =

1556 1468 1677 1518 Tune
1691 1472 1903 1528 percussit
1918 1471 2026 1516 Jebu
2041 1472 2187 1521 Joram
2205 1473 2318 1520 inter
2334 1476 2551 1532 scapulas,
2571 1484 2612 1521 et
2629 1489 2802 1533 egressa
2824 1513 2828 1516 .
2870 1526 2885 1542 >

1554 1548 1618 1591 cst
1642 1547 1798 1602 sagitta
1821 1559 1900 1603 per
1922 1559 1996 1591 cor
2025 1548 2138 1603 ejus,
2163 1545 2208 1591 et*
2235 1549 2399 1592 corruit
2431 1555 2644 1595 tiiertuus.
2668 1550 2720 1595 Et
2743 1551 2804 1596 ait

1553 1616 1661 1666 Jeliu
1686 1617 1739 1663 ad
1769 1617 1922 1663 ducem
1946 1619 2084 1667 tertiae
2109 1619 2245 1677 partis
2268 1619 2454 1664 militum
2475 1635 2486 1665 ι
2509 1619 2680 1677 Projice
2701 1634 2800 1666 eum
2832 1675 2834 1677 ,

1554 1691 1599 1735 in
1623 1703 1774 1747 agrum
1794 1690 1978 1736 Nabotb.
2000 1691 2212 1739 Memento
2243 1693 2447 1749 quoniam
2473 1706 2567 1751 ego,
2592 1700 2636 1742 et
2658 1701 2702 1739 tu
2733 1708 2802 1742 sc*
2879 1727 2882 1734 -

1553 1764 1791 1820 quebamur
1813 1762 1960 1809 Achab
1985 1771 2149 1822 patrem
2186 1766 2340 1822 liuius,
2365 1769 2539 1824 quando
2564 1769 2804 1814 commina-

1555 1846 1626 1884 tus
1665 1844 1732 1884 est
1769 1838 1810 1886 ei
1847 1838 2059 1885 Dominus
2086 1852 2164 1895 per
2189 1839 2342 1893 Eliam,
2373 1842 2489 1898 quod
2525 1843 2726 1888 redderet
2755 1844 2801 1893 in
2833 1849 2847 1855 ”
2874 1833 2880 1836 ’

1553 1923 1658 1967 agro
1674 1910 1840 1954 Nabeth
1866 1923 1945 1973 pro
1969 1912 2179 1968 sanguine
2208 1911 2393 1964 Naboth.
2418 1919 2461 1959 et
2483 1928 2562 1972 pre
2590 1918 2801 1974 sanguine
2873 1933 2876 1940 ·

1552 1982 1738 2026 {iliorum
1755 1983 1866 2040 ejus.
1891 1998 1907 2026 t
1933 1979 2095 2040 Tamen
2125 1997 2258 2042 supra
2280 1986 2333 2031 de
2362 1985 2462 2031 tiliis
2481 1987 2648 2034 Naboth
2683 1990 2800 2035 nulla
2866 1990 2884 2001 *

1554 2057 1666 2102 ructa
1688 2067 1754 2102 est
1780 2058 1956 2110 mentio,
1981 2054 2053 2102 sed
2076 2062 2191 2114 quod
2214 2058 2272 2106 ibi
2293 2060 2472 2103 tacitum
2497 2068 2578 2114 est,
2603 2062 2674 2106 hic
2697 2075 2801 2120 sus·
2873 2113 2891 2137 ²

1552 2133 1708 2188 pietur.
1748 2130 1878 2175 Forte
1915 2143 2046 2176 canes
2096 2131 2315 2175 linxerunt
2357 2131 2610 2189 sanguinem
2653 2133 2799 2183 loram

1548 2206 1671 2262 Juxta
1700 2204 1891 2248 'verbum
1935 2194 2052 2248 Elias.
2099 2202 2337 2249 Linxerunt
2381 2205 2497 2249 enim
2547 2207 2799 2263 sanguinem

1550 2276 1699 2323 Achab
1731 2290 1830 2322 cum
1866 2277 2086 2320 linxerunt
2124 2279 2378 2334 sanguinem
2405 2277 2478 2321 mii
2505 2278 2599 2334 ejus
2625 2292 2636 2323 :
2658 2278 2802 2326 Ocho-

223 2346 502 2395 descenditin
522 2347 732 2400 Jezrahet,
751 2354 799 2393 ut
820 2356 1060 2403 curaretur,
1076 2356 1117 2395 et
1136 2350 1468 2397 deseenditcum
1493 2385 1525 2430 C
1552 2352 1661 2397 ziam
1686 2364 1788 2397 vero
1815 2350 2051 2409 fugientem
2081 2351 2304 2395 insecutus
2331 2357 2399 2396 est
2431 2351 2558 2404 Jehu,
2585 2360 2628 2396 ct
2652 2353 2802 2398 vulne-
2856 2388 2870 2394 t

221 2430 275 2462 eo
299 2417 497 2466 Azarias.

277 2508 380 2556 Car.
410 2510 520 2555 XIV.
551 2512 612 2555 De
634 2512 740 2556 Jelau
764 2527 854 2612 ιέῗε
880 2513 921 2558 1
927 2513 1016 2558 rac!
1040 2515 1213 2560 inuncto
1237 2522 1415 2572 tempore

826 2572 930 2614 isati.

279 2638 460 2686 Elisaeus
484 2647 626 2684 autem
654 2643 771 2686 misit
795 2654 928 2687 unum
966 2643 1019 2688 de
1047 2643 1144 2688 filiis
1161 2645 1468 2702 prophetarum

221 2727 318 2760 cum
341 2714 542 2759 lenticula
563 2715 660 2767 olei,
681 2716 733 2759 ad
752 2718 992 2762 exercitum
1018 2718 1059 2761 in
1079 2718 1262 2762 namnum
1289 2717 1466 2770 Galaad,

222 2796 268 2834 ut
296 2789 353 2834 ibi
376 2787 483 2832 Jehu
512 2796 736 2833 evocatum
762 2791 806 2836 in
830 2798 996 2847 partem
1017 2824 1028 2844 ,
1054 2799 1232 2848 ungeret
1255 2793 1298 2838 in
1325 2805 1468 2848 regem

222 2876 350 2919 super
384 2863 516 2907 lsrael
546 2864 586 2922 (Ι
615 2864 711 2923 Req.
737 2865 815 2923 ix).
843 2866 923 2919 Qui
948 2879 1047 2910 cum
1087 2854 1323 2912 invenisset
1358 2867 1467 2912 'eliu

220 2936 441 2983 sedentem
475 2950 573 2979 cum
605 2937 872 2993 principibus
897 2940 955 2985 ait
986 2954 995 2981 ε
1027 2956 1041 2979 α
1071 2938 1258 2986 Verbum
1284 2941 1388 2984 mihi
1414 2941 1468 2985 ad

220 3016 264 3053 te
299 3016 383 3062 est,
423 3022 448 3054 o
486 3012 731 3067 princeps.»
762 3011 814 3058 Et
838 3013 897 3055 ait
919 3012 1045 3056 Jehu:
1083 3013 1148 3057 Ad
1190 3015 1350 3070 quem?
1384 3015 1467 3068 Qui

221 3084 444 3139 respondit
472 3084 569 3128 :Ad
594 3091 650 3135 te,
679 3099 705 3128 ο
734 3086 950 3142 princeps.
984 3103 997 3128 i
1026 3085 1154 3131 Forte
1185 3100 1272 3132 non
1312 3101 1468 3145 cogno-

220 3167 347 3199 scens
370 3154 496 3207 Jeliu,
522 3156 604 3201 hoe
626 3158 751 3212 quasi
777 3159 1031 3222 praesagium
1055 3159 1098 3202 in
1120 3165 1264 3204 mente
1288 3173 1366 3204 sua
1388 3173 1467 3216 po-

220 3237 383 3280 suerat,
408 3230 548 3286 ipsum
573 3243 670 3274 esse
697 3230 823 3284 Jehu,
849 3232 922 3287 qui
956 3234 1123 3287 primus
1152 3234 1463 3289 respondisset.

217 3297 413 3358 Cumque
435 3302 676 3346 induxisset
701 3316 798 3347 eum
825 3303 868 3348 in
900 3305 1166 3357 cubiculum,
1193 3306 1300 3352 fudit
1322 3308 1463 3350 oleum

218 3388 350 3433 super
385 3382 515 3432 caput
551 3378 661 3431 ejus,
703 3384 744 3421 et
778 3378 870 3421 ait:
897 3393 912 3418 ι
942 3377 1039 3422 Haec
1070 3379 1176 3424 dicit
1207 3381 1414 3425 Dominus
1450 3396 1460 3425 ε

217 3446 330 3497 Unxi
351 3453 392 3496 te
421 3447 466 3495 in
498 3462 638 3505 regem
664 3462 795 3505 super
815 3449 959 3501 lsrael,
985 3456 1034 3494 et·
1057 3451 1272 3506 percuties
1293 3463 1462 3499 onmem
1489 3456 1524 3498 D
1548 3447 1818 3493 maledictam
1860 3448 1976 3495 illam
1997 3479 2008 3500 ,
2044 3449 2144 3509 quia
2193 3450 2275 3498 iilia
2321 3451 2434 3507 regis
2468 3459 2550 3501 est.
2597 3452 2794 3509 Cumque
2876 3471 2877 3474 ¹

216 3520 391 3565 domum
415 3519 563 3565 Achab
587 3521 630 3564 in
659 3521 822 3565 ultione
844 3523 1068 3576 sanguinis
1097 3534 1320 3569 servorum
1345 3536 1464 3568 meo-

215 3606 311 3636 rum
331 3593 385 3638 de
407 3606 535 3640 manu
558 3593 745 3638 Jezabel.
777 3610 792 3636 t
819 3594 916 3649 Quo
935 3595 1047 3639 facto
1065 3597 1274 3641 citissime
1298 3597 1465 3654 aufugit

215 3667 444 3723 propbeta.
469 3666 666 3722 Cumque
688 3680 915 3723 regressus
948 3673 1063 3712 esset
1095 3667 1205 3729 Jebu
1234 3668 1287 3713 ad
1314 3682 1464 3715 servos

215 3740 377 3784 domini
405 3741 489 3791 sui,
515 3740 717 3785 dixerunt
743 3757 752 3784 ;
779 3757 791 3781 t
823 3741 934 3795 Quid
965 3743 1079 3786 venit
1103 3742 1283 3787 insanus
1306 3742 1387 3788 iste
1409 3743 1463 3791 ad

214 3814 288 3860 te?
310 3828 325 3853 ι
355 3812 487 3865 Quasi
514 3813 691 3858 insanos
714 3815 826 3860 enim
859 3815 1115 3872 reputabant
1140 3814 1252 3859 (ilios
1278 3815 1465 3872 prophe-

214 3891 376 3936 tarum,
401 3886 470 3932 vel
493 3886 594 3941 quia
621 3886 785 3941 fugerat
809 3887 1018 3931 citissime
1037 3889 1162 3946 quasi
1193 3891 1389 3934 insanus.
1410 3889 1463 3935 Et

214 3957 276 4001 ait
302 3956 410 4005 Jehu
443 3973 453 4002 z
492 3974 507 4000 ι
537 3957 669 4003 Recte
704 3959 943 4014 ,iudicastis⁴
985 3961 1092 4004 Nam
1128 3961 1258 4006 verba
1300 3974 1462 4010 vesana

212 4029 384 4076 locutus
400 4038 482 4084 est,
508 4031 659 4076 dicens
683 4032 810 4076 :Haec
831 4034 935 4078 dicit
960 4033 1195 4079 Dominus:
1218 4035 1328 4081 Unxi
1354 4043 1394 4080 te
1418 4037 1462 4080 in

212 4116 356 4162 regem
394 4117 526 4162 super
558 4104 705 4152 lsrael.
752 4104 1085 4152 Festinaverunt
1122 4108 1268 4163 itaque
1314 4109 1463 4153 tollere

210 4182 355 4222 vestes
376 4189 496 4228 suas,
529 4183 571 4221 et
592 4178 869 4225 substernere
891 4179 932 4223 ei
955 4180 999 4224 in
1029 4180 1355 4225 similitudinem
1382 4181 1455 4225 tri·

203 4242 465 4312 'bunalis,sset
486 4258 692 4297 canentes
709 4254 812 4298 tuba
835 4240 1040 4296 dixerunt
1065 4269 1075 4298 :
1101 4251 1316 4311 Regnabit
1332 4253 1458 4299 Jebu.

211 4319 468 4376 conjuravit
502 4337 606 4382 ergo
636 4324 744 4369 Jehu
770 4333 923 4370 contra
951 4325 1099 4370 Joram
1125 4334 1167 4373 et
1187 4327 1247 4371 ait
1271 4342 1284 4373 ε
1308 4326 1461 4378 Nullus

214 4395 382 4446 nuntiet
418 4395 504 4441 hoc
547 4397 592 4442 in
636 4397 802 4443 Jezraet
818 4431 831 4450 ,
870 4399 946 4444 sed
981 4413 1131 4446 omnes
1175 4401 1460 4446 ascendamus

208 4467 362 4524 Simul.
389 4487 404 4511 ι
430 4469 624 4527 Cumque
644 4474 943 4526 ascenderent,
971 4475 1218 4530 speculator
1243 4476 1285 4519 in
1313 4473 1454 4522 Jezra·

1551 2426 1663 2472 ravit
1684 2438 1782 2470 eum
1821 2435 1864 2473 m
1893 2437 2075 2474 ascensu
2101 2424 2257 2470 Gaber.
2294 2423 2376 2479 Qui
2409 2426 2660 2472 vulneratus
2692 2426 2801 2484 sugit

1550 2499 1594 2546 in
1621 2497 1844 2554 Mageddo,
1877 2503 1919 2542 et
1946 2503 2143 2545 mortuus
2163 2503 2230 2542 est
2256 2498 2332 2548 ibi,
2355 2503 2398 2542 et
2422 2499 2613 2543 tulerunt
2634 2511 2732 2543 cum
2755 2500 2799 2543 in

1548 2569 1806 2622 Jerusalem,
1837 2576 1880 2615 et
1911 2571 2106 2627 sepultus
2141 2577 2207 2615 est
2238 2572 2280 2614 in
2315 2571 2489 2618 etvitate
2521 2570 2674 2622 naue,
2699 2572 2802 2619 Post
2883 2566 2889 2584 ”

1550 2644 1640 2688 baec
1659 2644 1834 2688 intravit
1855 2643 1963 2689 Jebu
1987 2645 2030 2688 in
2044 2643 2264 2692 dem-abel.
2286 2644 2423 2690 Perre
2443 2645 2616 2694 ,Iezabel
2642 2651 2736 2694 erat
2755 2647 2799 2690 in

1549 2726 1649 2758 aree
1670 2714 1821 2766 turris,
1839 2721 1887 2759 ct
1906 2715 2100 2770 depinxit
2124 2717 2273 2761 oculos
2298 2727 2401 2760 suos
2423 2716 2578 2767 stibio,
2603 2723 2648 2761 et
2669 2729 2799 2760 orna-

1547 2788 1609 2833 vit
1631 2793 1762 2845 caput
1779 2799 1924 2838 suum,
1950 2796 1996 2832 ut
2017 2789 2144 2845 pulch
2153 2789 2242 2833 rior
2259 2790 2534 2836 venientibus
2550 2797 2796 2848 appareret,

1549 2868 1592 2909 et
1621 2875 1697 2919 per
1735 2863 1967 2909 fenestram
2005 2865 2064 2908 ait
2082 2864 2133 2906 ad
2171 2864 2280 2908 Jebu
2307 2877 2318 2905 :
2341 2863 2544 2922 Nunquid
2581 2878 2665 2923 pax
2701 2878 2799 2911 esse

1548 2942 1689 2997 potest
1711 2935 1902 2987 Zambri,
1924 2937 1997 2993 qui
2023 2937 2239 2986 interfecit
2256 2938 2477 2986 dominum
2493 2941 2651 2984 suum?
2673 2941 2796 2996 quasi

1547 3008 1708 3053 diceret
1737 3025 1748 3056 z
1774 3008 1838 3054 Tu
1864 3010 2063 3055 occidisti
2087 3011 2311 3054 dominum
2335 3018 2454 3065 tuum
2471 3013 2587 3058 sicut
2606 3012 2794 3064 zambri,
2858 3067 2860 3069 ‚

1546 3086 1590 3126 et
1613 3082 1762 3126 eadem
1783 3094 1909 3138 poena
1935 3084 2178 3140 puniendus
2203 3097 2266 3129 es.
2287 3084 2408 3129 Tune
2430 3085 2538 3132 dixit
2556 3085 2798 3134 Jehuduo·

1546 3155 1628 3198 bus
1651 3156 1886 3207 eunuchis,
1912 3158 1987 3214 qui
2011 3158 2352 3202 circumstabant
2383 3171 2479 3203 eam
2505 3174 2518 3203 ι
2546 3173 2563 3200 c
2589 3158 2794 3216 Praecipi-

1547 3236 1634 3274 tate
1658 3242 1769 3275 eam.
1809 3245 1824 3271 ι
1864 3230 1916 3274 Ει
1951 3232 2326 3288 praecipitaverunt
2363 3234 2549 3279 eam-de
2586 3239 2720 3283 turre,
2751 3241 2795 3279 et

1545 3302 1910 3348 conculcaverunt
1931 3317 2024 3351 eam
2044 3306 2214 3361 ungulae
2230 3318 2455 3363 equorum.
2474 3305 2795 3363 Cumque-lebni
2858 3361 2867 3367 ι

1547 3375 1716 3419 sederet
1740 3375 1792 3419 ad
1826 3389 2037 3429 mensam,
2061 3378 2120 3421 ait
2143 3380 2280 3422 servis
2303 3380 2396 3424 suis
2421 3395 2431 3424 :
2455 3379 2533 3432 lte,
2551 3385 2595 3427 et
2618 3381 2795 3435 sepelite

1545 3522 1766 3565 venissent
1786 3522 1839 3565 ad
1857 3534 1969 3573 eam,
1991 3534 2077 3570 non
2098 3524 2368 3575 invenerunt,
2387 3525 2472 3570 nisi
2497 3525 2754 3578 calvariam..
2772 3540 2789 3569 ι

1544 3594 1588 3637 id
1625 3599 1692 3638 est
1717 3608 1962 3651 supremam
1994 3596 2194 3644 cellulam
2225 3597 2391 3642 cerebri
2410 3611 2462 3648 ,-‹
2484 3602 2528 3641 et
2561 3598 2708 3654 pedes,
2748 3603 2794 3652 et

1545 3669 1818 3713 summitates
1839 3682 2061 3714 manuum.
2094 3670 2189 3724 Quo
2213 3670 2360 3714 audito
2383 3671 2443 3713 ait
2463 3669 2571 3716 Jehu
2598 3686 2613 3715 ι
2639 3669 2792 3715 Sermo

1545 3739 1806 3790 Dominiest
1838 3755 1965 3798 quem
1999 3744 2172 3788 locutus
2203 3750 2270 3788 est
2306 3755 2382 3800 per
2406 3742 2543 3788 Eliam
2570 3742 2666 3802 (ΙΙΙ
2687 3742 2786 3801 Req.

1536 3814 1648 3870 vxxi).
1679 3830 1695 3857 t

1542 3900 1646 3946 Car.
1681 3900 1772 3945 XV.
1808 3903 1870 3946 De
1912 3905 2174 3960 septuaginta
2216 3905 2317 3960 liliis
2361 3903 2520 3958 Achab,
2567 3912 2607 3949 et
2645 3917 2788 3949 eorum
2846 3936 2850 3943 1

1875 3967 2021 4008 morte,
2044 3970 2082 4004 et
2106 3962 2156 4004 de
2179 3970 2310 4004 morte
2330 3961 2453 4006 Jehu.

1563 4038 1568 4044 '
1598 4028 1731 4075 Erant
1761 4039 1903 4076 autem
1929 4034 2077 4077 Achab
2110 4035 2382 4090 septuaginta
2403 4034 2476 4080 tilii
2504 4035 2547 4083 in
2573 4033 2784 4080 Samaria.

1539 4102 1593 4146 Et
1614 4105 1787 4160 scripsit
1818 4104 1926 4149 Jehu
1951 4106 2005 4151 ad
2030 4107 2232 4154 nutritios
2268 4119 2443 4161 eorum,
2462 4113 2505 4152 et
2525 4108 2579 4155 ad
2605 4108 2788 4164 optima·
2860 4171 2869 4176 -

1542 4184 1606 4221 tes
1632 4178 1818 4230 civitatis
1857 4180 2006 4225 diceus
2041 4180 2232 4237 :Eligite
2270 4193 2398 4238 quem
2431 4182 2560 4226 vultis
2595 4180 2648 4224 de
2677 4179 2787 4224 >liliis
2861 4246 2865 4253 ἡ

1540 4248 1705 4302 Achab,
1729 4258 1772 4296 et
1801 4253 2053 4298 constituite
2075 4265 2220 4310 regem
2249 4265 2380 4309 super
2408 4266 2502 4304 vos,
2534 4259 2578 4298 et
2598 4256 2788 4310 pugnate

1539 4335 1619 4379 pro
1638 4323 1768 4369 domo
1795 4324 1966 4369 Domini
1989 4329 2122 4374 vestri
2142 4324 2183 4382 (1
2197 4325 2229 4369 V
2250 4324 2348 4382 Ray.
2369 4324 2430 4381 x).
2455 4325 2537 4379 Qui
2570 4326 2785 4382 perterriti

1540 4395 1856 4454 rescripserunt
1883 4399 1922 4442 ei
1946 4411 1957 4442 z
1983 4398 2154 4455 §Servi
2175 4399 2237 4444 tui
2267 4411 2434 4451 sumus,
2454 4399 2530 4445 fac
2558 4390 2671 4456 qued
2706 4401 2785 4445 tibi

1540 4475 1692 4531 placet.
1719 4491 1736 4517 ι
1765 4475 1815 4520 Et
1850 4476 2026 4533 scripsit
2056 4478 2120 4522 eis
2155 4477 2382 4522 secundo:
2419 4490 2433 4516 t
2465 4475 2508 4523 Si
2543 4476 2623 4521 mei
2657 4475 2780 4528 estis.
2856 4522 2860 4528 ,
