2924 4588
347 125 431 167 5θῦ-

353 172 364 183 .

347 281 496 327 labore
532 266 767 324 consumi!
795 274 1099 345 (Equ.·xvxn‚
1122 278 1209 336 18⁶.)
1233 277 1286 320 Et
1308 290 1334 320 o
1358 278 1455 333 quis
1477 274 1598 320 dabit

346 355 452 400 mibi
492 354 539 398 in
580 364 711 396 manu
750 363 844 397 mea
886 363 1058 396 omnem
1104 350 1311 407 populum
1356 350 1505 400 istum,
1547 355 1594 391 ue

347 426 511 471 veniant
534 410 589 467 an
612 437 675 468 me
696 436 853 475 omnes,
877 423 951 479 qui
983 422 1134 466 habent
1164 422 1393 478 judicium,
1418 429 1458 464 et
1484 422 1600 476 Juste

345 498 571 554 Judicem?
612 495 681 553 (U
697 494 797 552 Req.
823 508 894 547 xv,
919 494 963 547 4,
1007 495 1074 552 5.)
1103 494 1155 537 Et
1204 493 1302 550 quis
1324 499 1406 545 est,
1433 493 1506 549 qui
1530 505 1598 536 mc

348 569 659 614 assumendum
682 580 770 612 non
792 574 981 618 censeat,
1004 567 1088 611 nisi
1123 569 1196 623 qui
1219 579 1287 611 me
1309 567 1515 624 ignorat?
1546 566 1598 608 Et

345 654 373 685 o
390 653 518 698 qnam
542 641 705 692 felices,
731 642 803 697 qni
820 652 888 684 me
903 640 1030 696 322
1054 640 1333 696 praepositum
1359 639 1440 684 sibi
1463 639 1596 682 habe-

345 708 488 752 bunt?
520 707 556 752 0
579 712 758 764 quanta,
782 713 823 751 et
860 706 1005 764 qualia
1038 706 1234 750 facturus
1265 719 1362 752 sum
1384 718 1478 763 ego,
1507 714 1594 749 tam

344 792 472 832 nova,
498 792 626 838 quam
665 791 842 836 magna;
887 790 1018 834 qnam
1058 780 1339 831 multasqtam
1385 779 1596 822 insolita?

345 853 451 905 Quis
467 865 516 896 ea
538 851 682 904 faciet,
710 854 745 896 si
773 851 844 895 ille
866 863 947 909 ego
974 863 1061 895 non
1088 851 1221 894 sum?
1243 849 1470 907 Indignum
1494 863 1595 907 pro-

344 925 459 969 secto
475 931 518 969 et
542 937 611 969 ine
634 935 721 969 non
747 925 928 977 assumi,
948 930 991 967 et
1014 924 1104 971 haec
1125 935 1211 967 non
1235 923 1344 968 lieri.

399 995 486 1040 Vll.
519 996 604 1040 Sed
630 996 745 1040 cadit
769 1007 896 1052 qnam
923 1007 1034 1051 saepe
1062 1008 1086 1038 a
1119 1008 1195 1055 spe
1211 1008 1306 1047 sua,
1340 996 1414 1052 qui
1437 996 1595 1052 hujus·

346 1069 463 1113 modi
481 1075 564 1122 est,
583 1077 624 1113 et
648 1069 759 1112 alius
783 1068 976 1125 fungitur
992 1068 1245 1121 officiosno,
1294 1075 1342 1112 ut
1377 1068 1594 1126 vigilando

346 1143 560 1186 somnium
589 1154 636 1187 se
672 1143 833 1186 vidisse
869 1142 936 1185 vel
976 1154 1074 1186 sero
1111 1141 1418 1198 deprehendat.
1464 1142 1593 1199 Cupit

345 1215 444 1265 sibi,
469 1222 509 1259 et
533 1216 661 1259 datur
683 1215 829 1267 alteri;
855 1214 968 1270 qnod
993 1215 1071 1257 sibi
1093 1221 1255 1271 sperat,
1281 1216 1392 1260 alius
1416 1215 1588 1271 accipit,

345 1294 388 1331 ct
420 1286 619 1332 fortassis
651 1287 703 1331 de
732 1300 819 1343 quo
846 1289 988 1331 minus
1025 1287 1249 1343 sperabat,
1278 1299 1491 1343 quemque
1511 1289 1595 1332 mi..
1617 1279 1652 1323 Β
1676 1296 1825 1327 unum.
1846 1283 1899 1327 lli
1921 1284 2085 1341 itaque,
2106 1285 2220 1329 inter
2243 1298 2353 1341 quos
2370 1286 2462 1330 haec
2478 1291 2666 1343 quatuor
2680 1287 2791 1330 mala
2805 1301 2856 1334 su

344 1372 428 1405 nus
447 1362 630 1414 amabat,
651 1361 773 1416 iuxta
794 1360 912 1411 illud,
943 1360 1058 1416 quod
1082 1361 1243 1404 dudum
1261 1361 1395 1404 Aman
1417 1362 1459 1404 in
1483 1362 1593 1406 libro

343 1432 501 1479 Esther
530 1433 713 1490 legimus
747 1434 1011 1489 contigisse.
1043 1432 1309 1479 AEstimabat
1344 1435 1558 1493 siquidem
1578 1467 1590 1487 ,

346 1505 460 1562 quod
483 1507 695 1549 neminem
723 1507 804 1550 nisi
830 1507 968 1561 ipsunt
989 1506 1204 1550 honorare
1223 1507 1350 1552 vellet
1372 1520 1468 1560 rex;
1517 1508 1594 1550 dc-

346 1577 407 1622 ‹lit
433 1588 512 1634 pro
535 1590 596 1628 se,
631 1578 880 1620 sciscitante
906 1590 1020 1634 rege,
1055 1579 1340 1629 sententiam,
1372 1591 1500 1634 qnam
1526 1579 1594 1621 in-

347 1651 506 1708 gemuit
521 1649 664 1693 datam
681 1683 691 1701 ,
718 1662 847 1706 quam
871 1657 1022 1694 contra
1045 1664 1163 1706 spem
1194 1651 1237 1694 in
1276 1663 1323 1695 se
1363 1663 1463 1695 mox
1486 1651 1593 1695 vidit

346 1728 442 1767 esse
466 1723 738 1779 completam.
763 1722 817 1767 Et
845 1731 1051 1778 qnantum
1076 1730 1201 1779 putas
1225 1725 1416 1768 additum
1433 1725 1590 1778 dolori,

349 1805 448 1838 cnm
485 1794 599 1852 quod
634 1795 715 1839 sibi
750 1797 966 1852 sperando
998 1796 1273 1850 desideravit,
1307 1798 1594 1844 desiderando

347 1868 552 1921 speravit,
594 1866 654 1910 illi
679 1866 784 1910 vidit
822 1866 1010 1910 conferri
1052 1881 1181 1923 quem
1231 1881 1361 1926 super
1397 1869 1593 1917 homines

346 1949 497 1982 omnes
512 1937 612 1981 odio
633 1938 780 1981 babuit
799 1939 816 1980 ‘3
836 1937 959 1983 Illum
978 1938 1162 1996 deniqne
1185 1938 1593 1995 ipsemet‘bonorare

346 2011 595 2066 compulsus
633 2015 716 2062 est,
750 2023 877 2066 quem
916 2011 1044 2054 morti
1080 2012 1380 2068 ignominiosae
1420 2013 1591 2057 tradere

347 2094 478 2136 super
508 2082 638 2125 vitam
674 2082 858 2140 quodam
890 2082 1019 2126 modo
1046 2083 1279 2139 gloriosam
1314 2083 1477 2131 dilexit.
1520 2084 1593 2130 Sic

347 2156 495 2210 ntique
520 2155 739 2199 multoties
768 2154 992 2211 dignitatis
1015 2155 1260 2200 sublimitas
1286 2157 1353 2200 sui
1381 2158 1489 2202 solet
1518 2169 1592 2215 ap-

348 2226 555 2287 petitores
595 2232 893 2279 contemnere,
940 2234 1140 2289 appetere
1180 2233 1521 2287 contemptorcs;
1568 2242 1590 2272 a

346 2299 592 2345 volentibus
613 2299 812 2354 elongare
829 2311 890 2351 se,
911 2299 1156 2345 nolentibus
1180 2312 1277 2347 sese
1300 2302 1511 2358 ingerere.
1537 2301 1591 2346 Et

346 2371 596 2427 timorqnid
627 2371 732 2415 dicit
748 2373 765 2414 ’ἐ
795 2370 996 2417 Sentiens
1017 2385 1214 2430 quoque,
1245 2374 1319 2429 qui
1351 2364 1612 2432 disciplinae'

349 2444 550 2487 abhorret
585 2443 787 2501 rigorem,
827 2444 880 2487 de
920 2445 1030 2500 ipso,
1065 2446 1137 2501 qui
1176 2446 1316 2503 diligit
1354 2458 1468 2501 eum,
1502 2448 1595 2498 ficri

350 2519 629 2567 mentionem,
666 2518 820 2562 timore
845 2518 969 2562 inerti
993 2519 1308 2574 prosternitnr;
1335 2532 1463 2576 quem
1486 2534 1593 2565 con-

349 2603 525 2634 cussum
555 2596 682 2646 atque
716 2597 985 2637 contractum
1024 2591 1136 2636 idem
1169 2593 1320 2642 incitat
1362 2594 1513 2649 timor,
1540 2586 1595 2641 ad

349 2661 634 2731 resssstendqm
654 2664 820 2720 magnis
839 2664 951 2719 apud
968 2676 1065 2708 eum
1106 2669 1147 2709 et
1170 2666 1281 2710 intra
1298 2679 1396 2710 eum
1418 2668 1594 2718 vocibus

350 2738 541 2780 clamans
576 2736 618 2779 in
653 2737 766 2780 bunc
798 2737 1003 2781 modum:
1039 2737 1163 2782 Absit
1198 2740 1401 2792 omnino,
1437 2747 1484 2785 ut
1521 2741 1596 2786 ssat

350 2810 458 2854 hoc:
487 2809 558 2852 Vir
591 2810 748 2866 qnippe
785 2811 1034 2866 sanguinum
1078 2818 1155 2864 est,
1189 2818 1227 2854 et
1257 2814 1319 2856 vir
1354 2813 1491 2859 Belial
1526 2814 1595 2872 (11

350 2880 451 2938 Rea,
480 2893 567 2933 xvi,
595 2882 651 2939 7).
677 2881 778 2924 Sine
817 2882 1040 2927 affectione
1076 2889 1168 2935 est,
1211 2884 1373 2941 absque
1415 2885 1592 2940 foedere,

351 2953 446 2997 sine
466 2953 778 3004 misericordia,
806 2954 987 2998 tui-bans
1012 2963 1177 3010 pacem,
1206 2955 1444 3003 deturbans
1468 2959 1595 3015 quie·

350 3032 455 3069 ten».
474 3025 653 3069 Animus
671 3026 766 3081 ejus
789 3038 958 3082 semper
981 3027 1025 3069 in
1052 3027 1127 3071 lite
1148 3033 1230 3080 est,
1257 3036 1300 3073 et
1323 3037 1474 3075 uterus
1498 3032 1594 3088 ejus

353 3105 563 3154 prteparat
578 3099 886 3143 contentiones,
910 3098 1060 3144 Dentes
1077 3100 1184 3156 ejus,
1201 3114 1337 3154 arum,
1356 3110 1396 3146 et
1411 3105 1592 3160 sagium,

351 3178 390 3212 ct
410 3171 548 3226 linqua
570 3170 674 3225 ejus,
695 3169 858 3226 gladius
886 3178 1032 3213 acutas
1052 3170 1189 3228 (Psal.
1215 3185 1285 3217 Lvi
1303 3205 1315 3226 ,
1340 3173 1400 3231 5).
1425 3174 1596 3223 Evertet

353 3252 531 3290 cunctos
555 3245 812 3290 domesticos
835 3258 937 3290 suos
956 3254 1184 3302 superatus
1207 3248 1262 3291 ab
1277 3249 1358 3302 ira,
1380 3256 1426 3292 ut
1448 3251 1596 3306 oppri-

352 3325 443 3362 mat
464 3330 553 3362 eos.
579 3317 814 3361 Formidini
845 3319 924 3363 sibi
942 3321 1032 3363 vult
1060 3333 1155 3365 esse
1178 3321 1423 3375 universos,
1455 3324 1595 3368 nemi-

353 3403 451 3435 nem
466 3393 615 3436 amori.
641 3391 870 3436 Exeoriare
889 3393 969 3436 sibi
988 3395 1260 3447 commissos,
1277 3395 1400 3440 melle
1421 3395 1594 3444 dulcius
1619 3410 1654 3453 1>
1676 3392 1834 3445 niati&
1860 3397 1903 3438 et
1933 3391 2051 3447 quod
2068 3396 2227 3437 contra
2264 3391 2362 3445 ejus
2397 3391 2713 3446 beneplacitum
2754 3390 2900 3449 fugitis

354 3462 504 3517 haben
529 3476 607 3508 nec
637 3465 822 3521 aliquem
853 3466 963 3510 sinet
986 3479 1081 3510 esse
1102 3467 1310 3522 quietum.
1340 3467 1478 3512 Unum
1508 3477 1590 3522 cst,

354 3535 470 3590 «prod
494 3537 660 3580 locutus
684 3549 804 3590 sum;
835 3538 932 3593 quia
966 3539 1172 3594 subJectis
1195 3540 1325 3588 istum
1360 3541 1591 3602 praeficere,

356 3621 456 3653 oves
490 3610 590 3665 lupo
627 3610 862 3666 pascendas
897 3613 1162 3656 committere
1195 3621 1288 3657 est:
1317 3615 1450 3659 nolite
1480 3615 1593 3659 bunc

356 3682 615 3727 constituere
639 3683 788 3726 ducem
819 3685 980 3740 populi,
1016 3699 1067 3729 nc
1102 3699 1254 3730 carnes
1287 3688 1485 3731 comedat
1514 3689 1595 3732 hu·

358 3756 537 3804 milium,
562 3763 603 3800 et
627 3758 863 3800 animarum
899 3760 1147 3814 sangninem
1179 3761 1312 3804 bibat.
1351 3762 1591 3819 Dispcrgct.

359 3839 441 3869 non
476 3830 777 3884 congregabit:
813 3842 1037 3876 numerum
1064 3832 1105 3875 in
1137 3833 1342 3888 sabjectis
1377 3836 1594 3880 modicum

361 3902 539 3954 monens,
559 3910 598 3946 ct
619 3902 803 3948 fructum
831 3904 876 3948 in
897 3906 962 3949 eis
984 3907 1150 3948 nullum
1178 3907 1424 3963 requirens.

417 3974 519 4019 Vlll.
550 3975 632 4020 Sed
659 3989 851 4032 quaenam
887 3984 951 4022 cst
977 3990 1071 4028 vox,
1106 3993 1234 4036 quam
1260 3982 1460 4026 mollities
1495 3995 1596 4037 pro-

362 4048 475 4092 fert?
500 4047 610 4093 Sanc
632 4050 713 4092 tria
731 4051 819 4093 baec
843 4052 1128 4106 praecedentia
1156 4054 1267 4096 mala
1289 4055 1495 4098 resistcre
1524 4068 1595 4098 so-

362 4121 466 4171 lent,
494 4134 545 4164 ne
578 4122 732 4178 dignus
760 4122 1033 4177 admittatur;
1069 4126 1230 4170 instare
1264 4140 1362 4171 vero
1393 4133 1591 4183 quai-tum

363 4193 478 4236 istud
511 4194 615 4237 solet
669 4201 710 4238 et
748 4196 973 4241 insistere.
1015 4202 1060 4238 ut
1098 4204 1343 4246 assumatur
1375 4199 1590 4254 indignus.

365 4264 501 4309 Instat
532 4271 673 4308 autem
698 4273 740 4308 et
775 4268 935 4311 resistit
947 4268 1029 4311 boc
1045 4270 1202 4313 modo:
1227 4269 1336 4314 Ecce
1356 4271 1481 4313 honio
1503 4271 1595 4313 sine

364 4335 552 4390 querela,
577 4336 702 4380 homo
718 4338 836 4392 pacis
852 4343 891 4380 ct
908 4338 1300 4393 qnietis,jucundus
1318 4341 1436 4382 homo
1453 4342 1592 4394 plane,

363 4406 433 4462 qai
456 4408 670 4451 ueheretur
703 4415 740 4451 tt
763 4410 1008 4461 commodat,
1048 4410 1236 4466 disponit
1265 4426 1468 4456 sermones
1499 4425 1593 4457 suos

1231 115 1402 161 Anam
1431 111 2022 162 rnAEttONsntAmNsts
2825 103 2859 156 't

345 186 553 265 majorem
575 209 631 253 ab
654 206 798 266 aliquo
820 205 973 263 quatri,
991 203 1096 262 quid
1112 205 1196 250 nisi
1213 206 1346 249 stulto
1366 210 1432 250 est
1454 200 1596 261 ipsum
1620 208 1654 253 Α
1679 204 1720 246 in
1740 203 1902 259 judicio
1927 203 2067 262 (Paul.
2103 213 2172 254 m,
2196 201 2241 257 5)
2261 215 2273 245 ε
2312 198 2558 246 Misericors
2595 207 2638 247 et
2675 203 2822 248 suavis

1607 2337 1646 2383 C

1681 275 1897 332 benignus
1934 283 1976 319 et
2013 274 2181 325 dulcis,
2229 273 2430 318 nesciens
2470 273 2615 318 irasci.
2655 274 2828 332 Accipia

1680 360 1796 399 eum,
1822 347 1982 392 sovebit
2004 359 2086 392 nos
2130 351 2173 396 et
2195 345 2358 390 favebit
2385 346 2526 391 nobis.
2563 346 2783 404 Loquetur
2803 360 2860 394 no

1678 420 1894 476 placentia
1918 417 2028 477 (lea.
2057 431 2159 469 xxx,
2198 418 2302 475 10),
2329 430 2411 462 nec
2432 419 2706 465 resistentem
2738 421 2812 466 inv
2867 422 2878 433 '

1679 503 1776 537 mus
1797 504 1897 536 eum
1923 491 2092 536 illicitis
2114 490 2342 543 desideriis
2357 491 2535 536 nostris.
2554 491 2649 536 Non
2665 492 2864 539 discorda

1678 573 1701 604 a
1728 560 1869 614 nobis,
1894 561 2105 618 quidquid
2127 561 2233 606 illud
2250 559 2394 615 fuerit,
2414 564 2528 620 quod
2548 577 2631 609 nos
2645 564 2853 612 voluerim

1676 633 1814 678 Nubis
1835 634 2007 691 praeerit
2041 635 2149 690 ipse,
2185 635 2260 679 sed
2290 635 2407 680 velut
2437 637 2611 691 umbra;
2645 651 2748 682 nam
2777 651 2826 685 re
2846 651 2875 684 n

1675 706 1771 761 ejus
1800 707 1963 750 erimus
1987 707 2168 762 praelati.
2189 707 2493 765 Praecipieinus
2509 721 2588 766 pro
2610 710 2748 763 libito,
2769 712 2848 758 eti

1675 779 1847 823 obediet
1869 780 1998 822 etiam
2033 780 2127 824 sine
2162 792 2307 835 mora;
2331 793 2419 825 non
2450 783 2566 826 enim
2600 782 2726 827 aliter
2752 783 2882 828 audel

1675 847 1834 892 facere.
1857 847 2001 891 Titum
2033 860 2080 893 se
2109 850 2237 894 nobis
2256 850 2491 902 exhibebit,
2516 862 2602 894 non
2627 851 2854 897 Timotheu

1675 921 1833 972 lenem,
1869 933 1956 963 non
1981 933 2210 976 asper-urm
2239 923 2546 978 tranquillum,
2568 934 2657 967 non
2686 925 2883 970 turbatur

1672 991 1767 1036 Non
1803 993 2024 1050 corripiet,
2066 1007 2146 1038 nec
2174 994 2405 1052 redarguet
2443 1008 2555 1051 nos;
2594 984 2782 1054 placebit
2805 996 2878 1044 eni

1672 1065 1729 1117 ei,
1755 1065 1967 1122 quidquid
1991 1066 2240 1111 fecerimus.
2266 1067 2318 1110 Et
2342 1074 2388 1111 ut
2419 1069 2543 1123 finem
2573 1069 2767 1127 loquendi
2785 1083 2881 1115 omn

1673 1139 1831 1193 pariter
1853 1138 2077 1182 audiamus
2105 1138 2236 1196 (Ecce.
2259 1152 2339 1191 xit,
2368 1141 2466 1194 15lz
2492 1142 2705 1197 aptiorem
2726 1155 2777 1186 eo
2799 1155 2858 1188 no

1672 1223 1761 1255 non
1797 1211 2069 1257 inveniemus
2105 1213 2348 1269 praelatum,
2379 1226 2461 1259 nec
2489 1215 2618 1258 etiam
2653 1215 2767 1259 inter
2791 1216 2850 1260 mi

1674 1368 1762 1399 non
1785 1355 1891 1400 mibi
1911 1355 2115 1402 videntur
2140 1358 2195 1402 ad
2231 1358 2449 1404 saniorem
2471 1361 2823 1417 congregationis
2853 1372 2888 1406 c:

1674 1429 1842 1474 nonicae
1885 1435 2053 1488 partem
2087 1431 2319 1488 pertinere.
2366 1430 2451 1477 Sed
2486 1445 2581 1485 vos,
2619 1432 2791 1486 fratres,
2838 1446 2869 1483 n

1675 1513 1754 1544 sic.

1731 1574 1801 1618 tx.
1827 1574 2120 1622 obsecramus
2146 1589 2225 1622 vos
2238 1577 2282 1621 in
2304 1576 2488 1621 Domino
2509 1577 2630 1631 lesu,
2655 1583 2730 1631 ut,
2750 1589 2849 1623 eum
2873 1591 2887 1623 z

1675 1647 1916 1692 faciendam
1956 1647 2211 1694 electionem
2254 1651 2516 1703 convenitis,
2557 1663 2652 1695 eam
2690 1650 2881 1696 secunda

1673 1719 1809 1765 Deum
1853 1719 2025 1766 faciatis
2061 1723 2336 1774 electionem,
2379 1723 2422 1766 in
2463 1729 2671 1779 intantum
2714 1721 2841 1769 vobis
2884 1746 2888 1761 ·

1674 1793 1856 1838 scientia
1883 1805 2028 1844 nosse,
2063 1799 2108 1839 et
2142 1793 2328 1839 facultas
2361 1795 2674 1840 ministraverit
2704 1806 2848 1851 posse.
2881 1793 2889 1837 l

1672 1865 1826 1923 primis
1852 1878 1929 1910 vos
1952 1866 2110 1911 obnixe
2125 1866 2367 1918 hortamur,
2392 1874 2435 1912 et
2451 1879 2529 1924 per
2551 1867 2824 1913 tremendum
2845 1879 2878 1914 n

1666 1949 1771 1982 ‘men
1797 1937 1966 1981 Domini
1985 1938 2282 1991 obsecramus,
2303 1945 2350 1983 ut
2366 1939 2619 1997 quidquam,
2635 1940 2750 1998 quod
2775 1946 2876 1985 cont

1673 2008 1806 2053 Donni
1833 2012 1904 2060 sit,
1940 2006 2087 2054 nullus
2107 2010 2282 2066 penitus
2315 2018 2510 2056 vestrum
2538 2013 2584 2056 in
2617 2025 2668 2058 ea
2699 2013 2847 2070 requii-

1671 2094 1752 2126 ncc
1771 2083 1986 2137 privatum
2006 2082 2208 2139 aliquem,
2231 2083 2268 2127 si
2292 2082 2429 2135 sorte,
2454 2082 2571 2140 quod
2597 2083 2734 2136 absit,
2762 2083 2873 2128 habu

1672 2153 1746 2205 rit,
1778 2153 1843 2197 vel
1861 2164 2069 2207 amorem,
2093 2154 2160 2198 vel
2183 2153 2331 2198 odium
2351 2154 2564 2199 attendat.
2587 2153 2701 2207 Non,
2726 2155 2857 2212 inqua

1673 2237 1880 2276 amorem,
1910 2234 1954 2270 ut
1976 2226 2228 2271 admittatur
2243 2227 2318 2283 qui
2337 2226 2543 2284 indignus
2558 2239 2657 2274 esse
2686 2240 2772 2271 non
2802 2227 2890 2272 dub

1672 2305 1814 2344 tatur:
1840 2311 1927 2343 non
1961 2299 2124 2354 odium,
2157 2305 2205 2343 ut
2225 2300 2482 2344 excludatur
2503 2301 2578 2358 qui
2602 2300 2757 2357 dignus
2781 2313 2896 2357 agno

1677 2372 1829 2417 scitur.
1862 2371 1907 2416 Si
1938 2372 2071 2425 enim,
2107 2372 2222 2429 quod
2248 2372 2375 2430 longe
2408 2372 2523 2418 absit
2557 2385 2582 2417 a
2603 2373 2743 2428 vobis,
2769 2373 2878 2430 elige

1674 2445 1899 2490 volueritis
1913 2445 2100 2502 aliquem
2123 2446 2179 2489 ob
2196 2445 2344 2499 ullam,
2360 2445 2478 2490 verbi
2492 2446 2645 2503 gratia,
2665 2458 2894 2502 consangu.

1674 2517 1870 2571 nitatem,
1885 2518 1953 2562 vel
1970 2517 2202 2560 amicitiam
2219 2518 2453 2569 carnalem,
2466 2518 2533 2562 vcl
2548 2524 2720 2575 propter
2738 2519 2880 2574 aliqua

1675 2589 1820 2640 aliam,
1845 2601 1940 2647 quae
1959 2595 2110 2633 contra
2135 2587 2268 2633 Deum
2293 2590 2365 2639 sit,
2398 2601 2598 2643 causam,
2626 2596 2672 2634 ut
2696 2591 2817 2636 vobis
2845 2605 2881 2636 st

1674 2671 1726 2706 co
1743 2661 1971 2706 remissius
1995 2672 2122 2717 agere
2154 2661 2320 2704 licitum
2347 2662 2430 2706 sit:
2457 2667 2502 2710 et
2524 2663 2694 2719 culpam
2720 2664 2878 2707 nimirn

1674 2733 1976 2792 gravissimam
2000 2734 2255 2787 incurretis,
2281 2739 2323 2779 et
2346 2727 2576 2792 quodcum
2603 2748 2680 2794 spe
2706 2737 2897 2782 desidera

1672 2807 1747 2859 tis,
1782 2812 1826 2852 et
1855 2805 2074 2853 desiderio
2105 2806 2310 2863 speratis,
2342 2819 2615 2866 nequaquam
2646 2809 2899 2866 postmodur

1674 2879 1925 2937 acquiretis.
1971 2878 2081 2923 Nam
2114 2879 2185 2924 ille
2215 2880 2341 2924 vobis
2374 2872 2525 2936 postea
2559 2882 2683 2938 longe
2711 2883 2873 2929 austeri

1673 2952 1772 3006 erit,
1805 2963 1932 3008 quem
1965 2953 2047 2996 sub
2089 2963 2165 3008 spe
2203 2952 2279 2996 tali
2315 2952 2568 3005 admittitis,
2602 2966 2731 3010 quam
2767 2955 2902 3012 aliqui

1675 3024 1787 3073 alius
1810 3023 1950 3077 foret,
1975 3035 2104 3081 quem
2128 3024 2320 3068 timendo
2346 3025 2591 3077 excluditis,
2618 3026 2712 3082 ipso
2731 3029 2852 3071 suavi

1675 3097 1801 3158 323
1840 3097 2122 3153 disponente,
2159 3098 2235 3153 qui
2272 3097 2598 3154 comprehendit
2640 3101 2842 3156 sapientes
2880 3101 2895 3144 ἰ

1675 3172 1831 3218 astulia
1868 3183 1947 3216 sua
1986 3170 2191 3229 [commi.
2219 3177 2260 3214 et
2294 3171 2470 3216 consilia
2491 3184 2713 3227 pravorum
2745 3173 2900 3229 dissipa

1676 3243 1788 3301 (Job.
1809 3258 1850 3296 v,
1877 3243 1975 3301 15)=;
2012 3249 2058 3286 ut
2087 3242 2203 3299 quod
2230 3254 2319 3286 non
2355 3250 2474 3287 recta
2503 3244 2743 3290 intentione
2778 3252 2896 3295 vestr

1674 3318 1882 3384 quaeritis,
1909 3323 2025 3362 rec-ta
2050 3317 2146 3373 ejus
2175 3316 2461 3372 dispositione
2483 3324 2651 3374 agente,
2683 3330 2772 3363 non
2802 3319 2900 3364 inve

1675 3477 1750 3520 per
1762 3465 1855 3520 cjns
1875 3464 2083 3520 Judicium
2102 3464 2359 3508 {incur-ratis.
2382 3463 2478 3508 llaec
2494 3464 2607 3507 enim
2632 3464 2775 3507 omnia
2793 3477 2901 3521 quan

1677 3551 1789 3598 saepe
1812 3539 1894 3581 boe
1927 3538 2055 3581 modo
2088 3538 2283 3582 videmus
2315 3538 2542 3582 accidisse.
2579 3537 2631 3579 Et
2658 3537 2752 3581 ideo
2780 3537 2901 3581 ablat:

1677 3611 1727 3655 dc
1752 3611 1892 3654 medio
1913 3611 2030 3654 omni
2073 3615 2115 3654 et
2138 3610 2341 3654 violentia
2367 3616 2545 3666 cogente
2579 3615 2621 3653 et
2644 3610 2801 3654 astutia
2824 3621 2899 3655 sur

1674 3684 1872 3739 ripiente‚
1904 3684 2023 3726 illum
2060 3683 2285 3734 admittite,
2322 3695 2450 3739 quem
2477 3683 2548 3727 'vel
2576 3694 2803 3726 commune
2826 3694 2896 3726 om

1675 3759 1794 3801 nium
1829 3759 2056 3801 consilium
2090 3763 2132 3802 et
2161 3770 2366 3801 assensus
2415 3756 2653 3802 decreverit
2690 3756 2902 3799 admitten-

1675 3830 1904 3883 dum-‚veh
1930 3830 1966 3873 si
1990 3829 2095 3873 sorte
2120 3830 2176 3873 ob
2190 3829 2464 3873 devitandam
2487 3829 2802 3872 contentionem
2825 3838 2902 3872 om-

1676 3915 1754 3945 ncs
1782 3902 1910 3946 simul
1927 3903 2136 3947 interesse
2152 3903 2336 3946 consilio
2352 3914 2439 3944 non
2457 3901 2643 3956 expedit,
2671 3902 2741 3945 ille
2763 3901 2902 3944 incun·

1677 3981 1843 4018 etanter
1871 3975 2075 4031 eligatur,
2101 3987 2227 4031 quem
2263 3975 2411 4018 sanior
2440 3986 2540 4029 pars
2570 3974 2903 4034 congregationi}

1677 4048 1895 4091 canonicae
1933 4048 2171 4092 secundum
2205 4046 2356 4097 Deum.
2385 4053 2426 4090 et
2463 4044 2671 4102 Regulam
2710 4051 2897 4090 vestram

1677 4127 1804 4176 atque
1819 4122 1941 4176 juxta
1963 4121 2157 4165 ordinem
2174 4125 2365 4164 vestrum
2383 4118 2638 4174 judicaverit
2657 4110 2897 4173 eligendum

1731 4193 1783 4236 X.
1820 4193 1940 4244 Quod
1975 4194 2010 4236 si
2037 4181 2243 4249 qqietitis,
2269 4202 2464 4247 quaenam
2491 4190 2542 4233 sit
2568 4189 2820 4233 aestimanda
2846 4183 2904 4232 snss

1676 4269 1772 4311 nior
1813 4278 1912 4322 pars
1954 4279 2050 4309 osse
2092 4264 2460 4321 congregationis,
2493 4275 2572 4318 ego
2610 4262 2780 4317 quidem
2827 4273 2903 4304 nor

1676 4347 1778 4396 puto
1804 4347 1965 4395 partem
1998 4351 2166 4394 semper
2189 4340 2528 4380 numerosiorem
2554 4347 2650 4379 esse
2673 4335 2887 4377 saniorem

1677 4413 1751 4458 sed
1774 4413 1885 4455 illam
1903 4412 2059 4467 potius,
2080 4422 2206 4468 quam
2223 4409 2303 4455 ctsi
2323 4409 2515 4471 pancitas
2529 4408 2667 4453 reddit
2683 4406 2876 4456 maaian
