2924 4588
226 47 315 116 'ssi

181 220 200 243 ⁸
228 232 290 288 9).
310 230 444 284 Quam
465 213 578 273 Bona
594 225 739 275 etiam,
759 228 802 266 et
822 220 1012 270 subtilia,
1050 228 1178 274 quam

229 313 272 349 et
296 308 444 349 sancta
461 301 531 344 illa
555 304 655 341 sunt
681 289 945 339 flidumenta·
965 290 1187 350 interiora,
1213 298 1341 342 super
1359 282 1455 339 qui·

227 373 325 428 bus,
338 385 441 418 voce
451 368 758 419 exhortatoria,
781 355 989 422 quosdam
1004 359 1260 406 conveniens
1278 357 1452 408 Paulus,

229 447 289 490 ait
315 461 325 489 z
356 445 433 487 Vos
460 437 570 486 sistt'
582 440 700 484 electi
736 438 829 489 Dei,
867 436 1016 486 sancti,
1043 441 1082 477 et
1119 428 1274 482 dilecti,
1299 428 1455 472 viscera

230 514 537 564 misericordiae,
558 513 863 568 benignitatem,
885 506 1174 555 humilitatem,
1193 500 1454 548 modestiam,

228 588 469 643 patientiam
501 585 688 629 induite:
720 586 1006 638 supportantes
1029 579 1213 628 invicem,
1241 574 1459 619 etdonaw·

229 668 288 704 tes
308 658 619 713 vobismetipsis,
637 657 674 700 si
696 656 788 712 quis
813 653 1005 696 adversus
1028 651 1204 706 aliquem
1220 648 1339 690 habet
1361 658 1458 702 que-

227 732 373 776 relam.
391 730 510 776 Sicut
528 729 727 773 Dominus
751 725 916 770 donavit
947 723 1075 776 cobis,
1095 724 1155 765 ita
1168 730 1208 765 et
1223 734 1309 764 vos.
1329 718 1459 773 Super

230 805 367 848 omnia
384 811 519 846 autem
541 802 642 853 ltaec,
669 800 913 844 charitatem
934 796 1143 844 habentes,
1162 794 1269 852 quod
1290 800 1351 838 est
1376 793 1461 835 uin-

234 876 370 921 culum
405 873 664 929 perfectionis
690 870 798 928 (Col.
835 882 901 921 ιιι,
939 868 1102 925 12-14).
1129 866 1228 910 llaec
1259 864 1458 909 fortassis

231 949 477 991 indumenta
511 950 610 989 sunt
648 949 798 988 sancta
833 940 974 986 nostri
1011 940 1168 991 Aaron,
1187 945 1230 982 et
1274 936 1458 985 liliorum

232 1031 356 1075 ejus:—
386 1019 595 1063 virtutum
614 1016 809 1060 videlicet
830 1013 1115 1071 spiritualium
1141 1010 1342 1067 iusignia,
1364 1009 1459 1064 qui-

231 1092 312 1137 bus
331 1090 512 1134 amictus
535 1089 612 1133 suit
635 1090 706 1132 ille
719 1089 868 1139 -homo,
892 1087 967 1144 qui
985 1086 1144 1130 dicitur
1163 1083 1304 1134 lesus,
1329 1082 1400 1138 qui
1419 1086 1460 1124 et

230 1163 558 1221 praedestinatus
578 1168 644 1206 est
666 1158 802 1205 Filius
826 1159 916 1210 Dei,
938 1160 983 1203 in
1002 1159 1156 1204 virtute
1175 1155 1310 1213 (Rom.
1336 1166 1367 1206 1,
1396 1153 1457 1210 t),

229 1235 386 1292 quibus
406 1240 447 1278 et
465 1234 701 1277 induuntur
722 1232 845 1276 electi
864 1231 997 1274 illius.
1018 1228 1124 1272 Nam
1150 1228 1241 1284 ipse
1263 1226 1379 1270 nobis
1399 1220 1461 1281 sa,-
1484 1219 1516 1262 Β
1536 1219 1618 1263 hus
1648 1217 1968 1261 decorabffllffll'
1984 1217 2108 1260 electi
2123 1249 2136 1268 ο
2168 1217 2214 1261 Ῑῐὶ
2236 1217 2432 1262 Clffl'lta‘e
2465 1217 2624 1263 smul'ae
2639 1233 2787 1265 remu·

230 1316 318 1351 αις
337 1313 397 1350 est
414 1321 439 1349 a
461 1306 544 1349 Deo
565 1306 734 1361 justitia
768 1303 810 1360 (1
828 1302 923 1347 Cor.
947 1315 979 1354 1,
996 1298 1085 1360 30).
1109 1300 1159 1343 Et
1195 1299 1346 1344 beatus
1381 1288 1490 1350 «lolix
1539 1291 1793 1343 nerationis,
1818 1291 1946 1347 legite
1969 1291 2082 1347 quod
2110 1291 2156 1335 in
2181 1291 2330 1335 eadem
2349 1291 2605 1353 Apocalypsi
2634 1297 2788 1352 angelo

230 1377 336 1421 dicit
360 1392 368 1420 ε
395 1375 572 1419 lustitia
589 1375 758 1418 indutus
777 1388 884 1426 suin,
906 1379 945 1417 et
962 1371 1102 1417 vestivi
1118 1385 1179 1415 me
1196 1371 1317 1427 quasi
1337 1371 1460 1413 vesti-

230 1456 364 1492 mento
400 1446 492 1504 (Iob
528 1460 646 1498 xxix,
688 1445 774 1504 tt).
823 1445 984 1490 Horum
1033 1445 1396 1496 vestimentomm,
1425 1443 1462 1486 si

229 1522 359 1566 vultis
380 1520 590 1576 accipere,
614 1521 657 1563 in
679 1523 828 1563 sancto
851 1517 998 1569 Jacob,
1023 1523 1144 1574 pater
1158 1516 1349 1573 caligans
1372 1514 1461 1558 sra-

229 1594 438 1650 3rantiam
463 1592 613 1642 sensit,
637 1590 809 1648 quando
833 1591 967 1647 ipsius
989 1590 1223 1633 delectatus
1256 1588 1463 1632 suavitate

230 1667 276 1709 in
300 1666 408 1709 banc
429 1677 577 1709 vocem
600 1663 795 1720 prorupit
816 1678 826 1707 t
853 1662 958 1705 Ecce
991 1662 1092 1705 odor
1113 1661 1193 1718 filii
1222 1662 1316 1712 mei,
1353 1662 1463 1704 sicut

231 1737 337 1781 ador
353 1737 443 1793 agri
470 1735 579 1789 pleni
603 1734 720 1791 (Gen.
742 1746 875 1786 xxvn,
899 1734 987 1789 27).
1009 1732 1061 1776 Et
1078 1733 1185 1777 bene
1211 1731 1335 1787 pleni,
1362 1730 1462 1786 quia

231 1809 282 1855 de
296 1809 383 1867 ejus
396 1808 646 1865 plenitudine
663 1821 737 1851 nos
758 1820 896 1851 omnes
914 1807 1144 1862 accepimus
1159 1804 1301 1862 (Ioan.
1324 1816 1354 1855 1,
1375 1803 1460 1862 16).

231 1881 328 1926 llaec
365 1880 492 1925 etiam
524 1880 773 1924 indumenta
804 1879 1030 1924 sacerdotii
1046 1877 1161 1929 novi,
1193 1889 1287 1934 quae
1322 1876 1463 1920 nullus

235 1955 394 1998 babere
415 1954 568 2010 dignus
587 1959 670 2004 est,
695 1952 778 1996 nisi
802 1959 923 1995 exuto
947 1952 1069 1995 veteri
1093 1951 1254 1994 homine
1276 1963 1369 1993 cum
1394 1963 1464 1993 ac-

233 2027 340 2071 tibus
379 2027 482 2077 suis,
513 2026 582 2082 qui
615 2031 654 2068 et
685 2024 962 2079 corrumpitur
998 2023 1220 2068 secundum
1257 2023 1465 2067 desideria

231 2099 402 2153 erroris,
441 2111 590 2142 novum
617 2098 710 2153 jam
735 2098 901 2142 induere
936 2096 1099 2151 didicit,
1135 2099 1205 2155 qui
1240 2098 1464 2141 secundum

232 2171 364 2216 Deum
396 2178 558 2215 creatus
593 2172 715 2214 estin
743 2171 930 2226 justitia,
951 2178 990 2214 ct
1024 2172 1244 2215 sanctitate
1280 2171 1464 2215 veritatis

233 2244 399 2300 (Ephes.
427 2255 484 2294 tv,
503 2243 590 2300 at).
617 2244 699 2296 Qui
719 2244 809 2287 baec
825 2244 1072 2288 indumenta
1091 2256 1178 2287 non
1202 2245 1346 2297 habet,
1366 2256 1465 2289 vere

238 2316 479 2362 monachus
495 2316 565 2360 vel
586 2317 821 2363 eanonicus
839 2323 1023 2361 nonest.

288 2388 357 2434 tx.
379 2389 591 2434 Caeterum
620 2391 720 2447 quia
754 2390 1034 2434 recordamur
1051 2402 1129 2434 nos
1152 2391 1327 2442 dixisse,
1353 2391 1467 2448 quod

232 2462 406 2508 babitus
428 2469 574 2507 noster
591 2462 754 2518 aliquid
773 2462 938 2519 figuret,
962 2464 1162 2520 expetitis
1182 2469 1224 2509 et
1247 2471 1468 2520 exspecta-

233 2534 288 2578 tis
310 2539 358 2579 ut
392 2534 587 2592 quaedam
611 2534 751 2588 vobis,
788 2535 840 2580 de
865 2536 1010 2592 hujus,
1052 2548 1178 2593 quem
1203 2537 1472 2587 circumieri-

233 2619 345 2657 mus,
370 2606 544 2651 candidi
573 2607 747 2652 babitus
767 2608 1080 2666 significatione
1108 2610 1351 2666 loquamur.
1375 2610 1470 2654 Non

234 2679 442 2724 audemus
472 2679 673 2725 fraudare
693 2693 771 2726 vos
798 2693 822 2726 a
843 2683 1057 2726 desiderio
1096 2689 1256 2729 vestro.
1275 2683 1401 2737 Quod
1431 2684 1470 2729 si

233 2751 366 2799 ethic
392 2753 644 2809 insipientes
679 2752 905 2806 fuerimus,
939 2756 1077 2800 sciant
1102 2757 1284 2802 lectores
1312 2758 1467 2811 nostri,

232 2820 350 2879 quod
374 2837 452 2873 vos
486 2826 640 2882 cogitis
672 2838 768 2872 nos.
803 2825 936 2881 Solet,
972 2829 1084 2873 sicut
1120 2829 1203 2887 ipsi
1232 2839 1360 2888 quam
1384 2830 1471 2876 fre·

234 2903 416 2954 quenter
450 2898 646 2952 audistis,
671 2900 717 2945 in
756 2899 944 2945 candore
985 2903 1120 2949 vestis
1152 2905 1292 2949 notari
1331 2905 1471 2963 fulgor

237 2977 397 3016 sanctae
416 2973 773 3027 conversationis,
804 2975 913 3020 solet
937 2974 1220 3023 nihilominus
1246 2984 1290 3028 et
1315 2980 1472 3023 solem-

237 3044 352 3088 nitas
391 3044 544 3090 suturae
586 3045 826 3092 felicitatis.
862 3047 922 3092 lbi
955 3049 1182 3102 meritum,
1226 3051 1296 3094 bic
1330 3058 1472 3097 autem

237 3118 459 3173 proemium
487 3125 569 3163 est.
594 3119 891 3178 Etutrobique
913 3122 1160 3177 exsultatio,
1181 3137 1310 3180 quam
1343 3126 1472 3169 etiam

239 3190 287 3233 in
310 3191 529 3235 nonnullis
557 3191 663 3237 locis
682 3193 861 3239 «tendor
893 3195 1131 3251 exprimere
1161 3198 1284 3241 solet.
1322 3196 1405 3242 Sed
1429 3198 1472 3242 in

239 3275 331 3318 spe,
353 3276 448 3321 quae
471 3271 535 3308 est
558 3266 601 3308 in
626 3265 804 3310 merito:
831 3279 925 3322 quae
962 3280 1065 3312 vero
1098 3269 1142 3312 in
1172 3271 1362 3327 praemio,
1392 3272 1474 3315 erit

239 3335 285 3378 in
320 3349 384 3380 re.
417 3335 523 3380 Nam
562 3338 599 3383 si
630 3337 682 3382 de
710 3340 906 3384 candidis
923 3341 1065 3397 agitur
1083 3343 1291 3395 vestibus,
1314 3345 1530 3402 quibusq)
1554 3355 1672 3387 num.

240 3419 355 3451 nuuc
373 3409 608 3453 induuntur
642 3410 686 3454 in
722 3412 873 3455 merito
897 3414 1051 3466 sancti,
1076 3413 1180 3458 dicit
1201 3416 1245 3459 in
1263 3415 1472 3474 Apocaly-

240 3480 307 3535 psi
329 3478 490 3537 Augelo
513 3481 731 3526 Laodiceae
756 3483 955 3528 Ecclesiae
975 3500 984 3526 ;
1006 3486 1136 3529 Testis
1162 3489 1315 3543 fidelis,
1343 3497 1381 3532 et
1408 3504 1466 3534 ve·

242 3565 337 3603 ram,
357 3554 425 3608 qui
442 3555 763 3610 estprincipium
782 3565 982 3600 creaturae
1011 3558 1087 3602 Dei
1119 3559 1263 3617 (Apoo.
1286 3574 1355 3615 ut,
1383 3563 1469 3622 Η),

244 3622 407 3666 Suadeo
426 3625 497 3667 tibi
512 3639 644 3669 emere
667 3641 691 3670 a
709 3641 770 3670 me
795 3641 943 3671 aurum
963 3630 1137 3686 ignitum
1169 3633 1401 3687 probatum,
1426 3642 1472 3679 ut

246 3695 422 3750 locuples
453 3699 529 3751 fias
554 3698 669 3754 (ibid.
695 3699 779 3754 ¹8).
802 3699 925 3753 Quod
947 3703 1119 3758 quidem
1141 3706 1256 3749 aliud
1277 3718 1363 3750 non
1387 3715 1471 3759 est,

245 3769 330 3811 nisi
348 3770 461 3824 quod
492 3772 731 3815 exercendo
756 3774 996 3830 aequitatem
1019 3776 1210 3831 Justitiae‚
1234 3779 1473 3823 claritatem

245 3842 468 3896 acquirere
490 3843 613 3885 nobis
636 3844 838 3889 debemus
856 3849 1092 3901 sapientiae,
1122 3850 1244 3906 juxta
1262 3851 1367 3895 illud
1391 3853 1473 3895 viri

245 3912 476 3968 sapientis:
502 3914 751 3972 concupisti
772 3920 1048 3973 sapientiam?
1067 3935 1185 3970 serva
1200 3922 1416 3974 mandata,
1435 3932 1473 3968 et

245 3983 357 4028 Deus
373 3998 464 4029 eam
481 3988 675 4042 proebebit
694 3990 766 4032 tibi
786 3990 934 4046 (Eccli.
957 4006 989 4045 ι,
1014 3994 1100 4052 53).
1128 3995 1218 4040 lloc
1231 4003 1297 4041 est
1313 3998 1470 4043 dicere:

246 4055 508 4103 Desiderasti
528 4064 815 4107 annuntii-me
837 4065 931 4117 tibi,
974 4073 1017 4111 et
1055 4067 1231 4114 babebis
1262 4069 1380 4114 illud.
1422 4070 1476 4115 Et

245 4130 355 4176 benc
384 4132 557 4184 dicitur,
582 4135 709 4190 229
746 4142 788 4178 ut
825 4138 1012 4195 locuples
1037 4140 1133 4192 iias;
1159 4142 1259 4198 quia
1280 4149 1382 4186 tunc
1404 4156 1475 4187 so-

246 4203 334 4247 lum
357 4217 469 4249 νει-ω
490 4206 646 4249 divitiae
668 4208 960 4264 acquiruntur,
979 4224 1074 4255 cum
1102 4213 1187 4263 illa,
1208 4227 1302 4271 quae
1322 4214 1475 4259 desur-

247 4287 340 4324 sum
365 4282 445 4326 est,
468 4279 673 4333 sapientia
700 4281 965 4336 possidetum
985 4284 1058 4327 sed
1075 4286 1475 4331 cuunhaecinterius

225 4347 380 4406 'litiget
409 4349 452 4398 in
484 4356 639 4403 mente,
683 4359 849 4408 oportet
887 4355 1102 4409 nimirum,
1148 4362 1193 4402 ut
1218 4361 1473 4419 sssgnctita'tis

1110 53 1278 99 sumu
1307 41 1889 96 essmuousruaruusts
2692 12 2793 84 ιε’
2847 81 2855 98 Α,

229 166 427 214 certiores,
447 155 600 212 lnquit,
615 153 674 196 tui
691 153 915 195 innuantur
923 146 1133 203 justitiam
1151 142 1287 201 (Psal.
1308 150 1452 196 enar,
1477 144 1512 187 Α
1533 135 1663 180 etiam
1682 134 1858 177 claritas
1891 127 2113 211 splendeat
2148 126 2193 208 iu
2222 125 2366 207 ope‘re.
2387 125 2514 209 JJnde
2544 133 2585 172 et
2609 127 2679 174 hic
2700 118 2794 177 ad-

1214 209 1451 270 splendida,
1529 207 1726 262 jungitur
1746 220 1754 246 :
1774 203 1826 247 Et
1843 207 2091 246 vestuneutts
2106 198 2212 241 albis
2230 197 2419 243 induaris
2434 198 2578 256 (Apoc.
2598 213 2631 244 ιι
2654 235 2666 254 ,
2687 186 2802 266 18).)
2856 226 2916 266 mes,

2893 142 2924 200 9⁴⁰

1534 276 1796 321 Vestimenta
1834 274 1930 317 alba
1957 305 1969 323 ,
1994 283 2124 327 opera
2159 276 2260 314 sunt
2278 271 2522 316 sanctitatis
2554 280 2787 328 venustate·
2854 283 2923 336 wi

1534 349 1777 394 candidata.
1803 346 1969 398 Quibus
1996 342 2188 400 proiecto
2223 343 2258 386 si
2285 343 2426 387 vestiti
2443 356 2531 387 non
2554 316 2803 400 fuerimus,⁸i
2856 388 2858 394 s

1533 421 1746 469 horribili,
1771 423 1918 474 utpote
1939 417 2172 460 virtutibus
2195 411 2372 472 penitus
2402 419 2547 471 vacui,
2565 475 2568 478 ‚
2584 419 2788 468 nuditate¹

1536 494 1804 538 sordebimus
1830 507 1839 534 z
1877 490 1944 534 hic
1962 490 2063 547 quia
2093 496 2214 540 tunc,
2239 490 2355 546 quod
2371 482 2643 548 summopere
2669 491 2806 550 pra-³,

1537 566 1775 611 cavendum
1796 565 1988 621 iubetur,
2013 563 2228 619 apparebit
2257 563 2446 619 confusio
2475 564 2680 611 nuditatis
2701 541 2813 614 tta-‘41

1535 646 1635 683 strae
1657 637 1800 696 (Apoc.
1828 649 1894 687 ιιι,
1924 635 2010 694 18).
2045 634 2091 679 ln
2125 635 2274 679 eodem
2297 648 2468 693 quoque
2502 638 2628 690 libro,
2653 615 2813 702 paulofi
2881 663 2886 674 ·

1536 711 1717 772 inferius
1750 710 1903 766 legitur
1927 707 2042 765 quod
2074 715 2198 752 erant
2231 709 2375 764 viqinti
2397 718 2576 765 quatuor
2602 699 2813 758 senioris>¹

1538 783 1842 827 circumamicti
1854 783 2103 826 vestimentis
2122 782 2226 824 albis
2251 782 2395 838 (Apoc.
2426 795 2484 835 iv,
2507 783 2582 842 4.):
2611 798 2689 842 pro
2711 758 2817 840 eof:
2886 774 2907 815 ’-

1538 858 1651 914 quod
1680 857 1942 913 quicunque,
1963 855 2029 900 vel
2055 856 2134 899 sub
2159 854 2304 901 Veteri
2327 853 2603 904 Testamenta
2621 843 2802 905 duodess-v

1538 931 1623 974 cim
1650 935 1749 974 sunt
1772 928 2115 984 patriarcharum
2139 928 2446 985 fideinsigniti,
2463 931 2530 974 vel
2547 931 2629 974 sub
2644 931 2783 984 Novo„
2875 920 2879 925 ’

1540 999 1763 1044 duodecim
1790 1006 1891 1043 sunt
1919 1001 2212 1055 apostolorum
2237 1000 2448 1046 doctrinis
2468 1002 2637 1056 imbuti,
2654 1005 2786 1050 bono-

1540 1086 1633 1116 rum
1667 1085 1846 1127 operum
1869 1071 2055 1115 candore
2081 1068 2339 1129 fulgescunt.

1593 1143 1646 1188 X.
1673 1143 1718 1187 Si
1740 1155 1838 1187 vero
1852 1143 1904 1186 dc
1922 1142 2005 1186 illis
2022 1142 2215 1200 quaa-itis
2233 1144 2424 1189 vestibus
2446 1145 2659 1198 candidis,
2679 1146 2782 1204 qui·
2812 1205 2815 1211 ἵ
2882 1188 2883 1192 ,
2902 1196 2909 1211 ἵ,

1542 1364 1692 1410 Sardis
1719 1363 1924 1409 Ecclesiae
1943 1364 2103 1409 dicitur
2125 1381 2135 1410 :
2159 1365 2240 1418 Qui
2266 1365 2432 1418 vicerit,
2452 1368 2645 1411 vestietur
2665 1371 2790 1413 vesti·

1542 1439 1686 1481 mentis
1706 1436 1812 1480 albis
1833 1436 1977 1494 (Apoc.
2002 1449 2078 1489 ιιι,
2103 1437 2161 1496 5).
2191 1437 2556 1483 vestimentorum
2591 1441 2788 1486 alborum

1541 1516 1720 1555 ornatus
1735 1510 1930 1554 victoriae
1953 1509 2155 1555 succedet
2180 1525 2191 1555 t
2215 1512 2316 1567 quia
2349 1512 2468 1567 prior
2496 1513 2791 1568 temporaliter

1542 1586 1614 1628 illa
1646 1589 1737 1637 est3
1762 1583 1855 1626 hece
1886 1590 2029 1627 autem
2053 1583 2285 1640 posterior.
2328 1582 2379 1627 Et
2410 1583 2578 1629 fructus
2613 1585 2788 1641 quidem

1542 1658 1625 1702 iste
1651 1673 1662 1701 ι
1686 1648 1765 1700 ‘iila
1784 1668 1888 1701 vero
1910 1667 2041 1700 causa
2058 1661 2155 1699 est:
2183 1655 2264 1709 Qui
2292 1657 2461 1710 vicerit,
2485 1656 2648 1714 iuquit.⁴
2676 1656 2792 1713 Quid

1540 1728 1730 1774 vicerit?
1751 1728 1828 1785 qui
1858 1729 2011 1772 vicerit
2030 1729 2220 1785 seipsum
2237 1761 2248 1782 ,
2283 1729 2509 1782 mundum,
2540 1731 2758 1777 diabolum
2774 1765 2790 1788 ,

1540 1802 1625 1846 tria
1651 1801 1762 1856 baec;
1789 1805 1880 1859 ipse
1902 1803 2051 1859 utique
2074 1803 2267 1846 vestietur
2278 1803 2457 1865 vestibus
2475 1804 2598 1849 albis.
2623 1805 2791 1862 Quibus

1544 1874 1653 1918 albis
1674 1875 1984 1919 vestimentis?
2011 1873 2168 1932 Utique
2187 1876 2254 1919 sui
2272 1875 2413 1932 ipsius
2443 1877 2788 1931 immortalitate,
2853 1889 2858 1894 ·

1543 1953 1584 1992 et
1621 1948 1967 2003 incorruptione;
1986 1947 2100 1992 bona
2118 1981 2130 2000 ,
2158 1954 2200 1992 et
2218 1948 2415 2004 jucunda
2453 1950 2694 1995 concivium
2720 1964 2792 1997 so-

1544 2022 1721 2075 cietatc;
1746 2021 1871 2065 beata
1908 2021 2094 2078 denique
2116 2027 2159 2065 et
2179 2021 2453 2066 beatificante
2486 2021 2623 2078 ipsius
2642 2023 2786 2068 omni-

1544 2096 1730 2153 potentis
1750 2094 1824 2140 Dei
1854 2096 2037 2140 visione.
2063 2095 2167 2138 Nam
2192 2096 2283 2139 baec
2301 2096 2559 2140 vestimenta
2589 2103 2715 2148 sunt,
2747 2103 2791 2140 et

1543 2169 1802 2213 vestimenta
1823 2168 1996 2225 quidem
2019 2168 2132 2212 alba.
2160 2167 2212 2211 Et
2235 2168 2373 2224 prima
2404 2175 2520 2213 certe
2539 2170 2791 2214 vestimenta

1545 2243 1741 2299 accipere
1761 2243 1918 2299 dignus
1935 2241 2050 2299 eris,
2069 2243 2106 2287 si
2122 2254 2240 2286 nuuc
2256 2244 2440 2300 teipsum
2466 2243 2619 2287 vineis.
2651 2241 2781 2298 'l'eip-

1548 2328 1641 2360 sum
1669 2318 1827 2373 quippe
1850 2322 1954 2362 tune
1985 2317 2110 2374 plene
2128 2311 2400 2374 possidebis,
2439 2317 2633 2373 nihilque
2669 2317 2714 2360 in
2747 2321 2790 2362 te

1546 2402 1675 2448 grave
1706 2390 1782 2433 tibi
1814 2397 1857 2434 et
1887 2390 2179 2443 contrarium,
2206 2403 2285 2435 nec
2307 2395 2459 2435 eontra
2498 2397 2538 2434 te
2566 2391 2610 2434 in
2641 2390 2787 2447 aliquo

1548 2465 1761 2509 rebellans
1793 2464 1996 2516 babebis,
2030 2465 2069 2509 si
2091 2464 2220 2509 modo
2247 2465 2431 2521 rigidam
2463 2464 2694 2509 cervicosae
2715 2475 2792 2508 vo-

1549 2537 1725 2581 luntatis
1761 2541 1844 2580 tuoe
1877 2536 2131 2594 pravitatem
2169 2535 2403 2593 frangens,
2434 2535 2479 2597 in
2516 2534 2792 2580 exsecutione

1548 2612 1846 2656 mandatorum
1875 2610 2111 2663 Altissimi‘,
2136 2610 2355 2655 seniorum
2383 2622 2479 2654 eam
2509 2610 2782 2666 jussionibus

1550 2686 1643 2729 sine
1667 2697 1904 2736 murmure,
1925 2691 1968 2730 et
1989 2697 2111 2728 mora
2150 2695 2388 2742 supponas,
2415 2691 2458 2729 et
2485 2683 2670 2728 membra
2687 2691 2758 2727 tua
2778 2716 2789 2735 ,

1548 2771 1640 2814 quae
1663 2765 1760 2802 sunt
1782 2771 1904 2814 super
1921 2765 2091 2809 terram,
2117 2771 2210 2803 cum
2228 2758 2367 2809 uitiis,
2391 2764 2431 2801 et
2455 2756 2792 2810 concupiscentiis

1551 2829 1819 2876 mortificans
1838 2830 1960 2889 (Col.
1993 2843 2071 2882 m,
2090 2831 2117 2875 5
2130 2829 2162 2889 ),
2183 2830 2238 2874 ad
2250 2830 2478 2875 utilitatem
2493 2830 2618 2875 bonae
2638 2842 2793 2887 opera-

1550 2903 1682 2947 tionis
1698 2915 1748 2947 ea
1766 2904 1987 2948 extendas.
2012 2903 2120 2948 Cum
2136 2910 2279 2948 autem
2309 2905 2371 2947 sic
2386 2903 2652 2961 corruptibile
2666 2909 2793 2948 tuum

1550 2976 1739 3021 induerit
1766 2977 2140 3031 incorruptionem,
2164 2984 2204 3020 et
2233 2976 2407 3019 mortale
2441 2984 2563 3020 tuum
2603 2976 2795 3032 induerit

1551 3050 1912 3093 iinmortalitatem
1946 3047 1981 3106 (1
1999 3047 2082 3094 Gor
2099 3062 2170 3100 xv,
2206 3049 2294 3105 55),
2315 3048 2510 3093 indueris
2540 3049 2637 3092 aliis
2660 3049 2794 3094 vesti-

1552 3123 1709 3167 mentis
1727 3124 1876 3180 gloriae
1897 3128 1997 3174 tuae,
2023 3134 2119 3178 quae
2141 3121 2311 3178 quidem
2331 3122 2382 3165 ad
2417 3122 2680 3166 consortium
2704 3121 2794 3178 spi-

1553 3197 1712 3239 rituum
1741 3196 2033 3252 angelicorum
2065 3201 2106 3239 et
2139 3195 2358 3238 luuuinum
2390 3196 2605 3251 pertinent
2642 3195 2792 3238 beato·

1554 3281 1648 3312 rum
1666 3301 1676 3320 ‚
1715 3269 1874 3325 quibus
1915 3267 2191 3325 conjungeris
2222 3274 2264 3311 et
2307 3267 2534 3312 inboerebis
2581 3267 2624 3310 in
2669 3273 2793 3311 aeter-

1608 3413 1678 3462 xi.
1704 3415 1756 3459 Et
1781 3415 1832 3459 ad
1853 3416 1934 3459 hoc
1958 3415 2160 3459 nimirum
2183 3415 2447 3458 consortium
2492 3420 2534 3458 et
2552 3413 2790 3471 jucundum

1553 3489 1794 3532 sublimiter
1838 3494 1941 3532 tunc
1963 3489 2208 3544 pertinges,
2246 3489 2280 3532 si
2304 3487 2511 3532 mundum
2551 3493 2592 3531 ct
2617 3500 2663 3532 ea
2697 3501 2791 3545 quae

1552 3560 1700 3603 mundi
1720 3569 1820 3603 sunt
1859 3561 1986 3617 pleno
2002 3559 2161 3604 mentis
2175 3561 2379 3615 despectu
2400 3571 2516 3603 nunc
2531 3561 2759 3603 conculcas
2779 3574 2788 3603 :

1555 3639 1599 3677 ut
1621 3634 1722 3677 dum
1745 3634 1788 3677 in
1810 3635 2007 3691 praesenti
2026 3667 2037 3685 ,
2057 3634 2108 3676 ad
2136 3632 2232 3688 (Iob
2265 3647 2390 3676 xxxi-x
2409 3667 2420 3687 ,
2444 3633 2490 3691 6)
2511 3634 2648 3677 instar
2671 3634 2790 3677 illius

1551 3707 1717 3763 onagri,
1742 3720 1867 3762 quem
1895 3706 2102 3751 Dominus
2123 3705 2288 3750 dimisit
2315 3707 2496 3749 liberum
2515 3738 2527 3758 ,
2551 3704 2793 3750 multitudi-

1554 3792 1649 3822 nem
1673 3780 1858 3822 civitatis
1878 3777 2136 3834 contemnis,
2153 3779 2203 3822 ad
2229 3780 2344 3822 illam
2370 3791 2540 3835 quoque
2561 3791 2792 3835 supernam

1552 3851 1802 3906 Jerusalem,
1820 3865 1910 3908 quoe
1932 3853 2165 3907 (edificatur
2185 3859 2231 3894 ut
2251 3850 2397 3894 civitas
2415 3883 2425 3901 ,
2460 3850 2578 3906 cujus
2613 3851 2791 3906 partici-

1551 3925 1665 3979 patio
1693 3925 1782 3980 eJ'us
1814 3926 1856 3969 in
1889 3924 2067 3980 idipsum
2089 3923 2227 3983 (Paul.
2251 3936 2375 3975 cxxi,
2400 3923 2470 3981 5),
2503 3923 2797 3967 conscendere

1554 3998 1710 4054 dignus
1729 3998 1952 4054 judiceris.
1977 3998 2070 4042 Jam
2093 3997 2197 4054 quid
2232 3997 2285 4041 de
2320 3997 2404 4041 illis
2440 3996 2632 4041 dicemus
2656 3996 2790 4039 vesti-

1553 4071 1710 4116 mentis
1732 4071 1857 4122 albis,
1884 4071 2047 4127 quibus
2063 4071 2291 4114 induemur
2311 4070 2356 4113 in
2377 4082 2445 4121 eo,
2467 4069 2581 4125 quod
2597 4068 2796 4113 claritate

1554 4144 1825 4201 perfruemur
1853 4144 2011 4188 divinoe
2042 4144 2248 4195 visionis;
2274 4148 2316 4187 et
2341 4148 2389 4184 ut
2418 4154 2467 4186 ea
2495 4143 2634 4187 simus
2670 4139 2789 4198 digni

1555 4217 1763 4273 accipere,
1784 4230 1867 4272 qua
1890 4230 1972 4261 nos
1995 4217 2233 4260 asserimus
2251 4217 2427 4259 victoria
2455 4212 2789 4271 indigerelflaee

1554 4300 1640 4332 non
1678 4290 1821 4345 inepte
1859 4289 1980 4339 dico,
2022 4289 2083 4331 uti
2107 4288 2274 4344 opinor,
2299 4287 2408 4330 albis
2440 4300 2520 4331 nos
2549 4284 2788 4331 induendos

1554 4361 1819 4409 vestimentis
1859 4372 1910 4406 eo
1932 4361 2045 4418 quod
2084 4359 2439 4417 ibipcrsmemur
2461 4360 2624 4403 visione
2652 4357 2791 4404 nostri
