2924 4588
218 120 319 164 ηε,
1214 91 1371 154 Parni
1401 94 1759 152 conssm'ms
2674 110 2789 156 1252

214 175 363 255 revera
387 208 442 253 ibi
460 177 598 253 eradt.
622 205 705 250 Sed
728 215 824 248 cum
851 208 1061 246 venerunt
1079 199 1184 244 illue
1209 200 1284 243 lilii
1304 199 1461 250 lsrael,
1479 203 1520 245 ‘A
1543 193 1787 252 egentibus,
1811 200 1854 238 el
1882 194 2013 239 etiam
2047 194 2230 248 Levitis,
2254 197 2291 241 si
2329 196 2585 254 indigerent.
2608 198 2653 244 ln
2679 183 2786 246 usus

212 284 301 340 iam
322 291 409 327 tres
426 287 549 326 erant
569 280 731 323 deletae.
747 261 851 321 filii
874 270 1456 340 Lpt'deleveruntgigantes,

214 357 293 400 titii
314 356 425 400 Esau
450 354 667 403 Horraeos,
692 350 971 406 Cappadoces
994 354 1159 404 partem
1182 344 1454 389 Heraeorum.

272 431 289 447 ·
309 427 482 470 Additio
505 426 542 468 l.
563 403 678 467 Xtibt
699 428 920 478 ponuntur
939 421 1087 464 decem
1111 424 1342 476 praecepta.
1371 415 1456 459 Sed

215 507 316 544 nota
338 498 451 553 quod
480 497 560 539 sub
585 495 653 539 bis
675 493 847 537 duobus
871 492 1152 535 continentur
1174 490 1273 539 illa;
1298 488 1455 531 horum

215 571 329 614 enim
350 570 535 625 primum
562 566 861 621 complectitur
882 564 983 616 tria,
1005 562 1243 607 secundum
1268 559 1459 604 continet

217 650 397 698 suplem-

491 711 598 755 ΕΜ».
626 710 672 753 V.
700 711 758 754 De
774 709 937 753 decima
961 708 1159 752 secunda.

269 786 529 841 Addiditque
547 784 731 841 Moyses,
753 784 854 839 quia
874 796 959 825 non
980 782 1127 826 liceret
1147 781 1212 825 eis
1230 781 1458 825 comedere

215 860 426 904 decimam
450 859 491 902 in
512 858 681 913 oppidis
702 857 810 909 suis,
831 867 909 898 nec
927 855 1212 911 primogenita
1232 866 1456 911 pecorum,

214 945 292 974 nce
324 930 535 985 primitias
578 929 803 981 laborum,
844 939 926 970 nec
962 925 1107 970 votiva
1127 958 1139 976 ,
1182 937 1263 970 nec
1304 932 1458 982 sponte

214 1007 372 1057 oblata,
414 1003 490 1048 sed
532 1010 672 1046 tamen
712 1014 858 1045 coram
893 999 1078 1043 Domino
1118 1000 1162 1043 in
1197 999 1294 1044 loco
1326 1013 1455 1056 quem

213 1079 389 1134 elegerit
423 1076 650 1127 Dominus,
690 1074 749 1118 ibi
787 1086 885 1118 cum
928 1085 1063 1117 uxore
1095 1073 1388 1125 comederent,
1416 1078 1459 1116 et

214 1151 377 1204 liberis,
407 1161 554 1202 servo,
574 1154 615 1192 et
638 1147 812 1201 aneilla,
835 1154 878 1190 et
899 1147 1030 1190 levita
1053 1147 1127 1204 qui
1151 1146 1458 1193 concellaneus

212 1232 327 1269 esset
347 1224 489 1279 (Dent.
516 1222 612 1279 κη).
637 1222 682 1266 ln
706 1234 793 1278 quo
822 1229 1035 1278 praecepto
1058 1221 1259 1265 videntur
1281 1220 1458 1265 frauda-

213 1298 249 1340 ri
295 1296 468 1349 Levitae,
493 1295 652 1351 quibus
682 1296 903 1351 praemissa
945 1293 1232 1339 debebantur.
1269 1293 1455 1339 Proinde

211 1370 361 1414 dicunt
396 1369 571 1426 quidam
597 1369 680 1412 boc
703 1368 836 1412 semel
864 1367 1046 1421 factum,
1073 1380 1172 1412 cum
1196 1369 1337 1424 primo
1368 1369 1454 1413 sci·

211 1443 309 1487 licet
346 1432 503 1486 terram
544 1442 839 1485 obtinuerunt.
885 1439 1007 1483 Tunc
1048 1439 1163 1483 enim
1205 1441 1455 1484 obtulerunt

211 1502 415 1571 praedicta*
439 1514 638 1568 Domino,
661 1521 704 1558 et
736 1514 939 1570 deinceps
962 1513 1239 1556 reddiderunt
1256 1526 1304 1557 ea
1326 1513 1454 1557 Levi-

213 1588 283 1632 tis.
304 1587 387 1631 Sed
409 1588 488 1631 hoc
505 1587 611 1630 nihil
632 1593 715 1638 est,
736 1588 837 1643 quia
861 1586 1052 1630 nondum
1075 1585 1288 1631 Dominus
1306 1587 1450 1630 locum

209 1660 294 1708 sibi
312 1662 499 1717 elegerat
518 1660 559 1703 in
589 1667 701 1703 terra
722 1659 1046 1716 promissionis.
1072 1658 1155 1702 Alii
1183 1660 1452 1717 dicuntquia

210 1733 390 1788 singulis
413 1733 538 1776 annis
563 1732 653 1775 haee
677 1732 840 1777 (iebant
857 1732 921 1776 sic
941 1747 952 1775 ε
973 1732 1160 1789 primam
1184 1740 1348 1790 partem
1374 1735 1452 1778 de·-

210 1807 333 1848 cimae
366 1804 516 1857 totius,
553 1810 600 1847 ut
636 1805 820 1867 primam
848 1803 1051 1861 gelimam
1088 1805 1231 1862 grani,
1269 1807 1451 1862 primam

209 1879 462 1934 amphoram
485 1877 590 1929 vini,
626 1878 694 1921 vel
732 1878 814 1921 olei
839 1879 1068 1935 separabat
1106 1880 1206 1934 sihi,
1228 1881 1303 1938 qui
1337 1881 1454 1926 dcci-

209 1964 324 1996 mam
346 1951 472 1995 dabat
493 1950 672 2004 Levitis,
694 1958 738 1995 et
762 1951 881 1995 illam
905 1953 1119 1997 modicam
1144 1961 1310 2009 partem
1333 1955 1454 1999 deei-

210 2036 376 2069 marum
409 2024 572 2069 screbat
603 2037 751 2069 secum
776 2025 817 2068 in
842 2024 1104 2080 Jerusalem,
1129 2035 1170 2071 et
1194 2027 1453 2084 epulabatur

210 2098 308 2142 inde
332 2109 479 2143 coram
513 2096 717 2142 Domino.
755 2097 806 2142 Et
831 2098 914 2143 hoc
940 2099 1040 2143 inde
1060 2099 1324 2156 coniectant,
1351 2103 1453 2157 quia

210 2171 302 2216 lta-c
325 2170 490 2216 decima
522 2172 771 2228 praecipitur
799 2172 901 2228 poni
927 2172 969 2215 in
996 2173 1193 2225 cartallo,
1219 2175 1335 2229 qnod
1361 2187 1455 2218 mo-

210 2243 353 2287 dicum
381 2255 457 2288 ras
492 2233 574 2295 est,
602 2255 682 2287 nec
715 2254 860 2288 veram
890 2251 1065 2300 caperet
1095 2244 1327 2290 decimam.
1369 2245 1454 2290 Sed

212 2317 282 2360 hic
303 2317 604 2373 primogenitis
626 2323 669 2360 et
693 2317 914 2373 primitiis,
939 2317 1098 2363 votivis
1123 2324 1167 2362 ct
1203 2320 1452 2376 spontaneis

209 2391 316 2435 nihil
355 2391 511 2434 habent
550 2391 901 2435 determinatum.
942 2390 1067 2436 Unde
1101 2392 1247 2436 verior
1283 2400 1352 2436 est
1382 2394 1453 2437 hie

211 2465 382 2508 traditio
400 2464 679 2509 llehraeorum
700 2478 711 2509 :
732 2463 924 2521 Singulis
946 2463 1074 2518 annis
1094 2462 1261 2508 Hebraei
1289 2464 1455 2510 faciunt

210 2538 320 2582 duas
353 2538 665 2583 decimationes
703 2538 918 2582 bonorum
945 2550 1143 2582 suorum.
1168 2538 1358 2584 Primam
1386 2553 1456 2585 se·

210 2613 424 2667 parabant
467 2611 631 2655 Levitis
659 2626 669 2655 :
697 2610 751 2655 de
800 2611 883 2655 hac
922 2611 1084 2655 dictum
1124 2618 1229 2656 cst:
1267 2611 1455 2658 Desudet

209 2685 478 2743 eleemosyna
519 2687 558 2730 in
585 2699 713 2731 manu
751 2694 840 2740 tua,
867 2685 1007 2731 donec
1040 2687 1236 2733 invenias
1266 2689 1452 2746 justum,

210 2759 281 2806 cui
306 2759 396 2813 des,
424 2759 464 2802 id
491 2767 554 2802 est
578 2759 697 2802 illum
720 2759 790 2802 cni
814 2757 964 2803 debes.
994 2757 1155 2805 Iterum
1177 2771 1331 2805 novem
1354 2761 1455 2806 reli-

210 2845 319 2889 quas
351 2839 495 2889 pat-tes
521 2832 816 2896 decimabant,
838 2839 883 2877 et
915 2829 1029 2878 hane
1062 2835 1299 2878 secundam
1321 2835 1455 2879 deci·-

212 2917 327 2949 mam
368 2906 450 2954 sibi
489 2905 789 2959 reservabant,
814 2912 858 2950 et
879 2919 932 2949 cx
969 2919 1020 2951 ea
1042 2914 1110 2951 tet·
1130 2910 1172 2951 in
1199 2920 1330 2963 anno,
1353 2921 1453 2953 eum

212 2978 504 3022 ascendebant
523 2979 567 3023 in
586 2977 843 3043 Jerusalem,
862 2980 1107 3026 oblationes
1123 2989 1165 3025 et
1184 2982 1336 3039 epulas
1352 2983 1453 3038 sibi,

211 3058 254 3093 et
276 3050 423 3094 domui
446 3063 534 3094 sute
562 3049 800 3105 faciebant,
822 3059 867 3095 et
893 3050 1087 3097 Levitam
1110 3055 1453 3110 concellaneum,

212 3123 286 3180 qui
305 3125 433 3167 etiam
473 3137 572 3169 cum
612 3126 676 3169 eis
717 3126 974 3171 ascenderet
1006 3127 1264 3172 invitabant.
1290 3128 1334 3171 ln
1358 3141 1457 3174 eos-

212 3198 310 3240 dent
348 3208 455 3241 usus
491 3199 777 3243 reservabant
803 3199 885 3243 sibi
911 3201 1151 3244 secundum
1174 3203 1333 3246 animal
1359 3211 1457 3258 post

213 3272 566 3328 primogenitum,
602 3273 726 3328 quasi
763 3274 1003 3317 seeundum
1034 3275 1391 3331 primogenitum,
1414 3285 1458 3319 et

217 3344 413 3389 similiter
437 3352 536 3402 post
555 3347 769 3402 primitias
782 3348 1046 3391 tantumdem
1070 3347 1151 3392 sibi
1176 3349 1454 3404 reponebant,

1537 280 1641 311 vero
1663 267 1861 323 proprios
1896 281 1950 311 ex
1978 268 2064 325 bae
2086 269 2195 313 nihil
2220 271 2536 326 expendebant,
2560 281 2603 317 et
2625 275 2679 318 de
2704 276 2785 320 hac
2819 283 2824 286 “
2875 272 2885 294 ²

1537 340 1701 384 dictum
1720 348 1786 383 est
1814 355 1825 383 :
1854 355 1869 382 t
1891 339 2019 384 Omni
2047 341 2210 402 petenti
2234 343 2378 386 tribue
2402 343 2524 398 (Luc.
2548 347 2625 400 vt).
2649 362 2664 387 i
2693 347 2786 390 Ad·
2878 345 2884 358 ³

1538 412 1600 456 dit
1620 424 1793 468 quoque
1826 414 1939 468 quod
1972 413 2009 456 si
2036 413 2167 456 etiam
2195 413 2343 468 frater,
2370 422 2446 458 aut
2477 429 2606 470 uxor,
2631 425 2706 461 aut
2735 417 2788 463 fi-

1538 483 1639 535 lius,
1670 490 1746 527 aut
1776 484 1943 527 amicus
1977 484 2178 539 specialis
2210 487 2488 540 persuaderet
2516 489 2702 544 aliquem
2724 488 2790 546 ,³¹²

1538 557 1704 599 cultum
1741 556 1977 608 idolorum,
2015 557 2129 601 forte
2161 568 2338 613 propter
2378 559 2657 613 affluentiam,
2690 573 2788 619 quat

1539 629 1834 684 sequebantur
1852 628 2053 684 gentiles,
2076 641 2162 672 non
2186 631 2425 675 occultaret
2439 645 2566 683 eum:
2590 633 2662 676 scd
2688 646 2789 678 cott-

1537 701 1720 754 victum,
1744 708 1820 745 aut
1842 701 2093 746 consessum
2110 704 2301 758 populus
2318 704 2523 750 obrueret
2544 707 2794 763 lapidibusa

1538 785 1582 821 et
1604 778 1677 821 ille
1706 778 1776 821 cui
1812 785 2120 833 praesuaserat,
2145 780 2315 835 primus
2348 781 2592 836 imponeret
2629 794 2787 828 manus

1538 860 1643 893 suas
1662 862 1794 905 super
1816 862 1940 903 eum;
1974 850 2125 894 eodem
2155 852 2286 895 modo
2310 853 2464 898 civitas
2491 856 2699 900 adversus
2723 856 2788 900 ci-

1537 923 1713 967 vitatem
1743 923 2006 978 insurgeret,
2027 931 2072 967 et
2094 925 2261 968 deleret
2295 938 2409 977 eam,
2434 928 2472 970 si
2503 928 2786 984 persuaderet

1539 995 1788 1039 recederea
1814 995 1934 1039 cultu
1971 994 2063 1039 Dei.
2099 995 2345 1041 incissuras
2383 999 2532 1052 etiam,
2570 1007 2614 1044 et
2651 1002 2785 1044 calvi·

1541 1069 1650 1113 tium
1691 1068 1785 1113 fieri
1825 1081 1957 1125 super
1993 1077 2191 1115 mortuos
2230 1072 2458 1128 prohibuit
2493 1073 2637 1128 (Dent.
2677 1077 2785 1132 xiv),

1542 1142 1690 1199 quod,
1729 1149 1774 1188 et
1818 1142 2073 1199 sanguinem
2110 1157 2238 1189 sunm
2284 1144 2491 1199 fundere,
2530 1153 2572 1192 et
2608 1148 2787 1204 capillos

1540 1216 1750 1269 tondere,
1799 1223 1842 1260 et
1895 1217 2141 1262 sacriticare
2192 1219 2403 1274 mortuis,
2445 1227 2494 1264 ut
2529 1221 2688 1266 ethnici
2717 1221 2785 1266 l'a-

1484 1272 1676 1334 Bciunt.
1718 1289 1943 1334 Prohibuit
1980 1301 2154 1347 quoque
2203 1292 2431 1337 morticina
2469 1294 2661 1347 comedi;
2710 1297 2786 1338 scd
2832 1301 2835 1305 ’

1535 1363 1699 1408 addidit
1735 1364 1835 1420 quia
1875 1371 1917 1408 et
1940 1364 2012 1408 illa
2037 1365 2117 1409 sibi
2159 1365 2402 1420 immunda,
2443 1376 2624 1423 possent
2661 1368 2783 1422 dare,

1533 1442 1608 1479 aut
1629 1438 1810 1480 vendere
1834 1438 2074 1494 peregrinis
2092 1471 2104 1493 ,
2144 1446 2186 1483 et
2206 1439 2386 1483 advenis
2406 1471 2418 1491 ,
2453 1441 2555 1496 quia
2590 1443 2785 1485 nationes

1534 1509 1630 1554 aliae.
1654 1509 1772 1554 licite
1805 1512 1954 1557 multis
1986 1519 2249 1567 vescuntur,
2287 1525 2386 1569 quae
2419 1513 2647 1558 interdicta
2684 1520 2809 1559 sunt*

1533 1582 1741 1630 Hebraeis.
1763 1584 1956 1642 Septimo
1975 1598 2284 1644 quoqueanno
2306 1589 2464 1644 quietis
2485 1598 2608 1633 terrae
2626 1590 2788 1634 addidit

1533 1658 1703 1717 Moyses
1741 1671 1796 1704 ne
1816 1661 2006 1704 creditor
2025 1663 2216 1719 exigeret
2237 1662 2430 1707 debitum
2449 1675 2472 1706 a
2492 1664 2685 1707 debitore
2703 1661 2787 1706 lle-

1533 1732 1651 1776 braeo
1674 1732 1900 1777 duntaxat.
1921 1733 1959 1776 A
1993 1736 2220 1792 peregrino
2246 1743 2415 1792 poterat
2450 1736 2645 1792 exigere,
2668 1743 2709 1779 et
2731 1735 2787 1779 ob
2863 1768 2866 1771 Α

1534 1806 1617 1851 hec
1633 1807 1805 1851 vocabit
1826 1819 1990 1852 annum
2014 1809 2137 1852 illum
2162 1822 2334 1861 aninum,
2362 1810 2630 1854 remissionis
2652 1846 2664 1863 ,
2697 1822 2786 1854 non

1533 1879 1651 1924 illius
1674 1886 1817 1924 tamen
1841 1881 1967 1936 cujus
1991 1889 2086 1927 erat
2119 1876 2342 1927 Jubilaeus.
2385 1883 2430 1936 ln
2461 1882 2641 1927 tubilaeo
2670 1882 2788 1927 enim

1533 1953 1859 1999 dimittebantur
1883 1955 2048 2010 debita;
2072 1955 2115 2000 in
2136 1957 2219 2002 hoc
2235 1956 2490 2003 differebant
2506 1965 2660 2015 petere.
2682 1956 2790 2002 Pro·

1534 2027 1760 2085 hibuitque
1779 2028 1822 2074 in
1862 2029 2160 2088 primogenitis
2195 2031 2338 2077 ‘bobus
2382 2033 2514 2086 arari,
2550 2039 2594 2078 et
2628 2031 2787 2093 vellera

1534 2101 1920 2158 primogenitorum
1946 2104 2133 2150 tonderi.
2155 2103 2238 2149 Per
2278 2106 2394 2162 quod
2423 2107 2566 2151 innuit
2592 2107 2700 2152 nihil
2733 2108 2788 2152 tle

1533 2171 1832 2229 primogenitis
1851 2174 2006 2219 debere
2030 2176 2241 2230 sumi‚vel
2259 2176 2350 2222 fieri
2374 2178 2417 2221 in
2441 2191 2548 2223 usus
2566 2179 2784 2236 proprios,

1534 2246 1635 2301 quia
1649 2244 1894 2291 Levitarum
1920 2254 2030 2294 erat.
2050 2248 2172 2302 Quod
2194 2252 2233 2295 si
2260 2251 2472 2296 maculam
2505 2252 2789 2310 haberetvpri-

1534 2322 1818 2379 mogenitum,
1841 2330 2017 2379 poterat
2028 2325 2198 2369 comedi
2222 2326 2374 2371 inloeo
2393 2340 2491 2380 sno,
2515 2328 2691 2371 sednon
2710 2340 2787 2375 co-

1532 2407 1626 2439 ram
1645 2393 1843 2440 Domino.
1864 2395 2076 2453 Repetens
2107 2411 2279 2456 quoque
2298 2399 2467 2458 Moyses
2485 2400 2661 2446 desasto
2678 2400 2789 2446 Pen-

1531 2475 1717 2514 tecostes
1738 2469 1800 2514 ait
1822 2485 1834 2515 :
1859 2485 1874 2512 t
1916 2469 2086 2528 Septem
2114 2472 2406 2519 hebdomadas
2439 2476 2687 2521 numerabis
2712 2475 2787 2520 tihi

1531 2542 1587 2603 ab
1608 2554 1659 2587 ea
1675 2542 1838 2600 diequa
1854 2542 2003 2588 l'alcem
2019 2545 2062 2587 in
2085 2551 2270 2601 segetem
2287 2547 2476 2601 miseris,
2488 2555 2531 2592 et
2550 2549 2787 2595 celebrabis

1532 2617 1646 2664 diem
1669 2614 1827 2661 festum
1848 2615 2214 2663 hebdomadarum
2239 2618 2422 2665 Domino
2443 2620 2622 2667 Deovtuo
2642 2620 2784 2680 (Dent.

1533 2688 1638 2745 xvi).
1671 2703 1687 2731 ι
1714 2687 1832 2742 Hoc,
1865 2696 1911 2734 ut
1933 2690 2038 2739 dicit
2071 2689 2382 2749 Hieronymus,
2409 2692 2573 2738 llehraei
2610 2706 2690 2750 nee
2725 2694 2783 2739 ad

1532 2759 1751 2815 litteram,
1787 2773 1869 2806 nee
1900 2762 1954 2805 ad
1989 2762 2187 2818 spiritum
2221 2765 2494 2819 custodiunt,
2532 2771 2636 2811 tunc
2669 2767 2786 2813 enim

1532 2847 1619 2880 non
1635 2835 1788 2879 eodem
1812 2835 1882 2880 die
1902 2835 2024 2880 tieret
2045 2833 2336 2888 Pentecostes,
2363 2838 2561 2894 qniaalii
2585 2839 2750 2885 tardius
2768 2871 2782 2893 ,

1533 2909 1608 2953 alii
1631 2909 1759 2955 citius
1782 2918 1964 2965 metunt,
1991 2911 2228 2957 seeundum
2253 2919 2411 2969 statum
2432 2911 2655 2970 regionum
2680 2925 2785 2958 sua-

1536 2996 1652 3028 rum.
1676 2984 1872 3030 Fuerunt
1888 2986 2016 3030 etiam
2039 2983 2111 3048 qui
2139 2984 2347 3039 dicerent,
2364 2998 2581 3043 quemque
2617 2986 2787 3044 agrico-

1533 3056 1619 3100 lam
1645 3069 1669 3101 a
1689 3057 1827 3114 prima
1846 3059 1916 3103 die
1949 3059 2182 3105 messionis
2202 3071 2292 3105 suae
2309 3092 2323 3113 ,
2358 3059 2671 3118 quinquaginta
2692 3059 2786 3105 die·

1535 3136 1827 3185 computasse,
1851 3138 1893 3174 et
1912 3143 1960 3176 ea
1980 3131 2050 3175 die
2073 3130 2172 3187 sibi,
2191 3139 2233 3177 et
2261 3131 2353 3177 suis
2372 3129 2548 3188 epulum
2592 3132 2786 3177 solemne

1534 3213 1726 3258 parasse,
1745 3204 1916 3248 etdiem
1942 3203 2099 3248 festum
2123 3206 2278 3262 egisse.
2301 3203 2390 3250 Nec
2423 3204 2597 3262 quidem
2631 3202 2787 3249 Pente·

1536 3282 1684 3319 costen
1720 3275 1924 3330 legalem,
1968 3277 2041 3321 sed
2078 3289 2156 3334 pro
2195 3278 2386 3323 collectis
2422 3277 2624 3321 omnibus
2659 3278 2784 3334 quasi
2818 3312 2820 3315 .

1536 3348 1650 3391 diem
1676 3348 1862 3404 agebant
1890 3348 2146 3401 solemnem.
2183 3348 2377 3392 Tradidit
2413 3348 2654 3405 Josephus,
2682 3346 2784 3405 quin

212 3419 338 3475 qnasi
369 3419 582 3465 secundas
608 3421 841 3477 primitias.
875 3422 959 3476 Qui
982 3430 1126 3467 autem
1150 3425 1359 3480 ampliora
1386 3426 1453 3469 his
1478 3436 1514 3480 n
1535 3422 1701 3469 decima
1727 3423 1876 3478 quinta
1895 3424 1996 3467 luna
2016 3423 2173 3476 Phase,
2190 3422 2259 3467 die
2280 3423 2444 3467 seilicet
2461 3423 2642 3467 solemni
2659 3422 2784 3480 ¹Azy-

215 3493 300 3536 ittis
321 3492 458 3536 tribus
477 3491 600 3538 festis
618 3495 863 3550 expendere
883 3495 1068 3549 volebat,
1088 3496 1234 3554 aliqua
1254 3497 1307 3541 de
1330 3498 1455 3542 bonis

215 3566 354 3611 adhuc
377 3566 620 3623 separabat,
647 3573 805 3613 etcum
839 3568 1058 3625 praedictis
1087 3570 1354 3622 reservabat,
1379 3583 1457 3614 vo-

215 3652 322 3684 vens
353 3640 425 3683 illa
465 3638 668 3687 Domino.
700 3640 910 3686 Praeterea
942 3644 1073 3687 ctiam
1094 3643 1271 3700 quidam
1303 3644 1345 3688 in
1373 3644 1456 3688 illis

218 3711 591 3767 solemnitatibus,
632 3720 789 3770 praeter
832 3726 882 3759 ea
925 3727 1022 3770 quae
1058 3715 1269 3766 diximus,
1307 3722 1458 3772 sponte

217 3787 414 3841 quaedam
444 3787 745 3843 expendebant
769 3789 822 3832 ad
856 3789 1066 3834 bonorem
1091 3788 1282 3844 Domini,
1305 3797 1346 3834 et
1367 3790 1458 3833 hate

219 3859 473 3906 secundaria
509 3863 713 3918 praecepit
740 3862 911 3918 Moyses
949 3864 1052 3907 l'erri
1089 3865 1142 3908 ad
1178 3864 1320 3922 locum
1358 3877 1459 3909 san·

219 3941 356 3987 ctum,
379 3941 422 3979 et
456 3936 623 3979 comedi
648 3949 793 3980 coram
828 3936 1015 3981 Domino
1036 3936 1180 3992 (Dent.
1208 3950 1280 3981 xtv
1298 3947 1341 3982 et
1368 3938 1455 3993 xv).

220 4006 383 4051 Tamen
417 4008 722 4053 remotioribus
758 4009 946 4054 licebant
969 4010 1048 4054 ista
1072 4010 1258 4054 vendere
1290 4010 1333 4053 in
1362 4010 1459 4053 loco

222 4091 319 4132 suo,
339 4085 381 4124 et
403 4079 517 4123 serre
539 4081 722 4135 pretium
745 4093 913 4135 seeum,
932 4090 1143 4137 ebernei-e
1165 4081 1248 4125 sibi
1268 4082 1311 4125 in
1331 4080 1458 4125 Jeru-

222 4153 354 4198 salem
385 4152 501 4209 quod
546 4153 817 4197 desiderabat
841 4155 984 4197 anima
1012 4166 1106 4197 sua.
1144 4153 1351 4198 Praeterea
1374 4161 1461 4197 ter-

223 4227 282 4271 tio
306 4237 419 4269 anno
438 4225 607 4269 duabus
630 4225 811 4270 decimis
846 4227 1047 4279 sublatis,
1068 4234 1113 4269 ut
1137 4227 1344 4279 diximus,
1370 4234 1459 4270 ter-

224 4299 326 4343 tiam
361 4298 577 4342 faciebant
608 4299 763 4343 iterum
787 4300 1118 4345 decimationem
1145 4301 1187 4343 in
1214 4313 1320 4343 usus
1351 4312 1433 4355 pau
1450 4323 1462 4333 ·

225 4383 391 4428 perum,
411 4379 453 4413 et
492 4371 604 4415 hanc
639 4366 907 4427 reponebant
943 4373 1054 4427 apud
1086 4385 1151 4423 se,
1183 4379 1229 4416 ut
1255 4374 1462 4418 haberent

227 4442 338 4492 unde
364 4444 513 4486 darent
539 4443 780 4499 peregrino,
798 4452 839 4488 et
859 4444 1053 4495 advena»,
1074 4446 1238 4501 pupillo
1258 4453 1300 4490 et
1322 4446 1461 4490 viduae

1536 3509 1705 3542 morum
1726 3496 1961 3541 offerebant
1977 3509 2109 3554 grana
2132 3495 2368 3542 confricata
2387 3495 2587 3540 Domino.
2614 3494 2668 3538 Et
2691 3495 2785 3540 haec

1536 3577 1629 3617 erat
1661 3570 1811 3614 missio
1841 3570 1980 3626 prima
2001 3568 2124 3614 salcis
2164 3570 2207 3613 in
2246 3575 2432 3627 segetem
2454 3601 2464 3618 ,
2488 3577 2531 3611 et
2567 3580 2591 3612 a
2616 3567 2784 3634 decima

1537 3632 1655 3690 sexta
1682 3645 1783 3688 luna
1821 3643 2108 3687 numerabant
2144 3651 2305 3699 septem
2335 3641 2652 3691 hebdomadas,
2687 3646 2784 3702 post

1536 3731 1645 3775 quas
1664 3717 1878 3761 faciebant
1895 3712 2173 3761 Pentecosten
2193 3721 2222 3758 ·.
2239 3715 2419 3769 Quidam
2446 3723 2588 3759 tamen
2610 3714 2779 3767 dicunt,

1538 3800 1586 3837 ut
1609 3792 1856 3849 praedictum
1875 3800 1957 3845 est,
1979 3803 2003 3834 a
2022 3791 2092 3834 die
2114 3789 2362 3843 Dominica,
2387 3800 2484 3845 quae
2507 3788 2636 3834 estin
2661 3783 2782 3833 festis

1538 3866 1801 3923 Azymorum
1828 3865 1983 3908 debere
2019 3864 2237 3908 nutriet-ari
2263 3870 2428 3918 septem
2458 3859 2748 3905 hebdomadas
2766 3857 2802 3914 ,⁴

1538 3941 1638 3995 quia
1659 3934 1815 3995 legitur
1840 3938 1880 3980 ln
1899 3936 2107 3982 Levitico.
2130 3950 2146 3976 t
2170 3936 2236 3980 Ab
2252 3936 2386 3979 altera
2413 3935 2487 3979 die*
2503 3932 2681 3979 sabbati
2701 3947 2782 3977 nu·-

1538 4013 1761 4057 merahitis
1782 4009 1930 4067 (Lavit.
1953 4010 2098 4068 xxm).
2130 4024 2146 4051 ι

1594 4087 1610 4103 ·
1627 4084 1800 4127 Additt'o
1825 4084 1865 4127 l.
1887 4082 1934 4127 ln
1951 4083 2130 4128 veritate
2149 4094 2173 4127 a
2197 4079 2551 4140 quinquagesima
2578 4079 2647 4125 die
2669 4080 2781 4137 Azy-

1541 4168 1709 4211 morum
1733 4156 1895 4212 prima,
1920 4161 1988 4199 est
2019 4154 2160 4211 prima
2191 4155 2283 4198 dies
2311 4152 2585 4198 Pentecosten
2604 4185 2617 4204 ‚
2654 4153 2778 4208 cujus

1541 4229 1637 4274 sesti
1662 4230 1849 4274 secunda
1871 4229 1965 4280 die,
1994 4227 2081 4271 duo
2110 4237 2242 4283 panes
2263 4225 2362 4269 nari
2386 4225 2702 4278 offerebantur,
2736 4229 2780 4267 et

1541 4303 1599 4345 ita
1617 4301 1727 4345 dnos
1748 4301 1842 4346 dies
1859 4298 2169 4357 quinquaginta
2193 4297 2397 4352 intellige.
2427 4294 2471 4339 ln
2496 4295 2663 4353 ptimo,
2686 4294 2778 4350 pri·-

1542 4387 1659 4417 mum
1690 4374 1804 4418 diem
1829 4372 2123 4425 PentecostcS,
2147 4370 2364 4422 secundo,
2399 4367 2635 4412 secundum
2664 4367 2776 4412 diem

1541 4446 1732 4502 ejusdem
1762 4445 1872 4490 l'esti.
