2924 4588
307 144 325 168 α
430 136 434 140 ”
459 173 464 178 ,
590 155 620 191 .

288 202 375 250 56⁷
803 242 832 271 Ο

1172 187 1344 234 Amin
1373 150 1963 233 rnAEuoNsrnAmusis

2771 182 2855 235 ⁵oe
2910 146 2924 212 ἶ

288 292 469 339 ,sionna
493 274 612 333 absa)
635 285 709 331 Est
733 289 873 328 autem
895 283 978 329 ista
996 297 1006 329 ;
1026 280 1103 328 sed
1124 279 1251 337 cujus‘
1273 281 1330 326 sit
1351 293 1439 324 non
1461 279 1528 325 di·
1549 279 1588 325 A
1609 282 1696 330 tus,
1721 290 1820 322 cum
1848 274 2016 319 fructus
2047 273 2105 318 sit
2134 271 2313 317 nullus?
2330 270 2420 317 Gur
2449 272 2523 317 ina
2555 272 2686 319 verba
2718 275 2853 322 surda
2916 271 2918 273 ’

290 380 342 412 co
361 383 371 410 ε
391 365 501 418 Quid
523 362 650 414 mih}
669 365 713 405 et
734 359 870 415 priori
891 360 1020 403 meo?
1037 356 1148 411 Quis
1168 357 1255 409 ille,
1280 362 1356 400 aut
1387 368 1528 413 quan·-

287 448 358 483 tus
384 439 482 482 ille?
503 435 628 478 Nullo
654 425 697 478 in
723 431 951 489 praesentia
969 442 1063 474 mea
1088 442 1156 474 me
1178 430 1318 484 major
1335 434 1401 473 est
1420 443 1429 472 z
1450 439 1528 484 par

285 514 324 558 ei
363 517 445 561 est,
471 509 545 565 qui
577 507 777 551 omnibus
800 506 847 549 in
884 494 1099 548 conventu
1131 503 1272 546 minor
1307 509 1390 546 est.
1415 501 1527 554 Quid

286 585 443 628 habere
479 582 603 625 debet
637 578 823 634 amplius
858 577 912 620 ab
947 576 1063 620 omni
1101 575 1185 618 alio
1224 574 1370 625 fratre,
1396 573 1527 618 etiam

284 656 479 705 minimo,
503 653 571 696 ubi
598 662 787 708 praesens
807 662 902 699 sum
924 649 1033 704 ego?
1056 647 1111 692 Se
1142 647 1195 690 ad
1217 659 1263 690 se
1296 647 1458 700 trabat,
1481 658 1528 691 se

282 729 325 771 in
347 740 393 771 se
414 733 571 778 teneat3
596 737 683 767 non
715 737 765 767 se
783 722 955 778 longius
988 720 1085 766 aliis
1106 720 1334 764 extendere
1362 731 1526 775 piaesu-

282 806 395 852 niat;
429 810 514 841 non
541 797 706 851 erigere
736 795 880 845 altiuS‚
906 805 995 836 non
1022 793 1153 836 latius
1186 792 1382 835 dilatare.
1417 791 1523 835 Cum

281 878 493 915 conventu
529 881 608 913 suo
642 879 687 910 se
719 865 964 920 restringat,
990 864 1054 908 sie
1084 863 1197 906 enim
1230 862 1362 918 exigit
1393 860 1525 913 ordo;

281 956 360 987 nec
385 953 591 998 unquam,
613 952 692 983 nec
716 949 898 993 usquam
922 937 1031 980 alias
1052 942 1281 991 appareat;
1304 934 1359 978 ad
1381 933 1462 978 hoc
1484 933 1523 977 ei

279 1023 322 1059 et
341 1027 464 1059 omne
486 1015 719 1068 denegetur
753 1017 936 1064 tenipus,
962 1015 1006 1052 et
1037 1009 1181 1051 omnis
1201 1007 1428 1050 claudatur
1456 1006 1523 1050 lo-

279 1101 372 1131 cus.
395 1086 634 1131 contrahat
656 1095 818 1127 cornua
844 1094 940 1134 sua,
964 1093 1052 1124 non
1076 1093 1122 1124 se
1144 1081 1320 1124 extollat
1342 1092 1421 1136 pro
1443 1091 1522 1123 no-

278 1161 392 1203 mine
412 1171 506 1203 sue.
533 1158 593 1200 Ex
620 1170 686 1201 me
710 1162 777 1201 est
805 1168 962 1199 nomen
993 1154 1074 1197 hoc
1095 1168 1104 1197 :
1126 1153 1301 1196 durabit
1329 1152 1522 1210 quandiu

283 1231 494 1286 placuerit
531 1229 654 1274 mihi.
694 1216 1023 1271 Accommodavi
1061 1225 1183 1278 illud,
1222 1238 1309 1269 non
1345 1225 1518 1270 donavi.

279 1302 537 1346 sufficientia
560 1314 655 1345 mea
677 1307 760 1355 cst,
783 1312 868 1343 non
894 1298 1122 1344 haercditas
1143 1310 1253 1353 sua3
1279 1310 1366 1342 non
1387 1311 1519 1355 pecu-

275 1376 379 1419 lium
417 1387 559 1427 suum,
596 1375 671 1417 scd
706 1374 901 1416 mutuum
939 1382 1099 1415 meum.
1132 1370 1342 1422 Exaltavi,
1375 1383 1519 1415 meum

277 1450 358 1491 erit
379 1454 420 1491 et
446 1449 685 1491 humiliare.
711 1445 881 1489 Faciam
905 1445 1002 1495 boc,
1029 1449 1072 1487 et
1098 1444 1144 1488 in
1165 1444 1299 1488 brevi.
1325 1442 1418 1487 Non
1439 1456 1520 1500 ego

274 1524 485 1565 bonorum
510 1533 702 1564 suorum.
729 1518 983 1567 Satis—sunt,
1000 1523 1042 1560 et
1063 1523 1236 1573 praesto,
1255 1518 1329 1573 qui
1351 1517 1519 1574 priores

271 1607 368 1638 esse
403 1594 566 1644 volunt,
606 1593 748 1636 sciunt
778 1597 820 1636 et
852 1597 1048 1647 possunt.
1082 1589 1255 1645 Egcnus
1285 1601 1371 1632 non
1404 1602 1517 1643 sum,

271 1668 423 1718 babeo,
452 1672 496 1710 et
529 1666 714 1714 abundo,
738 1666 875 1721 etqui
912 1665 996 1708 isto
1021 1664 1164 1707 sciunt
1195 1664 1448 1715 sapientius,
1474 1669 1518 1707 ct

269 1751 453 1795 praeesse
475 1743 656 1794 possunt
691 1736 931 1787 efficaciusss,
956 1735 1069 1779 unde
1101 1747 1182 1780 nec
1208 1735 1368 1791 injuste
1402 1737 1514 1781 volo.

270 1811 392 1855 Unde
423 1811 655 1866 assumpsi,
681 1810 739 1852 ibi
762 1810 881 1852 illum
916 1821 1139 1864 reponam.
1157 1807 1253 1852 Non
1275 1810 1412 1865 erigat
1442 1822 1516 1854 ca-

268 1891 347 1941 put
370 1897 439 1928 me
467 1886 723 1939 praesidente
742 1898 752 1927 :
771 1896 840 1927 me
871 1883 1090 1938 loquente,
1113 1895 1193 1928 nec
1213 1884 1373 1927 mutire
1405 1897 1516 1940 prae-

266 1963 425 2002 sumat.
449 1957 545 2000 Haee
571 1947 658 2009 ille,
682 1962 723 2001 et
746 1956 828 1999 alia
854 1955 977 2008 forte,
1005 1955 1049 1998 in
1072 1955 1188 1999 hunc
1212 1957 1403 2000 modum.
1430 1957 1514 2002 Sed

265 2037 473 2087 quantum
507 2030 587 2074 sibi
619 2030 700 2086 ipsi
733 2028 1004 2085 dispendium
1040 2030 1199 2074 inferat
1231 2031 1275 2073 in
1307 2043 1372 2081 eo,
1398 2032 1512 2087 qnod

265 2106 328 2149 sic
353 2105 539 2160 priorem
556 2110 680 2147 suunt
705 2103 951 2155 inhonorat,
972 2103 1138 2145 utinam
1161 2115 1247 2146 nou
1267 2102 1395 2147 nimis
1415 2116 1514 2148 sero

264 2183 485 2233 agnoscat.
512 2176 616 2220 Nam
651 2176 765 2232 quod
791 2189 875 2219 non
908 2175 1167 2231 quandoque
1198 2176 1349 2219 saltem
1379 2189 1513 2232 agno-

264 2256 382 2304 scet3
406 2255 557 2305 putare
580 2261 666 2291 non
690 2261 881 2304 possum.
910 2247 1010 2292 ilaec
1041 2253 1183 2291 autem
1208 2249 1327 2304 prior
1360 2248 1512 2304 depre-

265 2323 474 2372 hendens,
509 2321 719 2365 subducet
756 2322 958 2363 humeros
992 2332 1122 2374 suos;
1146 2325 1189 2364 et
1221 2333 1299 2376 pro
1321 2333 1374 2364 eo
1402 2323 1511 2365 ulte-

262 2397 358 2440 rius
384 2395 628 2439 medullitus
660 2394 855 2438 laborare
885 2394 1088 2439 cessabit.
1118 2393 1214 2438 Non
1247 2395 1386 2439 solum
1428 2408 1507 2439 au·-

262 2473 377 2521 tein·,
399 2467 476 2512 sed
512 2473 554 2510 et
594 2467 947 2524 paenitebit-,eum
983 2468 1191 2512 transacti
1224 2469 1400 2520 laboris,
1426 2481 1507 2512 nec

261 2540 445 2596 aliquem
485 2551 562 2595 pro
603 2552 654 2583 eo
698 2539 963 2594 inposterum
1015 2539 1262 2584 sustinebit.
1301 2540 1508 2597 Tepescet

261 2621 364 2658 tune
387 2616 551 2659 ordinis
592 2617 748 2668 servor,
775 2629 855 2663 nee
896 2618 938 2660 id
963 2616 1149 2664 fortasse
1186 2618 1320 2663 abbas
1355 2619 1507 2675 depre-

261 2687 418 2732 hendet
439 2703 449 2732 ;
472 2688 555 2732 nisi
577 2689 749 2743 quando
771 2689 1006 2738 exinanita,
1026 2690 1112 2732 imo
1134 2690 1351 2734 exinanita
1371 2703 1507 2747 usque

260 2758 314 2803 ad
336 2760 675 2812 fundamentum,
702 2760 929 2816 disciplina
958 2762 1198 2819 religionis,
1221 2763 1295 2806 vix
1331 2764 1506 2820 aliquod

258 2832 403 2877 efficax
427 2836 583 2888 poterit
606 2834 839 2878 remedium
865 2835 1085 2879 adhibere.
1390 2831 1393 2833 ’

314 2900 382 2949 Π.
415 2905 526 2948 Ecce
558 2912 763 2960 quantum
805 2905 971 2962 sibiipsi
999 2907 1134 2950 abbas
1166 2912 1307 2959 nocet,
1332 2908 1505 2964 quando

259 2979 443 3034 priorem
469 2991 592 3021 suum
620 2979 878 3023 inhonorare
900 2991 977 3035 pro
1011 2979 1180 3024 modico
1205 2980 1346 3025 babet.
1371 2981 1500 3034 Quid,

259 3048 431 3103 quando
452 3051 494 3091 ei
517 3049 560 3091 in
582 3050 869 3093 sollicitudine
894 3063 972 3094 sua
1002 3052 1200 3094 auxiliari
1226 3065 1313 3096 non
1347 3056 1503 3104 curat?

260 3119 394 3163 liabet
421 3123 557 3165 zelum
579 3124 621 3165 in
652 3123 953 3167 observatione
979 3123 1144 3168 ordinis
1176 3126 1310 3180 prior,
1333 3133 1374 3170 ct
1408 3128 1501 3183 ipse

259 3193 414 3236 zelanti
440 3194 628 3238 resistit?
651 3194 783 3246 Unde,
809 3196 945 3251 inquit
970 3197 1118 3252 priori,
1144 3204 1190 3239 ut
1211 3204 1298 3241 tarn
1322 3200 1500 3243 misera·

260 3265 405 3308 biliter
428 3265 585 3310 fratres
619 3269 888 3312 incarcerare
919 3271 1179 3325 praesumat?
1201 3270 1252 3314 Ut
1284 3273 1388 3329 quid
1424 3287 1499 3319 eos

259 3342 375 3378 tanta
400 3337 544 3393 affligit
566 3338 834 3391 assiduitate,
861 3340 903 3382 in
927 3341 1098 3394 laborc;
1122 3341 1280 3397 rigore,
1304 3344 1346 3387 in
1372 3344 1498 3388 silen-

259 3409 340 3461 t².0;
357 3411 497 3462 taedio,
517 3411 561 3455 in
586 3413 801 3466 claustr-02
820 3412 1060 3468 disciplina,
1081 3414 1128 3458 in
1142 3416 1355 3471 capitulo?
1373 3417 1497 3471 Quod

258 3483 377 3536 prior
398 3486 557 3527 temero
588 3485 846 3540 petentibus,
870 3487 1144 3539 contradicit,
1177 3489 1311 3534 abbas
1343 3503 1498 3535 conce-
1524 3508 1559 3551 D
1580 3492 1752 3546 dinem,
1776 3504 1864 3534 non
1888 3491 1931 3534 in
1948 3496 2231 3547 potestatein3
2258 3495 2302 3532 ut
2323 3491 2363 3534 ei
2389 3489 2649 3546 provideret,
2665 3502 2759 3538 ,non
2781 3494 2830 3533 ut

258 3554 335 3595 dit.
375 3553 496 3606 Quod
537 3555 626 3611 ipse
663 3558 838 3609 claudit,
879 3560 960 3603 istc
996 3561 1148 3616 aperit.
1185 3560 1363 3606 Relaxat
1399 3565 1497 3616 iste,

258 3624 370 3676 quod
395 3624 465 3668 ille
485 3626 699 3670 refraenat.
723 3627 774 3669 Et
797 3641 895 3673 ecce
919 3630 1115 3674 dissoluti
1138 3634 1240 3688 quid
1264 3634 1411 3679 dieunt
1433 3637 1502 3680 in-

258 3702 323 3738 ter
338 3696 426 3740 haic
437 3698 454 3739 *ἒ
465 3696 634 3744 Utinam
650 3700 691 3742 in
704 3702 891 3757 capitulo
904 3715 1071 3758 semper
1083 3705 1214 3748 abbas
1227 3714 1339 3751 esset
1354 3722 1367 3759 ;
1381 3709 1502 3764 prior

258 3770 385 3811 raro?
402 3769 488 3814 Nec
510 3784 717 3828 unquam,
739 3787 818 3818 nec
843 3788 1024 3831 usquam
1045 3778 1269 3822 nobiscum
1295 3780 1399 3833 iste;
1423 3783 1497 3825 sed

259 3851 443 3896 semper,
473 3849 516 3886 et
552 3845 709 3901 ubique
738 3847 963 3891 nobiseum
999 3849 1084 3893 ille.
1129 3850 1244 3893 Nihil
1279 3853 1419 3904 nobis,
1455 3858 1498 3897 ct

259 3912 388 3966 priori
409 3914 629 3959 :includat
660 3919 831 3977 quando
863 3921 1061 3975 voluerit;
1100 3922 1256 3967 ibimus
1279 3925 1332 3967 ad
1364 3926 1498 3969 abba·

259 3988 361 4036 tem,
383 3991 426 4028 et
442 3989 602 4042 aperiet
626 3991 765 4035 nobis.
789 3990 860 4036 illc
894 3992 1187 4050 frangentibus
1220 3997 1342 4042 nobis
1365 3999 1497 4042 silen-

259 4058 381 4108 tium,
406 4056 449 4101 in
473 4061 661 4116 capitulo
686 4064 876 4120 injunget
897 4066 1107 4121 ieiunium
1130 4083 1140 4111 ε
1160 4070 1275 4124 quod
1299 4071 1380 4114 iste
1415 4084 1495 4116 no-

257 4126 325 4171 bis
344 4127 389 4171 in
408 4129 633 4175 refectorio
648 4134 871 4179 relaxabit.
895 4136 968 4180 llle
981 4128 1107 4181 nobis
1129 4139 1345 4182 licentiam
1362 4141 1494 4186 eundi

256 4199 417 4254 aliquo,
442 4207 647 4257 quantum
684 4207 879 4258 voluerit,
906 4214 1052 4265 negot,
1086 4210 1244 4255 ibimus
1272 4213 1326 4255 ad
1358 4214 1492 4257 abba-

254 4272 358 4319 tem,
380 4276 423 4313 et
453 4272 503 4315 ad
535 4274 715 4328 primam
747 4279 963 4331 petitionis
984 4287 1143 4324 nostrae
1173 4295 1338 4334 vocem,
1362 4297 1494 4329 exau-

255 4338 343 4382 diet
367 4353 463 4385 nos.
490 4341 590 4393 Sed,
614 4345 715 4388 dum
743 4346 831 4390 boec
854 4349 994 4402 videt,
1013 4350 1119 4406 quid
1142 4353 1196 4396 ad
1215 4366 1266 4397 ca
1287 4355 1405 4410 prior
1420 4356 1491 4408 di«⁸

256 4414 354 4455 cet?
375 4412 428 4457 Ut
448 4417 550 4472 quid
571 4428 650 4467 ego
672 4419 765 4463 sic?
786 4419 865 4463 Cui
886 4421 1045 4477 tahon,
1066 4431 1105 4468 et
1128 4425 1278 4480 {raudo
1307 4428 1492 4473 aninum

258 4492 388 4529 meam
413 4486 527 4533 bonis
540 4492 560 4534 t
573 4488 800 4547 (Eccle..iv,
814 4493 875 4552 8.)
894 4494 987 4548 Quo
1006 4497 1113 4542 mihi
1133 4498 1254 4544 labor
1268 4499 1357 4546 iste
1380 4502 1490 4547 mul-

1543 1352 1577 1396 Β
1603 1373 1718 1418 tione
1739 1369 1913 1429 rigoris.
1937 1371 2059 1425 Quod
2081 1373 2119 1417 si
2142 1372 2234 1416 baec
2257 1373 2378 1428 prior
2397 1373 2572 1430 aggredi
2594 1386 2680 1418 non
2701 1375 2848 1432 audet,

1609 361 1713 393 aure
1732 354 2012 404 pertranseo}
2036 343 2149 389 Unus
2172 343 2403 401 certificans,
2425 352 2464 389 et
2485 358 2592 390 unus
2610 345 2852 395 desti-sm:

1609 420 1708 478 quid
1729 420 1985 477 proficiteis,
2018 417 2102 460 nisi
2123 408 2280 462 ruina?
2301 415 2454 473 (Eccli.
2478 429 2626 471 xxxiv,
2648 418 2740 476 28.)
2764 419 2854 464 Cur

1609 497 1789 540 multum
1807 495 1987 546 semino,
2006 493 2082 537 ubi
2097 505 2250 550 parum
2266 493 2447 550 colligo?
2463 493 2623 539 Parum
2644 495 2750 549 dixi,
2774 496 2852 543 sod

1609 567 1866 624 nilaitdicere
1878 565 2024 620 dehui;
2039 565 2083 609 id
2101 565 2215 609 enim
2228 565 2389 608 verius.
2405 563 2572 611 Stultus
2583 578 2680 624 ego,
2694 573 2737 612 et
2752 567 2854 614 insi-

1608 642 1747 698 piens,
1765 640 1839 697 qui
1853 640 2034 683 fratrum
2050 638 2094 682 in
2106 650 2175 682 me
2183 639 2326 683 exc-ito
2339 636 2527 684 furorem
2542 653 2554 694 ;
2571 639 2671 684 dum
2683 640 2853 688 ordinis

1607 719 1757 758 tenere
1782 713 1880 757 volo
1902 712 2112 769 rigorem
2130 712 2234 756 etin
2258 710 2339 755 hoe
2355 725 2441 756 non
2464 709 2755 769 adjuvantem,
2774 713 2853 763 sed

1607 786 1908 841 impedientem
1948 785 2142 830 sustineo
2182 784 2392 828 abbatem.
2434 784 2584 830 Nonne
2605 787 2775 840 melius,
2809 794 2851 832 ct

1604 858 1797 915 quietius
1829 858 1935 902 mihi
1966 870 2065 902 eum
2099 858 2320 902 relaxante
2352 857 2546 915 relaxare
2576 872 2587 902 z
2619 866 2668 902 ut
2701 871 2851 904 eorum

1603 932 1765 988 possim
1788 930 1978 976 furorem
1995 930 2163 982 sedare,
2182 937 2226 974 et
2242 932 2351 974 iram
2367 929 2729 987 placat-emaum
2744 931 2851 986 mibi
2894 971 2898 974 .

1603 1005 1762 1049 babere
1780 1004 1968 1061 quietos,
1992 1015 2122 1060 quam
2135 1002 2404 1047 inordinatos
2427 1005 2602 1060 pariter,
2628 1003 2852 1061 etinquie-

1602 1082 1686 1123 tos.
1711 1077 1782 1121 lbo
1802 1089 1906 1133 ergo
1925 1076 2047 1128 mihi,
2068 1081 2111 1120 et
2133 1076 2177 1120 in
2200 1075 2297 1120 soro
2314 1076 2504 1121 lenitatis
2519 1076 2731 1131 residens,
2751 1089 2856 1122 ven·

1602 1151 1701 1194 darn
1723 1150 1790 1196 eis
1810 1150 2158 1202 dissolutionem,
2182 1155 2229 1194 ut
2253 1163 2392 1195 emam
2417 1151 2523 1194 mihi
2545 1151 2750 1208 quietem.
2768 1151 2852 1198 H'tc

1597 1224 1687 1280 iarn
1710 1224 1855 1268 abbati
1877 1224 2025 1269 existit
2043 1223 2215 1279 adjutor
2239 1223 2283 1267 in
2305 1223 2587 1268 concessione
2604 1223 2853 1269 dissolutio·

1601 1299 1671 1343 nis
1690 1312 1703 1352 ;
1723 1297 1824 1342 dum
1858 1299 1899 1343 ei
1933 1298 2135 1342 auxiliari
2156 1310 2245 1344 non
2279 1299 2370 1341 vult
2390 1298 2541 1350 abbas,
2566 1298 2611 1343 in
2644 1299 2852 1344 observa·

1599 1458 1680 1503 pro
1710 1457 1778 1495 eo,
1802 1446 1918 1502 quod
1949 1447 2139 1502 peccatis
2167 1447 2320 1491 alicnis
2359 1449 2605 1491 consentire
2633 1448 2782 1493 timet:
2802 1453 2852 1493 ut

1600 1529 1690 1562 suae
1711 1517 1847 1573 quieti
1870 1518 2086 1569 consulat,
2115 1519 2170 1562 ab
2192 1518 2332 1562 officio
2359 1519 2538 1571 recedit,
2563 1520 2725 1576 eligens
2755 1534 2853 1566 ma-

1598 1590 1665 1646 gis
1686 1589 1854 1640 cedere,
1880 1602 2009 1645 quam
2034 1589 2301 1634 infructuose
2332 1596 2461 1635 stare.
2489 1589 2599 1635 Ecce
2624 1604 2719 1648 quae
2749 1592 2851 1638 inde

1597 1664 1709 1707 mala
1727 1670 1954 1721 emergunt
1974 1681 1986 1708 ι
2003 1677 2102 1709 cum
2127 1665 2260 1710 abbas
2278 1665 2412 1723 priori
2430 1678 2510 1710 suo
2531 1666 2731 1710 auxiliari
2750 1678 2854 1710 con-

1596 1738 1766 1781 temnit.

1649 1809 1703 1854 V.
1735 1809 1848 1864 Quid
1880 1817 2021 1855 autem
2055 1810 2110 1856 de
2143 1812 2226 1856 boc
2257 1812 2468 1864 dicemus,
2502 1811 2617 1868 quod
2650 1812 2847 1856 abbatem

1595 1894 1722 1927 suum
1737 1884 1858 1939 prior
1878 1883 2094 1927 honorare
2114 1884 2385 1940 dedignatur,
2405 1884 2471 1928 rel
2494 1884 2723 1940 adjuvare?
2737 1883 2847 1928 Nam

1594 1961 1638 1999 et
1665 1955 1757 1999 haec
1772 1956 1926 2000 abusio
1941 1969 2113 2013 magna.
2133 1957 2304 2014 Magna,
2322 1958 2513 2014 inquam,
2533 1963 2576 2003 et
2591 1958 2845 2002 detestanda

1594 2029 1747 2074 abusio
1767 2035 1834 2074 est
1852 2045 1866 2073 ;
1883 2029 2000 2086 quod
2026 2030 2143 2073 illum
2166 2032 2287 2087 prior
2309 2030 2522 2075 honorare
2543 2031 2740 2088 despicit,
2769 2032 2844 2088 qui

1593 2114 1693 2147 eum
1725 2103 1913 2159 priorem
1945 2101 2076 2157 secit;
2103 2103 2218 2159 quod
2247 2104 2291 2147 in
2322 2102 2461 2147 officio
2493 2109 2694 2159 suscepto
2718 2105 2838 2159 Juva-

1591 2186 1691 2218 nien
1721 2174 1760 2218 ei
1790 2173 2039 2230 impendere
2071 2187 2158 2218 non
2192 2174 2392 2226 intendit,
2427 2175 2500 2230 qui
2539 2187 2637 2219 eum
2671 2174 2724 2218 ad
2759 2173 2843 2219 {mc

1590 2245 1798 2301 praefecit.
1842 2245 1894 2291 Et
1919 2252 1965 2290 ut
1992 2245 2045 2307 de
2075 2246 2214 2302 primo
2251 2246 2364 2289 malo
2395 2257 2588 2301 agamus,
2621 2258 2722 2290 eece
2750 2245 2842 2290 liaec
2920 2231 2924 2240 ¹

1590 2319 1818 2373 voerus:
1844 2317 1958 2372 Quid
1971 2318 2134 2371 abbati,
2159 2323 2203 2363 et
2224 2318 2480 2363 conventui?
2499 2316 2762 2363 intromittat
2793 2330 2842 2364 so

1591 2403 1688 2433 eum
1728 2390 1984 2437 officialibus
2022 2391 2116 2436 suis
2150 2391 2204 2436 de
2243 2390 2553 2443 exterioribus,
2595 2403 2696 2434 nam
2732 2390 2840 2436 mihi

1589 2465 1848 2510 commissus
1866 2471 1934 2509 est
1955 2469 2208 2509 conventus.
2231 2463 2358 2520 303
2382 2463 2495 2516 Quid
2522 2464 2676 2512 amodo
2699 2463 2754 2508 de
2787 2476 2841 2510 eo

1589 2551 1636 2584 se
1681 2531 1954 2593 intromittit,
1994 2552 2122 2596 quem
2157 2539 2263 2583 mihi
2301 2539 2431 2583 semel
2469 2538 2716 2583 commisit?
2748 2536 2841 2597 Ego
2915 2566 2924 2594 ,-

1589 2626 1713 2664 sum,
1747 2614 1817 2657 cui
1851 2613 2064 2657 incumbit
2091 2618 2350 2656 conventum
2381 2617 2424 2655 et
2461 2611 2755 2668 restringere,
2795 2617 2839 2657 et

1586 2687 1795 2732 relaxare.
1830 2686 1926 2731 Non
1962 2686 2089 2731 debet
2118 2698 2142 2730 e
2178 2693 2395 2729 conventu
2428 2685 2584 2741 aliquis
2615 2685 2745 2728 ullam
2781 2685 2840 2729 ab

1587 2760 1740 2804 abbate
1774 2765 1918 2816 petere
1949 2759 2186 2810 licentiam,
2211 2770 2299 2809 non
2337 2759 2411 2804 ulli
2451 2759 2543 2814 ipse
2559 2758 2678 2802 dare.
2717 2757 2838 2802 Men·
2902 2750 2906 2751 ⁷

1585 2833 1705 2882 titur,
1743 2833 1922 2884 fratres,
1945 2832 2153 2888 iniquitas
2176 2832 2393 2878 sumini:
2428 2843 2514 2877 non
2545 2837 2612 2877 est
2637 2831 2713 2875 ita.
2749 2829 2838 2875 llo-

1585 2920 1736 2952 norem
1771 2906 1939 2951 abbatis
1962 2907 2006 2950 in
2040 2913 2274 2958 conventu,
2311 2905 2364 2948 ab
2389 2917 2457 2954 eo,
2498 2911 2541 2948 ct
2573 2903 2654 2948 sub
2677 2916 2730 2948 eo
2750 2903 2834 2948 sibi
2897 2919 2924 2934 -1

1583 2981 1840 3031 commisso,
1868 2991 2060 3036 quaerere
2079 2979 2205 3023 debet
2228 2978 2372 3034 prior;
2400 2978 2510 3021 nibil
2533 2978 2705 3034 penitus
2726 2988 2835 3022 con-

1582 3063 1648 3099 tra
1684 3066 1782 3098 eum
1824 3052 2069 3108 disponere.
2117 3050 2166 3094 Et
2201 3051 2383 3107 accipite
2426 3061 2664 3106 congruum
2702 3061 2860 3106 super·

1582 3130 1666 3174 boc
1700 3112 1962 3183 exemplum.
2000 3125 2117 3169 Nihil
2149 3124 2300 3168 babuit
2338 3124 2384 3167 in
2423 3123 2551 3167 domo
2589 3135 2667 3166 sua
2699 3122 2835 3166 domi·

1579 3214 1663 3245 nus
1701 3201 1772 3244 ille
1811 3199 2074 3256 AEgyptius,
2120 3196 2236 3254 quod
2283 3210 2370 3240 non
2411 3197 2636 3253 reliquerit
2681 3196 2726 3240 in
2760 3206 2834 3252 po·

1579 3279 1735 3318 testate
1762 3272 1946 3329 Ioseph;
1981 3276 2274 3316 verumtamen
2314 3283 2491 3314 uxorem
2528 3269 2719 3325 ejusdem
2752 3268 2832 3312 do-

1579 3345 1688 3389 mini
1719 3345 1815 3395 sui,
1849 3343 1960 3387 idem
1998 3341 2158 3398 loseph
2208 3342 2366 3385 fatetur
2414 3347 2660 3396 exceptam.
2697 3339 2827 3397 (Gen.

1578 3430 1726 3471 xxxix,
1747 3417 1808 3474 9).
1826 3417 1967 3474 ipsam
1981 3416 2179 3460 fortassis
2198 3421 2419 3470 acceperat
2437 3430 2445 3459 ε
2468 3414 2601 3465 sedin
2620 3415 2828 3458 sollicitu-

1581 3576 1680 3607 cum
1704 3575 1752 3607 ea
1777 3576 1823 3607 se
1846 3563 2169 3615 comniiseeret;
2189 3567 2235 3605 ut
2256 3562 2307 3605 ad
2325 3563 2570 3607 necessaria
2582 3562 2766 3618 denique
2787 3562 2827 3606 ei

1579 3637 1890 3692 obsequeretur
1910 3667 1922 3688 ,
1945 3647 2032 3679 non
2059 3635 2112 3678 ad
2138 3635 2278 3691 turpia
2300 3647 2350 3679 ea
2375 3634 2623 3678 abuteretur
2651 3649 2661 3677 :
2691 3633 2762 3678 Sic
2784 3636 2829 3678 ct
2907 3643 2911 3674 ε

1578 3710 1697 3766 prior
1716 3716 1991 3754 conventum.
2019 3708 2131 3761 Quid
2152 3709 2267 3752 enim
2291 3713 2528 3752 conventus
2560 3708 2642 3751 nisi
2667 3720 2824 3763 sponsa

1578 3788 1644 3826 est
1666 3782 1860 3827 abbatis?
1881 3782 2020 3832 Hunc,
2050 3783 2241 3837 inquam,
2270 3786 2526 3824 conventum
2543 3781 2661 3836 prior
2679 3813 2690 3832 ,
2723 3793 2824 3835 narn

1577 3854 1670 3910 ipse
1691 3863 1758 3898 cst
1780 3853 1955 3910 loseph,
1976 3854 2028 3897 ad
2050 3854 2257 3898 bonorem
2278 3853 2448 3898 abbatis
2474 3853 2680 3909 gubernet
2698 3853 2822 3909 juxta

1576 3927 1690 3983 quod
1714 3927 1753 3971 ei
1779 3926 2014 3983 providerit
2034 3926 2192 3979 abbas,
2210 3925 2425 3982 disponat.
2450 3924 2574 3978 Nam,
2601 3927 2723 3976 quasi
2747 3925 2822 3968 Jo-

1576 4000 1679 4055 seph
1705 4012 1882 4044 uxorem
1898 3999 2061 4043 domini
2078 3999 2145 4043 sui
2165 3999 2407 4054 prostituit,
2438 4011 2535 4042 cum
2559 4012 2676 4055 prior
2699 4011 2839 4060 eam--

1573 4071 1670 4115 dem
1693 4084 1769 4128 per
1794 4072 1939 4115 omnia
1960 4083 2058 4115 cum
2082 4076 2294 4115 conventu
2313 4071 2662 4123 familiaritatem,
2679 4077 2721 4115 et
2744 4084 2818 4115 su—

1574 4157 1650 4200 per
1691 4150 1953 4188 conventum
1988 4149 2244 4200 potestatem
2264 4176 2275 4195 ‚
2319 4157 2447 4199 quam
2461 4176 2472 4196 ,
2511 4145 2640 4188 habet
2663 4144 2813 4197 abbas,

1573 4217 1908 4273 praesumptione
1951 4217 2179 4261 temeraria
2215 4216 2374 4260 habere
2428 4217 2648 4261 contendit
2667 4232 2677 4261 :
2715 4229 2813 4266 cum

1574 4290 1796 4346 praeci-piat
1828 4296 1966 4347 pater,
1989 4294 2032 4334 ct
2054 4289 2288 4334 advocatus
2309 4297 2459 4334 noster
2475 4323 2486 4341 ,
2517 4297 2562 4334 ut
2584 4291 2813 4348 praeposito
2836 4315 2838 4322 ι

1572 4367 1777 4418 tanquam
1800 4362 1937 4418 patri;
1962 4361 2039 4406 sed
2060 4350 2353 4417 multomagis
2372 4364 2620 4419 presbytero
2639 4362 2813 4408 obedia·

1571 4437 1657 4477 tur.
1680 4432 1795 4487 Quid
1819 4434 1922 4478 item
1945 4432 2002 4478 de
2025 4432 2099 4477 illo
2127 4433 2271 4490 priore
2297 4434 2518 4486 dicemus,
2551 4435 2626 4489 qui
2664 4435 2826 4498 abbatb
2894 4429 2899 4447 ”

1570 4515 1651 4550 suo
1669 4504 1715 4550 in
1736 4505 1903 4551 ordinis
1923 4505 2224 4563 observatione
2243 4518 2332 4552 non
2348 4507 2476 4553 modo
2496 4499 2827 4568 uon-suffrag&
