2924 4588
29 178 115 226 805

941 161 1246 210 PANTHEON
1281 187 1333 194 α-
1311 160 1500 206 PARS
1528 162 1636 207 xvi.

2493 175 2573 218 §306

25 273 206 323 scelera,
229 267 521 316 Theodericus
564 265 617 309 ab
660 263 741 307 hae
778 261 874 304 iuce
907 257 1052 302 subito
1088 259 1253 310 raptor„
1279 255 1315 297 A
1339 250 1533 305 ingratus
1569 258 1611 296 et
1643 252 1852 308 wpertidus
1891 264 1983 297 eam
2018 254 2060 297 in
2100 253 2251 300 balneo
2274 260 2570 313 strangulavit.

0 352 2 401 Ι
27 346 196 403 imperii
221 343 286 390 sui
314 356 416 393 xxx,
439 338 682 396 disparuit:
702 341 744 380 et
757 335 879 391 juxta
901 331 1119 387 dialogum
1143 327 1258 372 beati

25 416 236 473 Gregorii,
265 427 290 458 a
314 413 500 471 quodam
523 408 798 456 sanctissimo
820 405 1000 450 eremita
1032 403 1153 445 visus
1174 405 1257 449 est,

25 501 51 532 a
65 487 229 531 Ioanne
250 498 360 542 papa
380 492 422 528 et
445 480 719 540 Symmacho,
751 490 861 534 quos
895 475 988 531 ipse
1020 471 1256 520 occiderat,

25 561 70 607 in
97 559 227 603 AEtna
256 563 399 602 monte
427 553 707 610 corporaliter
732 551 778 595 in
810 550 951 605 ignem
978 543 1255 602 praecipitari.

25 785 227 825 rancum,
269 783 356 814 non
399 773 466 813 est
509 778 676 824 verum.
721 763 902 808 Constat
930 761 1047 817 enim
1083 759 1258 802 Attilam

97 859 148 904 ge
169 850 266 902 post
283 840 607 887 Hermenricum
623 838 772 890 fuisse,
796 834 1106 880 Theodericum
1129 831 1259 876 etiam

99 932 150 976 ge
171 923 273 975 post
289 921 471 960 montem
495 914 650 964 Attilae,
665 923 762 954 cum
785 917 899 953 esset
922 918 1029 963 puer
1043 904 1257 954 octennis,

89 1038 93 1043 ,
113 991 156 1035 ui
177 989 423 1046 imperatori
441 987 483 1030 in
506 985 699 1030 obsidem
722 983 870 1024 datum
892 978 1041 1022 tuisse.
1064 975 1262 1020 Theode-

48 1066 142 1110 ’cus
184 1063 286 1107 dum
324 1061 366 1105 ei
403 1066 519 1106 mors
562 1056 818 1103 immineret,
859 1051 995 1095 tilium
1028 1049 1127 1092 filiae
1170 1059 1260 1091 suae

61 1133 329 1184 malsiundae,
367 1132 544 1178 nomine
567 1127 879 1177 Athalaricum,
903 1134 1085 1179 puerum
1109 1119 1257 1163 decem

111 1221 251 1260 orum,
274 1206 430 1251 Gothis*
458 1202 724 1261 principibus
755 1194 1088 1252 commendavit,
1124 1192 1194 1236 cui
1218 1198 1260 1234 et

25 1280 39 1292 ⁸
84 1280 247 1338 perium
269 1283 374 1321 tunc
395 1275 542 1319 Romae
565 1271 759 1328 reliquit;
788 1279 976 1312 exorans
1002 1263 1180 1315 Gothos,
1211 1267 1261 1304 ut

103 1359 221 1398 atum
241 1357 284 1397 et
305 1350 510 1408 populum
533 1347 776 1391 Romanum
795 1343 1039 1398 diligerent,
1074 1344 1115 1383 ct
1139 1338 1257 1395 prin-

50 1426 63 1439 ‘
121 1437 160 1468 m
186 1425 352 1470 sororis
369 1435 457 1468 suae
476 1420 720 1465 Iustiniano
744 1417 991 1472 relinquens
1012 1412 1256 1469 imperium,

96 1509 174 1541 avo
195 1495 366 1552 imperii
387 1494 455 1539 sui
477 1506 590 1537 auno
610 1490 809 1548 migravit
828 1500 852 1531 a
876 1487 1052 1531 saeculo.

0 1607 5 1627 z
48 1587 129 1630 ¹tem
151 1583 200 1628 de
215 1584 355 1627 eodem
377 1582 544 1625 Iustino
567 1582 814 1637 imperatore
836 1577 1018 1632 versifice
1041 1581 1254 1618 narratur.

0 1711 2 1718 ,
50 1659 217 1723 ustinus
242 1675 384 1720 senioi
407 1672 564 1718 meruit
586 1682 700 1715 nunc
718 1669 818 1713 sede
839 1666 988 1719 levari,

43 1740 157 1798 ‘ussit
180 1746 403 1804 pontifices
426 1751 468 1789 et
491 1746 548 1788 ab
568 1744 720 1787 exsilio
742 1743 956 1791 revocari,

0 1830 2 1832 ’
60 1814 292 1866 Ecclesias
314 1821 466 1875 aperit,
491 1817 681 1867 flumine,
701 1827 818 1866 rure,
838 1813 965 1864 mari,

49 1882 218 1970 ustinus
241 1898 403 1949 septem
425 1891 608 1935 feliciter
626 1891 807 1945 imperat
831 1887 959 1931 annis

41 1955 58 1967 ⁸
59 1978 233 2027 empora
255 1978 371 2011 nunc
391 1965 568 2010 veniunt
581 1975 700 2020 papae
722 1959 985 2006 numeranda
1000 1957 1198 2009 loannis,

55 2038 155 2089 liic
173 2053 309 2084 annos
330 2038 457 2084 binus
476 2038 580 2081 vixit
605 2038 649 2080 in
672 2037 776 2080 orbe
795 2047 894 2079 suo.

35 2150 37 2154 Α
63 2160 66 2162 ,
88 2112 188 2157 dere
202 2119 266 2156 ter
286 2116 434 2154 ternos
457 2120 628 2152 menses
652 2118 854 2150 curemus
878 2104 928 2148 ad
954 2115 1090 2147 annos

35 2183 146 2236 Jcto,
170 2183 402 2238 decemque
423 2181 532 2230 dies,
556 2181 686 2224 etiam
703 2179 870 2222 ratione
891 2176 1120 2220 notandos.

77 2254 200 2301 Nunc
221 2264 391 2312 quoque
413 2252 649 2297 Gothorum
667 2252 800 2295 servet
822 2251 864 2293 in
885 2250 988 2294 orhe
1004 2249 1128 2293 dolus

252 2322 254 2324 ’
452 2326 512 2369 De
536 2325 672 2368 Felice
693 2337 818 2380 papa.

61 2401 196 2458 ertius
218 2406 286 2445 est
301 2398 416 2444 Felix
432 2397 592 2442 iustini
610 2402 803 2451 tempore
825 2406 950 2451 papa,

38 2468 216 2528 Quatuor
235 2469 445 2516 annorum
464 2469 536 2515 ,cui
558 2474 749 2523 tempora
767 2471 868 2510 sunt
891 2470 1106 2522 reputata.

77 2544 255 2602 Insuper
269 2550 313 2589 et
334 2555 506 2588 menses
526 2548 616 2586 tres
637 2542 802 2585 ratione
824 2545 993 2583 vacant,

54 2627 59 2630 '
406 2612 467 2659 De
490 2627 598 2670 papa
629 2613 866 2668 Bonisaci'o.

41 2688 78 2734 ‘It
94 2688 343 2734 Boniiacius
364 2695 430 2737 est
452 2686 475 2729 J
481 2686 610 2730 ustini
634 2692 828 2741 tempore
848 2684 1023 2740 praesul,

74 2775 242 2814 ⁴uorum
265 2763 335 2806 cui
358 2761 556 2805 binorum
573 2760 647 2805 vix
661 2765 835 2816 tempus
857 2758 1057 2808 hahetur,

80 2831 324 2891 vigintique
340 2832 434 2876 dies
453 2831 556 2874 daut
581 2829 665 2875 sihi
688 2829 817 2887 digna
839 2829 979 2886 quies.

66 2916 140 2970 De
154 2922 392 2994 Iustiniana
416 2924 677 2978 imperatore,
715 2921 1051 2978 quinquagesimo
1067 2919 1202 2974 primo

505 2979 556 3022 ab
579 2980 785 3034 Augusto.

79 3053 202 3098 Anno
215 3053 268 3097 ab
278 3050 578 3097 incarnatione
589 3051 758 3096 Domini
772 3049 870 3103 527,
888 3048 1179 3098 lastinianus,
1205 3047 1258 3090 ab

28 3127 31 3130 ’
49 3125 602 3194 ugustoquinquagesimus
619 3124 800 3180 primus,
814 3122 998 3178 sumpsit
1010 3121 1255 3176 imperium,

62 3217 93 3247 -v,
114 3196 334 3241 antibus
325 3209 369 3239 ιιι
392 3194 576 3239 Francia
607 3196 748 3239 adhuc
783 3194 883 3238 tiliis
904 3189 1258 3237 Clodovaei.1ste

32 3261 436 3320 ffisttanisstinus,
470 3268 697 3324 imperium
744 3266 869 3324 quasi
906 3265 998 3321 jam
1039 3270 1258 3308 mortuum

57 3341 353 3388 rudentissime
389 3342 613 3387 suscitavit
629 3373 641 3393 ,
677 3340 986 3398 rempublicam
1023 3336 1256 3394 reparavit,

50 3485 204 3541 »hain
243 3485 359 3544 leges
403 3492 504 3531 ante
549 3485 707 3538 editas,
745 3484 966 3529 nimietate
990 3482 1188 3535 diffusas,
1214 3483 1259 3525 in

35 3559 37 3562 '
59 3559 323 3616 ompendium
341 3558 625 3604 conformavit
645 3573 657 3603 ε
684 3563 828 3614 atque,
853 3557 966 3602 inter
986 3556 1071 3600 alia
1091 3554 1260 3598 infinita

52 3629 316 3676 mensurum
351 3631 575 3684 beneficia,
610 3627 839 3676 ecclesiam
876 3628 1046 3673 Sanctae
1069 3627 1257 3684 Sophiae,

34 3702 161 3748 dest
195 3705 422 3760 Sapientiae
449 3696 639 3756 Divinae,
668 3715 764 3760 quae
795 3708 862 3746 est
891 3701 1093 3746 Christus
1123 3699 1262 3743 Filius

149 3776 192 3820 in
213 3776 600 3834 Constantinopoli,
633 3777 743 3820 miro
778 3786 908 3831 opere
938 3780 980 3818 et
1006 3778 1261 3816 ornamento

2 3863 3 3866 ¹
35 3850 42 3856 ”’
69 3850 267 3892 struxit
282 3865 294 3902 ;
310 3861 455 3906 regem
476 3849 747 3902 Herulorum‚
766 3848 941 3891 nomine
964 3847 1136 3899 Craton,
1157 3857 1260 3888 con-

31 3942 44 3978 j,
63 3921 156 3964 ertit
174 3927 216 3965 et
238 3921 482 3978 baptizavit.
1070 3950 1074 3954 -

35 4034 43 4058 ξ
89 3991 206 4038 Tunc
240 3994 373 4039 etiam
403 4007 479 4040 rex
515 3990 768 4043 Hunnorum
807 3993 972 4045 Garda,
1019 3998 1061 4036 et
1086 4002 1188 4036 cum
1210 4002 1262 4035 eo

64 4066 189 4111 ulier
214 4067 406 4124 quaedam
436 4068 566 4112 vidua
593 4080 648 4113 ex
685 4066 954 4124 principibus
990 4065 1260 4121 Hunnorum,

3 4134 5 4146 “
38 4130 42 4146 ³
73 4139 316 4198 ,attinentis
337 4143 470 4193 illius,
494 4148 666 4188 eentum
702 4140 836 4184 millia
859 4138 1061 4194 baptismi
1079 4136 1263 4192 gratiam

34 4201 44 4259 ⁸.
74 4240 107 4250 υ
134 4232 175 4250 ·=·
209 4221 300 4259 unt.
326 4215 414 4260 Rex
437 4216 581 4272 itaque
599 4213 874 4258 Athalaricus
897 4223 998 4254 cum
1022 4215 1158 4252 matre
1183 4220 1264 4252 sua

6 4312 10 4318 ›
61 4282 244 4337 'udoxia,
267 4290 312 4332 in
335 4289 559 4332 tuitionem
575 4285 807 4331 Iustiniani
826 4283 1100 4339 imperatoris
1124 4281 1265 4325 susci-

173 4371 184 4400 ε
209 4367 250 4404 at
266 4360 510 4405 Athalarieo'
529 4366 626 4416 post
642 4370 778 4416 pauca
794 4369 818 4400 a
845 4357 935 4401 suis
946 4356 1109 4405 occiso,
1127 4359 1265 4396 mater

19 4427 131 4498 ,fus
163 4431 427 4478 Theodatum
471 4434 659 4488 suscepit
696 4432 748 4474 'in
781 4427 991 4487 regnum:
1017 4428 1090 4485 qui
1111 4432 1263 4483 postea

217 4509 430 4561 Pariter..
470 4510 731 4561 cxcviii.

1337 320 1610 368 Justinianus
1639 323 1844 368 Vandalis
1869 327 1922 369 ab
1954 324 2097 370 Asi-ica
2119 338 2299 382 prorsus
2322 330 2571 385 eliminatis,

1343 394 1554 438 Asi-‘icam
1543 409 1588 438 in
1609 395 1842 439 Romanam
1864 399 2126 452 provinciam
2150 400 2417 446 reformavit
2433 401 2550 447 Theo
2567 428 2579 434 —

1339 466 1466 511 datus
1504 468 1686 511 traditor
1722 477 1765 514 et
1789 474 2081 528 strangulator
2108 476 2274 526 uxoris,
2299 488 2451 531 poenas
2481 476 2576 522 Jus-

1339 539 1491 582 tiniani
1513 546 1724 592 metuens,
1747 542 1982 598 Agapetum
2006 558 2159 600 papam
2187 547 2242 589 ad
2271 548 2573 602 iri-iperatorem

1339 622 1418 664 pro
1457 612 1639 666 petenda
1663 614 1923 670 indulgentia
1962 622 2002 659 et
2034 629 2138 671 pace
2168 621 2445 674 transmittit;
2489 634 2574 678 qua

1339 683 1580 738 impetrata,
1606 684 1706 728 fecit
1727 698 1773 730 se
1798 688 1851 731 ab
1882 688 1976 743 ipso
2009 691 2209 744 pontifice
2243 693 2297 734 ad
2335 693 2461 738 tidem
2502 707 2575 737 ca-

1339 757 1543 800 tholicam
1568 759 1761 802 revocari
1788 776 1796 802 z
1824 761 1895 803 ubi
1915 767 1957 803 et
1982 762 2073 818 ipse
2095 764 2284 818 pontifex
2314 765 2424 810 diem
2446 779 2571 810 suum

1340 826 1529 879 functus,
1554 828 1655 871 dum
1678 843 1753 886 per
1767 838 1932 887 portam
1947 835 2074 889 regiae
2092 837 2226 889 urhis,
2252 837 2344 891 ejus
2368 837 2571 882 feretrum

1339 905 1600 955 portaretur,
1625 914 1764 947 caecus
1799 905 1989 959 quidam,
2018 913 2131 950 tacto
2161 909 2342 959 sei-etro,
2369 910 2449 953 suit
2473 912 2572 955 illu-

1340 972 1542 1015 minatus.

1396 1042 1498 1087 Post.
1533 1044 1622 1087 haec
1665 1044 1898 1091 Belisarius
1940 1050 2141 1103 patritius
2192 1051 2474 1106 Theodatum,
2517 1057 2573 1098 oh

1337 1115 1619 1158 commissum
1655 1115 1697 1158 in
1721 1128 1854 1162 uxore
1877 1122 2042 1171 scelus,
2079 1127 2122 1164 et
2158 1122 2441 1179 witegesium
2475 1133 2573 1181 post

1341 1184 1605 1230 Theodatum
1640 1201 1820 1244 regnum
1855 1191 2142 1246 invadentem,
2168 1201 2337 1250 captum
2364 1197 2448 1240 ad
2439 1211 2575 1253 impe-

1340 1264 1523 1303 ratorem
1541 1262 1816 1305 transmisit:
1834 1269 1963 1319 atque
1982 1271 2116 1309 totum
2129 1279 2305 1322 regnum
2318 1267 2569 1319 Gothorum

1283 1314 1317 1357 Β
1338 1330 1453 1386 quod
1469 1329 1670 1376 Jordanis
1688 1339 1838 1377 auct-or
1856 1346 2047 1378 eorum
2020 1350 2047 1392 1
2050 1349 2096 1380 er
2112 1338 2200 1381 duo
2219 1339 2351 1383 millia
2364 1353 2571 1384 annorum

1337 1407 1379 1445 et
1401 1403 1586 1458 amplius
1609 1405 1780 1449 stetisse
1803 1417 2125 1460 commemorat,
2170 1415 2275 1453 tunc
2313 1411 2465 1456 finivit.
2503 1413 2572 1455 Sia:

1337 1485 1415 1528 per
1430 1485 1527 1517 eum
1564 1474 1645 1519 sub
1688 1474 1943 1530 Iustinian0‚
1971 1486 2058 1522 tam
2098 1480 2304 1527 Vandalis
2331 1485 2385 1527 ab
2407 1484 2569 1536 Africa,

1338 1558 1466 1601 quam
1484 1545 1635 1591 Gothis
1653 1549 1705 1591 ah
1727 1548 1846 1592 ltalia
1871 1551 2139 1608 exstirpatis,
2170 1561 2375 1611 utrasque
2398 1558 2572 1612 provin-

1335 1620 1430 1664 cias
1470 1620 1515 1662 iu
1556 1621 1782 1676 pristinam
1817 1622 2109 1669 Romanorum
2148 1628 2465 1685 subjectionem.
2506 1644 2574 1675 re·

1337 1691 1476 1735 duxit.

1393 1762 1624 1820 Hucusque
1659 1763 1860 1811 Iordanis
1894 1768 2120 1824 episcopus
2165 1769 2355 1826 (natione
2390 1773 2569 1825 Gothus,

1338 1840 1385 1877 ut
1408 1835 1499 1891 ipse
1522 1842 1704 1880 testatur
1728 1837 1772 1880 in
1799 1849 1876 1883 sua
1898 1838 2127 1900 Chronica)
2163 1841 2399 1889 Gothorum
2436 1847 2573 1892 histo-

1337 1908 1427 1952 rias
1449 1909 1690 1965 protelavit.

1389 1980 1626 2026 Belisarius
1643 1983 1844 2038 patritius
1861 1996 1957 2028 cum
1977 1983 2272 2032 Theodcberto
2303 1970 2390 2034 tilio
2407 1989 2571 2035 Cindo-

1336 2054 1432 2104 voei,
1466 2054 1597 2098 fratre
1641 2054 1853 2106 Lotliarii,
1894 2057 1968 2113 qui
2008 2069 2106 2101 cuni
2149 2059 2345 2106 ducentis
2383 2064 2571 2107 millibus

1337 2122 1501 2168 italiam
1527 2126 1761 2178 invaserat,
1787 2127 1945 2171 bellum
1982 2130 2221 2181 commisit,
2258 2138 2300 2175 et
2321 2135 2572 2190 rogantibus

1335 2196 1533 2251 Francis,
1559 2211 1707 2256 pacem
1727 2202 1957 2252 concessit,
1971 2207 2096 2258 atque
2113 2203 2205 2247 sine
2219 2204 2374 2249 damno
2389 2205 2570 2253 Romani

1337 2270 1488 2314 militis
1507 2269 1629 2313 ltalia
1653 2271 1771 2315 exire
1793 2273 2026 2328 persuasit„

1393 2342 1559 2388 interea
1576 2342 1722 2387 Parthi
1741 2349 1876 2389 totam
1889 2343 2071 2402 Syriam,
2088 2352 2129 2389 et
2143 2348 2287 2391 urbem
2302 2347 2570 2396 Antiochiam

1339 2415 1547 2459 invadunt
1586 2421 1629 2459 et
1650 2414 1964 2471 depopulantur
1993 2431 2001 2458 :
2028 2416 2182 2472 quilius
2210 2431 2442 2465 occurrens
2461 2421 2573 2466 Beli-

1338 2488 1480 2531 sarius
1515 2487 1740 2543 patricius,
1780 2486 2069 2531 vandalorum
2102 2496 2144 2532 et
2165 2489 2399 2535 Gothorum
2420 2495 2572 2538 trium-

1335 2559 1492 2614 phator
1536 2559 1657 2610 vicit,
1683 2564 1725 2603 et
1754 2571 1778 2601 a
1803 2560 1998 2604 terminis
2027 2560 2319 2607 Romanorum
2349 2567 2568 2621 repressit.

1338 2631 1414 2676 His
1431 2631 1581 2676 diebus
1604 2629 1732 2675 Gothi
1754 2644 1850 2675 eum
1870 2645 1970 2690 rege
1993 2646 2071 2679 suo
2088 2635 2225 2680 Totila
2246 2639 2569 2693 tumultuantes,

1335 2705 1381 2748 in
1404 2704 1564 2748 ltaliam
1588 2704 1671 2748 iter
1694 2703 1938 2750 deflectunt

1394 2776 1454 2820 De
1476 2775 1741 2825 Lombardis,
1776 2784 1818 2820 et
1853 2776 2072 2821 Priscimo
2105 2782 2392 2834 3ναηυηιαιίεσ,
2417 2783 2515 2825 item

1643 2833 1692 2875 de
1715 2832 1872 2888 Reyula
1889 2836 2023 2876 satuti
2052 2835 2271 2880 Benedicti.

1392 2905 1468 2950 His
1485 2905 1750 2961 temporibus
1767 2917 1870 2960 gens
1888 2905 1922 2948 1
1925 2907 2244 2955 omhardorum‚
2260 2920 2354 2964 quae
2365 2911 2417 2954 ab
2431 2911 2570 2955 insula

1339 2978 1532 3030 Scantia,
1568 2991 1694 3034 quam
1739 2979 1811 3021 alii
1842 2986 1997 3023 vocant
2037 2979 2380 3035 Scantinaviam,
2419 2996 2444 3026 a
2486 2998 2571 3040 qua

1337 3054 1467 3097 etiam
1489 3051 1619 3096 Gothi
1644 3052 1806 3109 egressi
1829 3051 2018 3102 suerunt,
2038 3067 2135 3097 cum
2154 3054 2334 3100 Athoino
2354 3070 2450 3113 rege
2469 3070 2568 3108 suo.

1339 3127 1383 3170 in
1398 3126 1618 3172 Pannonia
1643 3126 1891 3178 habitando,
1917 3127 1989 3182 qui
2015 3140 2099 3170 non
2131 3130 2264 3172 multo
2285 3137 2380 3185 post
2398 3131 2562 3174 Italiam

1338 3206 1654 3258 occupaverunt
1676 3199 1805 3257 (sicut
1829 3192 1975 3256 postea
2003 3200 2212 3256 dicemus)
2237 3202 2468 3248 Belisarius
2493 3216 2571 3259 pa-

1336 3275 1490 3318 tricius
1503 3273 1673 3317 initalia
1688 3286 1882 3323 manens,
1894 3279 2104 3329 praecepto
2114 3273 2569 3332 TlieodoraeAugust2r,

1336 3347 1580 3404 sylverium
1603 3358 1759 3402 papam
1784 3347 1943 3389 invitus
1970 3347 2011 3388 in
2033 3347 2228 3389 exsilium
2258 3348 2389 3391 misit.
2415 3348 2571 3404 Vigilio

49 3411 240 3460 ιθῗθῗὸῖθ
261 3426 336 3472 1³2¹
350 3411 603 3459 BfflSffl'ium
623 3413 853 3471 Patricium
870 3410 1096 3467 magnifice
1111 3410 1259 3453 stium·
1282 3437 1321 3482 Β
1343 3432 1513 3476 quoque
1545 3420 1787 3464 successori
1825 3430 1905 3462 suo
1941 3418 2138 3461 similiter
2171 3419 2284 3462 fecit.
2322 3419 2571 3463 Priscianus

1341 3497 1444 3536 time
1462 3492 1595 3535 libros
1619 3491 1907 3547 grammatica:
1931 3490 2036 3532 artis
2055 3490 2105 3532 ad
2121 3490 2334 3533 Iulianum
2351 3492 2569 3535 consulem

1340 3572 1382 3611 et
1404 3565 1637 3621 patricium
1667 3575 1691 3606 a
1713 3562 1906 3607 Caesarea
1934 3563 2118 3616 scripsit.
2150 3563 2224 3606 His
2261 3565 2389 3606 etiam
2419 3564 2570 3608 diebus

1340 3640 1493 3682 beatus
1536 3634 1791 3679 Benedictus
1844 3635 1975 3676 abhas
2027 3633 2232 3689 Regulam
2290 3636 2569 3678 monasticam

1342 3710 1532 3767 scripsit.

1396 3781 1670 3825 Justinianus
1728 3780 1931 3834 princeps
1978 3778 2190 3833 egregius,
2230 3779 2448 3832 republica
2491 3791 2573 3823 suo

1338 3862 1532 3910 tempore
1555 3855 1660 3897 satis
1686 3854 1932 3902 sublimata,
1967 3864 2078 3894 anno
2109 3862 2265 3903 xxxix,
2302 3851 2468 3906 imperii
2505 3853 2570 3895 sui

1342 3926 1454 3968 diem
1474 3923 1597 3966 obiit,

1397 3991 1629 4044 Hucusque
1644 3988 1793 4031 Victor
1815 3987 2041 4041 episcopus
2065 3986 2335 4030 Turonorum
2365 3986 2570 4029 chronica

1344 4078 1422 4109 sua
1442 4062 1660 4120 perduxit.
1694 4060 1858 4103 Caetera
1884 4060 1935 4102 de
1957 4058 2200 4102 Iustiniana
2223 4064 2264 4101 et
2285 4058 2338 4102 de
2359 4058 2573 4114 pontifici-

1343 4140 1423 4182 hus
1446 4138 1513 4182 sui
1535 4134 1763 4190 temporis,
1792 4133 1985 4176 versifice
2011 4131 2293 4188 proferamus.

1429 4230 1534 4272 item
1552 4226 1600 4270 de
1622 4225 1759 4269 eodem
1779 4223 2019 4266 lastiniam>
2043 4225 2287 4277 imperatore
2308 4223 2489 4277 versifice

1848 4288 2070 4322 narratura

1345 4350 1535 4411 Suscipit
1559 4354 1784 4409 imperium
1810 4365 1886 4407 pro
1904 4360 2095 4406 tempore
2118 4349 2403 4398 lastinianus,

1341 4430 1477 4486 Cujus
1500 4434 1540 4471 et
1561 4425 1698 4470 ossicie
1721 4425 1870 4479 legalia
1891 4426 1987 4477 jura
2011 4431 2219 4477 petamus,

2326 4495 2388 4542 ‘29
