2924 4588
216 129 301 186 9:5²3
555 169 583 203 ⁸

1129 119 1421 164 Gonffmm
1456 118 1836 164 vt'rssttntssn'sts

2689 124 2768 170 93⁶

216 234 291 276 pra
331 219 504 263 modum
543 216 664 261 ditati
698 220 741 259 et
768 213 967 281 exaltati.
988 212 1149 278 ‘Gepidi
1190 225 1291 256 vero
1324 211 1447 268 quasi
1473 203 1509 258 Ᾰ
1530 215 1769 266 oporteret,
1795 210 1921 254 liceat
1943 209 2007 255 eis
2027 209 2079 253 ad
2102 220 2205 255 suas
2222 211 2519 274 possessiones
2541 212 2586 256 in
2602 211 2774 260 Panno-

214 292 432 344 exstincti,
457 299 659 346 perpetuo
682 286 879 330 servituti
898 283 1171 336 Hunnorum,
1199 283 1241 327 id
1255 290 1321 328 est
1334 283 1447 326 Ava-

214 376 375 413 norum,
403 368 501 406 sunt
525 358 770 423 inqcipati.

270 435 400 492 igitur
430 446 527 476 cum
551 432 886 486 circumquaque
918 428 1119 485 frequens
1144 426 1448 482 Longobardo-

214 523 309 553 rum
331 508 521 550 victoriae
542 510 838 562 personarent,
859 501 1018 546 Nar-ses
1045 500 1334 544 chartularius
1363 499 1447 540 im-

214 579 400 635 perialis,
427 578 499 633 qui
528 583 628 620 tunc
650 581 831 633 praeerat
865 574 1010 627 ltaliae,
1046 572 1204 617 bellum
1239 572 1447 615 adversus

213 652 394 696 Totilam
418 662 560 706 regem
584 658 821 694 tiotnorum
847 658 1111 704 praeparans,
1132 655 1230 688 cum
1252 645 1341 700 iam
1365 644 1450 699 pri-

210 726 307 769 dem
331 723 637 780 Langobardos
657 720 974 766 conl'oederatos
993 719 1185 769 haberet,
1211 717 1373 773 legatos
1394 716 1447 760 ad

211 809 351 854 regem
389 797 619 839 Albuinum
657 795 829 846 direxit,
870 800 1083 850 quatenus
1124 792 1162 836 ci
1204 797 1447 847 pugnaturo

209 882 308 914 cum
330 868 478 913 Gothis
502 868 706 912 auxilium
730 867 1008 910 ministraret.
1034 864 1157 908 Tunc
1174 862 1386 906 Albuinus
1408 862 1446 906 ei

210 942 444 988 exerc-itum
475 940 645 990 direxit,
681 939 753 994 qui
791 937 1009 981 Romanos
1044 930 1251 979 adversus
1286 933 1447 978 Gothos

207 1014 378 1067 juvaret
413 1025 422 1052 ε
464 1011 620 1067 quibus
660 1011 891 1066 susceptis,
934 1008 1119 1052 Romani
1156 1019 1256 1051 cum
1293 1006 1447 1050 Gothis

210 1086 367 1130 bellum
400 1090 687 1129 committunt.
724 1084 890 1137 Quibus
924 1095 1062 1139 usque
1098 1081 1154 1126 ad
1188 1080 1449 1126 internecio·-

208 1171 306 1202 ncm
330 1158 490 1214 pariter
519 1170 615 1201 cum
647 1156 786 1202 Totila
820 1169 899 1200 suo
917 1168 1014 1213 rege
1041 1155 1209 1206 «teletis,
1245 1153 1445 1198 honorati

208 1228 354 1271 multis
407 1229 675 1279 muneribus,
727 1229 911 1272 victores
957 1227 1010 1270 ad
1062 1224 1238 1282 propria
1281 1235 1447 1268 remea-

206 1306 327 1346 runt.

264 1372 326 1416 Ex
342 1378 446 1415 tunc
463 1370 642 1417 Romani
662 1370 862 1427 Longoba
870 1369 1044 1414 rdorum
1066 1367 1197 1411 amici
1219 1366 1263 1410 in
1276 1365 1449 1409 Panno·

207 1446 278 1488 nia
304 1458 471 1501 semper
495 1444 686 1488 suerunt.
710 1442 842 1499 igitur
870 1442 1029 1486 Narses
1051 1442 1188 1486 deleta
1211 1447 1337 1497 gente
1359 1439 1448 1483 Go-

209 1518 396 1569 thorum,
425 1524 466 1561 et
485 1517 682 1562 hostibus
708 1516 1001 1559 Romanorum
1027 1516 1069 1558 in
1095 1514 1277 1559 diversis
1299 1512 1449 1558 mundi

209 1589 404 1646 partibus
444 1589 674 1644 superatis,
715 1587 916 1630 invidIam
960 1586 1042 1630 sibi
1083 1586 1197 1641 apud
1232 1585 1448 1630 Romanos

206 1664 436 1707 contraxit.
462 1661 752 1706 Romanieum
777 1661 887 1717 apud
906 1659 1194 1703 Justinianum
1218 1660 1451 1716 imperato-

208 1749 296 1779 rem
332 1741 374 1780 et
399 1736 511 1791 apud
542 1734 744 1791 Sophiam
767 1734 1103 1790 imperatricem,
1124 1733 1246 1778 falsis
1265 1732 1447 1778 delatio·

206 1809 335 1853 nibus
371 1809 625 1864 gravissime
662 1807 939 1851 accusabant.
964 1805 1237 1851 Iustinianus
1266 1806 1449 1862 imperat

205 1888 253 1926 ut
278 1882 434 1926 Narses
466 1882 519 1925 ab
551 1881 667 1924 ltalia
703 1881 912 1932 discedat,
951 1888 993 1924 ct
1026 1879 1447 1936 Constantinopolim

206 1955 366 2008 redeat,
391 1954 583 2011 Longino
607 1953 806 2010 praefecto
831 1954 927 1998 loco
958 1953 1053 2008 ejus
1074 1953 1117 1996 in
1142 1952 1264 1997 ltalia
1285 1952 1449 1997 consti-

205 2035 311 2074 tuto.
342 2028 500 2083 Sophia
524 2039 695 2084 quoque
719 2027 865 2083 regina
889 2033 1039 2071 contra
1061 2039 1159 2071 eum
1190 2026 1447 2084 gravissime

204 2107 433 2152 commota,
468 2101 607 2144 minas
643 2100 681 2143 ei
721 2099 1002 2156 gravissimas
1038 2099 1263 2151 inserebat,
1297 2099 1447 2144 dicens

205 2173 399 2220 cumdem
423 2173 601 2218 Narsem
638 2172 884 2217 eunuchum
907 2172 967 2216 ita
990 2184 1037 2218 se
1057 2173 1165 2218 velle
1188 2172 1444 2228 deprimere,

205 2253 254 2291 ut
275 2248 318 2290 in
343 2247 528 2291 lanificio
551 2251 593 2291 et
613 2247 657 2291 in
679 2247 766 2290 tela
784 2246 966 2307 texenda
988 2259 1087 2292 eum
1111 2259 1209 2291 cum
1233 2247 1328 2292 aliis
1350 2261 1447 2291 mu-

205 2321 560 2365 lieribus-vivere
612 2326 843 2376 oporteret.
882 2321 946 2365 Ad
979 2333 1075 2379 quae
1120 2320 1249 2366 verba
1289 2320 1446 2367 Nat-ses

204 2394 431 2438 cunuchus
455 2394 614 2438 dicitur
644 2394 938 2450 respondisse,
963 2393 1080 2450 quod
1101 2395 1230 2439 talem
1251 2395 1380 2438 telam
1405 2395 1444 2439 ei

204 2468 431 2521 ordiretur,
459 2479 586 2524 quain
613 2467 704 2523 ipsa
721 2468 921 2513 omnibus
945 2467 1044 2512 vitae
1067 2480 1155 2511 suae
1177 2469 1445 2524 temporibus

203 2543 418 2597 complere
438 2552 524 2584 non
546 2546 706 2597 posset.
730 2540 876 2598 ltaque
900 2541 999 2588 odio
1029 2547 1232 2599 metuque
1255 2544 1447 2598 exagita-

206 2619 292 2663 tus,
318 2613 361 2655 in
387 2611 606 2667 Neapolim
632 2611 877 2670 Campaniae
898 2612 1114 2657 civitatem
1139 2613 1363 2669 secedens,
1384 2614 1448 2658 le-

205 2695 327 2744 gatos
350 2700 449 2732 mox
473 2687 526 2731 ad
549 2686 930 2743 Longobardorum
955 2691 1123 2744 gentem
1139 2687 1301 2744 dirigit,
1325 2700 1447 2732 man-

204 2761 314 2805 dans
332 2766 378 2804 ut
397 2761 666 2817 pauperrima
685 2759 917 2804 Pannonioe
933 2772 1035 2803 rura
1047 2748 1316 2813 desererent,
1333 2761 1446 2806 etad

206 2830 371 2876 ltaliam
395 2834 563 2877 cunctis
590 2832 793 2877 refertam
824 2833 984 2877 divitiis
1005 2833 1306 2889 possidendam
1329 2835 1449 2879 veni-

205 2913 302 2951 rcnt
325 2920 336 2950 :
364 2907 576 2963 simulque
602 2907 719 2951 misit
739 2907 992 2951 multimoda
1023 2920 1248 2964 pomorum
1272 2921 1446 2965 genera,

206 2981 472 3039 aliarumque
497 2980 661 3037 species
682 2993 843 3032 rerum,
869 2993 1052 3037 quarum
1075 2980 1195 3025 ltalia
1229 2981 1449 3026 fertilitate

206 3054 389 3098 lactatur.
435 3053 512 3097 His
548 3059 590 3098 et
635 3053 732 3097 aliis
767 3053 895 3098 dictis
932 3053 1316 3111 Longobardorum
1361 3055 1451 3098 ani-

206 3138 301 3170 mos
324 3126 482 3171 Narscs
507 3127 561 3169 ad
585 3125 825 3169 intrandam
852 3125 1015 3172 ltaliam
1042 3127 1317 3172 vehementer
1344 3128 1448 3174 alle-

205 3201 283 3245 xit.
1357 3255 1361 3258 ῃ

263 3271 535 3330 Longobardi
555 3263 810 3330 legationem
833 3273 915 3317 laeti
934 3274 1193 3329 suscipiunt,
1215 3274 1270 3320 de
1291 3274 1449 3319 l'uturis

205 3346 447 3390 commodis
463 3348 740 3398 extolluntur,
754 3354 796 3390 et
819 3346 871 3390 ad
891 3347 1136 3391 intrandam
1153 3346 1318 3391 ltaliam
1343 3361 1451 3405 prae·

207 3426 429 3475 parantur.
450 3418 608 3464 Eodem
631 3427 822 3475 tempore
843 3419 976 3476 ignca.-
992 3420 1106 3470 acics
1131 3420 1176 3464 in
1196 3433 1294 3465 acre
1316 3433 1450 3478 appa-

208 3500 403 3546 ruerunt,
422 3493 551 3538 ltaliae
567 3495 818 3551 sanguinem
843 3496 915 3551 qui
939 3502 1087 3552 postca
1111 3494 1272 3541 effusus
1293 3502 1359 3541 est
1376 3509 1450 3540 co-

208 3574 449 3611 ruscantes.
1395 3606 1397 3609 Α

262 3639 475 3684 Albuinus
493 3652 568 3683 rex
587 3639 1197 3692 Lonibardorum,intraturus
1212 3640 1376 3686 ltaliam
1396 3641 1451 3687 ab

207 3713 409 3759 omnibus
442 3714 592 3758 amicis
626 3716 716 3758 suis
742 3714 984 3759 Saxonibus
1012 3714 1115 3769 petit
1146 3714 1369 3766 auxilium,
1404 3721 1452 3758 ut

210 3787 443 3843 spatiosam
473 3786 637 3830 ltaliam
663 3800 760 3831 cnm
786 3788 982 3843 pluribus
1011 3800 1293 3845 possessurus
1316 3788 1452 3832 intra—

211 3866 291 3903 rct.
315 3858 379 3903 Ad
404 3872 530 3915 quem
554 3860 607 3903 de
644 3860 889 3906 Saxonihus
921 3862 1069 3918 viginti
1102 3862 1234 3906 millia
1259 3864 1451 3908 virorum

212 3944 310 3978 cum
336 3933 543 3976 uxoribus
573 3939 615 3976 et
638 3934 754 3987 tiliis,
786 3947 883 3978 cum
922 3934 1219 3992 Longobardis
1246 3942 1452 3993 perpetuo

213 4004 406 4048 mansuri
442 4011 668 4049 venerunt.
707 4003 796 4048 noc
837 4006 1062 4050 audientes
1102 4019 1227 4063 reges
1261 4005 1454 4051 Franco·

213 4087 326 4128 rum,
367 4075 612 4120 clotharius
654 4084 694 4121 et
735 4077 994 4134 Sigibertus,
1037 4077 1219 4130 Suevos,
1257 4087 1301 4123 et
1346 4081 1453 4124 alias

212 4155 363 4206 gentes
390 4149 434 4194 in
459 4150 565 4194 locis
590 4151 702 4195 unde
737 4150 929 4197 Saxones
967 4155 1179 4206 exierant,
1215 4153 1454 4198 collocave-

214 4229 330 4268 ruat.

270 4297 482 4342 Albuinus
519 4298 643 4342 sodes
676 4310 794 4351 suas,
828 4300 871 4343 id
909 4306 975 4344 cst
1016 4306 1149 4344 totam
1186 4300 1455 4346 Pannoniam

215 4370 368 4414 amicis
394 4371 484 4415 suis
507 4371 692 4423 nonnis,
719 4373 761 4416 id
785 4381 849 4417 est
880 4374 1109 4425 Andibus,
1135 4387 1185 4418 ea
1209 4374 1456 4419 conditione

218 4442 406 4499 reliquit,
432 4451 477 4486 ut
502 4446 535 4489 si
562 4444 867 4503 Longobardos
892 4448 1035 4504 aliquo
1058 4453 1249 4504 tempore
1288 4447 1455 4504 regredi

1529 283 1645 326 niam
1668 294 1875 327 remeare.

1582 357 1892 402 llabitaverant
1922 355 2194 413 Longobardi
2216 357 2483 404 Pannoniam
2512 361 2638 405 annis
2660 373 2772 416 qua·

1527 429 1724 486 draginta
1753 431 1953 485 duobus;
1980 443 2004 474 a
2026 442 2111 487 qua
2131 431 2295 487 egressi
2317 438 2417 476 sunt
2438 445 2587 478 mense
2616 433 2771 490 Aprili,

1530 502 1763 548 indictione
1785 503 1994 557 secunda,
2020 515 2119 548 cum
2150 503 2360 549 uxoribus
2376 511 2419 549 et
2435 497 2585 550 liberis
2606 505 2774 551 ltaliam

1529 577 1794 634 possessuri.

1583 650 1708 693 Anno
1742 650 1796 694 ab
1819 648 2119 694 incarnatione
2142 648 2311 695 Doniini
2335 650 2434 704 588,
2459 651 2671 698 Albuinus
2705 653 2776 696 in-

1529 735 1706 780 gressus
1727 721 1893 766 ltaliam
1916 723 2028 780 apud
2051 720 2308 779 Forumjulii
2329 723 2448 767 circa
2469 723 2674 771 Venetiae
2696 738 2775 771 ne-

1528 801 1671 852 potem
1695 808 1821 838 suum
1843 794 2115 851 Gilphulsum
2137 797 2278 851 primo
2311 795 2407 840 loco
2428 796 2581 841 ducem
2611 798 2774 842 consti·

1528 869 1625 921 tuit,
1645 870 1770 925 eique
1785 868 1880 912 illas
1897 867 2028 911 ltaliae
2046 874 2190 924 partes
2213 869 2444 913 commisit.

1586 941 1743 984 Eodem
1773 947 1965 997 tempore
1988 942 2171 985 moritur
2200 940 2447 986 clotharius
2477 954 2551 988 rex
2584 942 2775 988 Franco·-

1529 1024 1641 1063 rum,
1667 1017 1709 1054 et
1729 1023 1910 1067 regnum
1933 1010 2082 1055 Galliae
2105 1012 2220 1056 inter
2245 1013 2357 1059 filios
2387 1014 2483 1070 ejus
2507 1015 2774 1071 quadi-icario

1528 1084 1751 1128 dividitur.
1773 1084 1964 1138 Quorum
1980 1085 2164 1141 primus,
2180 1086 2420 1140 Aribertus,
2439 1087 2559 1132 sedet
2575 1087 2772 1141 Parisiis,

1529 1157 1746 1202 secundus
1764 1156 2046 1202 Guthrannus
2068 1157 2190 1203 sedet
2207 1159 2443 1210 Aureliani,
2462 1162 2616 1206 tertius
2631 1160 2776 1218 llilpe-

1528 1228 1663 1279 ricus,
1697 1227 1808 1283 apud
1833 1226 2026 1273 Senones
2057 1233 2176 1274 tenet
2209 1229 2355 1274 sedem
2385 1229 2596 1274 clotharii
2635 1233 2775 1288 patris

1529 1301 1613 1354 sui,
1639 1307 1820 1357 quartus
1843 1299 2086 1358 Sigibertus
2114 1301 2235 1346 sedet
2267 1302 2313 1346 in
2334 1301 2445 1347 urbe
2465 1302 2660 1350 Metensi.
2688 1303 2777 1350 Ro·-

1527 1386 1609 1418 mae
1636 1380 1740 1418 tunc
1772 1379 1867 1418 erat
1891 1386 2000 1430 papa
2031 1373 2308 1427 Benedictus,
2347 1375 2392 1418 in
2426 1373 2648 1434 Aquilegia
2673 1390 2776 1422 vero

1526 1445 1688 1491 Paulus
1710 1455 1803 1491 erat
1827 1446 2092 1503 patriarcha,
2114 1447 2189 1503 qui
2213 1453 2331 1493 metu
2349 1446 2691 1494 Lombardorum
2719 1450 2775 1495 ad

1527 1519 1735 1573 Gradum,
1760 1521 1802 1564 id
1829 1527 1896 1565 est
1920 1520 2162 1574 Venetiam,
2186 1532 2286 1564 cnm
2309 1521 2426 1565 omni
2456 1521 2662 1566 thesauro
2694 1523 2774 1566 Ec·

1526 1594 1669 1638 clcsiae
1710 1604 1815 1644 suae,
1854 1598 1897 1636 et
1932 1605 2032 1637 cum
2071 1592 2328 1650 supellectili
2362 1593 2571 1651 confugit.
2612 1593 2774 1639 Eodem

1526 1671 1721 1722 tempore
1744 1665 1908 1709 Avares
1940 1663 2016 1722 qui
2046 1671 2089 1710 et
2112 1663 2279 1718 Hunni,
2303 1665 2393 1711 sive
2419 1662 2600 1721 ungari,
2628 1665 2776 1711 audita

1525 1743 1667 1782 morte
1704 1739 1821 1794 regis
1872 1737 2141 1783 Francorum
2186 1738 2415 1792 Clotharii,
2464 1738 2596 1796 super
2639 1737 2774 1783 filium

1524 1810 1621 1864 ejus
1661 1808 1919 1867 sigibertum
1953 1822 2074 1853 arma
2111 1816 2392 1864 convertunt3
2430 1811 2589 1867 quibus
2622 1811 2694 1855 ille
2730 1811 2775 1854 in

1527 1882 1765 1941 Thuringia
1804 1895 2032 1935 occurens,
2067 1884 2191 1938 juxta
2234 1882 2374 1927 Albim
2405 1883 2579 1927 fluvium
2621 1883 2675 1927 de
2709 1883 2776 1928 eia

1525 1959 1686 2015 optime
1723 1956 2022 2015 triumphavit,
2058 1957 2232 2016 illisque
2267 1956 2587 2014 postulantibus
2625 1968 2777 2014 pacem

1526 2030 1659 2075 dedit.
2434 2070 2437 2076 .

1579 2105 1796 2150 Albuinus
1824 2116 1923 2148 cum
1947 2103 2192 2149 Tarvisium
2225 2105 2509 2162 pervenisset,
2545 2106 2776 2162 episeopus

1521 2177 1621 2234 ejus
1664 2176 1870 2221 Ecclesiae
1906 2175 2033 2220 Felix*
2063 2176 2102 2221 ei
2140 2177 2360 2231 occurrit;
2397 2177 2468 2221 cui
2501 2189 2576 2222 rex
2614 2177 2777 2234 petenti

1526 2263 1659 2307 super
1677 2251 1878 2295 omnibus
1910 2250 2036 2295 honis
2069 2249 2275 2297 Ecclesiae
2294 2250 2506 2308 privilegii
2529 2250 2598 2296 sui
2632 2249 2777 2294 firma-

1467 2349 1502 2394 e
1523 2328 1672 2368 menta
1694 2323 1927 2368 concessit.
1947 2322 2160 2366 Albuinus
2174 2322 2386 2369 Veronam
2411 2334 2647 2379 omnesque
2668 2321 2776 2367 alias

1529 2396 1718 2441 Venetiae
1747 2397 1961 2448 civitates,
1984 2404 2139 2454 praeter
2171 2395 2382 2449 Paduam,
2406 2400 2448 2439 et
2472 2395 2707 2447 Mantuam,
2732 2400 2776 2439 et

1527 2475 1715 2517 montem
1746 2468 1908 2524 Silicis,
1930 2469 2050 2512 vicit.
2086 2466 2267 2512 Venetia
2291 2468 2404 2512 enim
2429 2481 2519 2513 non
2550 2468 2596 2512 in
2625 2466 2776 2525 paucis

1528 2544 1699 2595 insulis,
1723 2544 1837 2588 sicut
1861 2543 2035 2600 quidam
2058 2543 2291 2593 aestimant,
2317 2547 2506 2593 constat,
2536 2541 2612 2587 sed
2644 2540 2775 2584 etiam

1526 2615 1736 2659 terminos
1750 2627 1776 2657 a
1793 2614 1950 2658 finibus
1967 2613 2199 2658 Pannoniae
2217 2613 2417 2668 usquead
2429 2612 2578 2657 Aldam
2598 2611 2775 2655 fluvium

1528 2693 1643 2731 tenet
1665 2685 1954 2732 Laudensium
1973 2691 2015 2731 et
2035 2685 2436 2731 Mediolanensium.
2461 2684 2674 2730 Probatur
2693 2684 2776 2728 hoc

1528 2773 1603 2817 per
1630 2760 1763 2805 libros
1785 2759 1990 2811 Annales,
2017 2759 2061 2804 in
2081 2759 2239 2816 quibus
2259 2759 2414 2804 civitas
2431 2758 2685 2815 Bergamum
2705 2757 2774 2801 in-

1528 2841 1593 2878 ter
1610 2835 1717 2879 alias
1740 2835 1938 2879 civitates
1957 2833 2147 2878 Venetiae
2166 2839 2434 2878 numeratur.
2453 2833 2619 2878 Dicitur
2631 2837 2772 2876 autem

1530 2907 1703 2964 Liguria
1727 2907 1843 2952 circa
1868 2906 2175 2959 Mediolanum,
2207 2913 2252 2950 et
2282 2906 2396 2952 circa
2429 2905 2622 2962 Papiam,
2650 2904 2774 2962 qnasi

1529 2995 1553 3026 a
1585 2982 1775 3039 legendis
1797 2982 2102 3038 leguminibus,
2126 2981 2284 3038 quibus
2313 2980 2429 3023 omni
2455 2985 2648 3036 tempore
2679 2977 2776 3035 plus

1529 3068 1658 3113 quam
1673 3056 1767 3099 aliae
1780 3055 2012 3111 provinciae
2027 3056 2249 3099 abundare
2261 3055 2444 3099 videtur.
2457 3052 2619 3110 Ligur-ii
2637 3062 2776 3109 usqne

1529 3131 1581 3174 ad
1607 3129 1716 3189 lines
1739 3128 1979 3176 Suevorum
2003 3135 2046 3174 et
2067 3127 2423 3186 Burgundionum
2443 3126 2649 3171 terminos
2671 3138 2775 3171 suos

1529 3203 1779 3248 extendunt.

1531 3308 1738 3355 Albm'nus
1761 3323 1834 3354 rex
1855 3307 2186 3353 Lombardorum
2213 3320 2385 3351 uxorem
2409 3321 2529 3351 auam
2554 3306 2776 3350 Rosimmt·

1586 3368 1686 3410 dam
1708 3369 1814 3424 coqit
1839 3366 1974 3410 bibere
1993 3378 2044 3409 ex
2067 3372 2172 3408 testa
2207 3366 2351 3420 capitis
2389 3366 2522 3419 patris
2543 3365 2607 3406 sni
2646 3364 2776 3407 Cuni-

1476 3422 1509 3465 D
1588 3424 1749 3475 mumii,
1773 3423 1880 3479 reyia
1918 3421 2167 3477 Gepidorum
2194 3435 2204 3465 :
2228 3435 2351 3477 quam
2375 3423 2460 3476 ipse
2499 3423 2540 3463 in
2576 3420 2776 3463 similitu-

1586 3481 1722 3524 dinem
1743 3480 1884 3537 scyphi
1902 3480 2053 3534 [ecerat
2076 3479 2327 3551 proeparari.

1588 3572 1800 3616 Albuinus
1824 3583 1900 3614 rex
1935 3570 1978 3613 in
2001 3577 2186 3626 quadam
2211 3581 2291 3631 sua
2325 3580 2480 3626 magna
2504 3566 2775 3625 solemnitate
2837 3611 2843 3625 ,

1533 3648 1577 3690 in
1594 3645 1791 3690 convivio
1833 3644 2085 3688 solemniter
2127 3642 2338 3694 residens,
2365 3655 2461 3688 cum
2482 3641 2644 3701 scypho
2682 3639 2772 3692 illo,

1529 3730 1660 3777 quem
1680 3717 1734 3766 de
1751 3717 1891 3773 capite
1906 3716 2183 3766 Cunimnndi,
2205 3716 2319 3773 regis
2337 3714 2615 3771 (lepidorum,
2635 3713 2776 3759 soceri

1534 3791 1617 3845 sui,
1634 3789 1717 3834 sibi
1740 3789 1899 3837 fecerat
1909 3790 2158 3845 praeparari,
2184 3788 2390 3844 imperat„
2408 3793 2455 3831 ut
2481 3789 2523 3830 in
2546 3785 2775 3843 praesentia

1537 3861 1746 3912 omnium,
1769 3861 1929 3917 reginae
1951 3861 2227 3917 propinetur:
2248 3873 2343 3916 quae
2358 3861 2458 3904 dum
2480 3859 2580 3903 l'acti
2598 3859 2777 3904 sceleris

1536 3938 1704 3990 ignara,
1733 3937 1934 3992 poculum
1971 3934 2160 3979 bibitura
2197 3935 2383 3986 tulisset,
2419 3934 2524 3978 dicit
2545 3933 2584 3977 ei
2610 3945 2684 3976 rex
2704 3931 2776 3976 At-

1535 4008 1711 4051 buinus.
1753 4021 1767 4046 t
1787 4006 1891 4050 Bibe
1908 4019 2005 4050 cum
2030 4011 2152 4063 patre
2173 4012 2249 4050 tuo
2281 4022 2290 4049 :
2319 4022 2333 4047 ›
2363 4006 2458 4058 Quo
2490 4002 2779 4058 dicto‚.Rosi·
2842 4053 2847 4064 Ι

1535 4080 1697 4125 munda
1713 4079 1881 4135 regina,
1904 4080 2041 4136 magis
2057 4091 2184 4134 quain
2202 4079 2322 4123 credi
2344 4078 2481 4123 valeat
2501 4077 2774 4129 contristata,

1535 4155 1755 4212 ingenium
1797 4160 1840 4198 et
1875 4154 2066 4198 animum
2102 4153 2156 4197 ad
2183 4153 2312 4209 huius
2356 4153 2531 4198 sceleris
2559 4153 2777 4197 ultionem

1535 4229 1759 4272 convertit.

1590 4300 1729 4357 Rogat
1753 4300 1884 4355 igitur
1916 4299 1969 4343 ad
2004 4301 2086 4344 hoc
2114 4299 2445 4356 perpetrandum
2489 4299 2624 4355 ipsius
2664 4297 2776 4353 regis

1535 4376 1804 4433 pincernam,
1823 4375 1998 4420 nomine
2015 4374 2245 4430 Helmegis,
2273 4381 2314 4418 et
2335 4374 2466 4417 alium
2482 4374 2677 4423 militem,
2699 4384 2777 4417 no·

1537 4449 1652 4492 mine
1671 4446 1925 4491 Paradeum.
1953 4445 2056 4492 Erat
2076 4455 2217 4493 autem
2242 4446 2456 4502 Helmegis
2493 4446 2698 4491 nutritius
2736 4451 2778 4489 et
