2924 4588
240 146 315 198 ιιι
539 178 568 214 ,

239 250 424 295 poenam.
462 233 558 278 Haec
595 232 645 274 de
686 230 780 289 ¹⁰00
814 220 1091 282 tertio.·Tria
1127 219 1257 262 etiam
1292 216 1335 258 in
1381 203 1534 263 loco‘A

240 315 415 366 quarto,
443 308 494 349 ab
521 305 611 360 ipso
632 300 890 344 retributore
912 295 1162 339 meritorum
1179 288 1254 341 {et
1270 286 1477 331 distribu—

241 390 333 426 tore
356 379 625 436 praemiorum]
649 372 865 415 dabuntur
888 368 1035 411 electis
1054 378 1064 405 z
1091 363 1224 408 robur
1246 359 1445 417 potentia:
1461 389 1474 410 ‚

240 466 263 496 a
288 462 451 496 summa
479 446 664 504 potentia
680 442 807 484 Patre
824 471 836 492 ,
860 443 908 483 ut
929 439 1015 482 sint
1037 433 1298 492 potentesin
1322 434 1478 475 semet-

241 525 368 579 ipsis;
396 519 568 564 claritas
590 514 811 571 sapientioe
829 543 842 563 ‚
884 522 909 554 a
931 522 1030 554 vera
1049 505 1258 563 sapientia
1279 502 1404 553 Filio,
1430 505 1477 544 ut

239 597 326 639 sint
346 592 559 648 sapientes
590 589 634 631 in
656 587 762 638 Deo;
783 584 975 631 suavitas
999 580 1159 625 amoris
1178 590 1202 621 a
1231 575 1347 620 dulci
1374 574 1478 618 cha·

239 668 362 710 ritate
388 662 547 719 Spiritu
567 665 730 711 saneto,
757 663 804 699 ut
828 657 914 700 sint
936 660 1129 697 amantes
1153 649 1350 701 invicem,
1376 658 1478 703 qua·

238 749 363 786 tenus
387 737 470 780 boc
485 734 613 779 modo
640 731 756 775 Deus
781 730 836 774 sit
853 727 997 770 omnia
1022 726 1066 768 iu
1088 723 1290 768 omnibns
1310 718 1353 776 (1
1375 718 1475 763 Cor.

239 824 309 862 xv,
331 809 421 865 28).
445 805 529 850 Sed
554 805 655 861 quia
675 803 727 847 de
751 802 835 851 his,
862 796 1035 855 quando
1057 796 1110 841 de
1132 794 1378 838 tabularum
1400 803 1478 834 an·

237 882 352 927 utilis
387 878 587 936 superius
619 875 925 931 loquebamur,
963 867 1274 925 aliquantulum
1309 864 1478 933 prolixe

237 954 450 1003 diximus,
471 949 633 994 diutius
654 947 722 991 his
739 942 959 989 immorari
976 941 1232 986 devitamus.
1260 936 1371 982 Sunt
1391 936 1475 980 ita-

236 1038 320 1079 oue
338 1025 426 1068 haec
448 1026 631 1078 quatuor
654 1019 769 1062 loca:
795 1016 975 1072 primus,
999 1013 1073 1058 ubi
1094 1023 1177 1057 nos
1199 1008 1477 1058 recordamur

238 1097 393 1149 suisse3
415 1093 646 1143 secundus,
667 1091 738 1135 ubi
756 1101 837 1134 nos
860 1087 1145 1145 perspicimus
1160 1096 1281 1137 esse3
1307 1081 1475 1132 tertius,

237 1171 309 1214 ubi
348 1169 573 1213 horremus
617 1163 790 1216 adesse;
826 1166 1006 1217 quartus
1022 1191 1033 1209 ‚
1078 1170 1101 1202 a
1152 1170 1238 1214 quo
1273 1155 1477 1200 nolumus

239 1242 402 1293 abesse.
426 1237 596 1282 Primus
626 1236 745 1280 locus
782 1240 961 1277 vocatur
989 1231 1185 1286 voluptas
1202 1228 1371 1279 carnis,
1403 1238 1474 1271 se-

236 1312 404 1357 cundus
427 1310 647 1354 calamitas
676 1306 822 1350 mundi
840 1339 851 1359 ,
879 1305 1030 1356 tertius
1056 1303 1265 1359 asperitas
1291 1299 1474 1351 inferni,

236 1392 415 1444 quartus
448 1382 631 1428 felicitas
659 1381 772 1425 coeli.
814 1379 911 1422 llaec
951 1383 1052 1423 sunt
1074 1381 1258 1435 quatuor
1283 1375 1402 1427 loca,
1421 1385 1475 1418 ex

233 1459 393 1515 qulbus
427 1454 747 1512 quadripartitae
779 1450 997 1508 profluunt
1043 1460 1180 1505 aquae.
1234 1446 1294 1490 Ex
1348 1444 1476 1502 primi

235 1541 420 1585 namque
435 1527 516 1570 loci
528 1525 719 1580 diligenti
739 1522 1086 1568 consideratione
1098 1524 1270 1565 emanat
1293 1520 1336 1562 in
1350 1518 1475 1562 nobis

238 1615 346 1659 aqua
371 1598 555 1653 doloris,
573 1599 673 1655 quia
700 1598 808 1641 tales
830 1608 909 1640 nos
932 1595 1063 1639 fuisse
1099 1594 1309 1638 dolemus.
1330 1592 1391 1636 Ex
1408 1604 1477 1637 se-

236 1673 382 1723 cundi,
403 1673 590 1725 timoris;
615 1670 733 1726 quia,
758 1682 813 1713 ne
849 1668 987 1712 adhuc
1010 1668 1118 1711 tales
1139 1679 1218 1711 nos
1239 1679 1337 1711 esse
1372 1678 1476 1709 con-

235 1749 387 1804 tingat,
407 1745 763 1803 pertimescimus.
782 1742 844 1785 Ex
863 1742 991 1793 tertii,
1013 1742 1227 1792 horroris,
1253 1739 1353 1797 quia
1375 1738 1477 1782 illuc

237 1818 391 1863 cadere
426 1817 722 1862 formidamus.
761 1813 820 1858 Ex
859 1814 1018 1871 quarti,
1035 1814 1195 1858 amoris
1221 1845 1232 1865 ,
1272 1812 1370 1869 quia
1405 1811 1477 1854 illo

238 1894 474 1952 pertingere
494 1895 761 1946 exoptamus.
787 1887 831 1931 ln
863 1891 1002 1944 primo
1038 1887 1193 1931 etenim
1222 1886 1317 1930 loco
1340 1884 1478 1941 pudor

237 1971 303 2010 est
325 1970 367 2008 et
390 1965 532 2016 dolor;
558 1964 603 2005 in
639 1960 852 2013 secundo,
879 1961 999 2004 labor
1020 1966 1062 2004 et
1089 1960 1237 2013 timor3
1257 1958 1301 2002 in
1323 1960 1476 2010 tertio,

237 2044 376 2085 terror
396 2043 437 2080 et
460 2037 633 2088 horror-3
667 2034 711 2076 in
732 2040 899 2090 quarto,
922 2044 1049 2088 sapor
1070 2037 1112 2075 et
1130 2043 1265 2075 amor.

294 2106 472 2154 Cvat.
498 2106 556 2149 Ex
586 2106 654 2150 his
676 2106 806 2162 igitur
823 2112 1009 2161 quatuor
1038 2105 1143 2148 locis
1171 2109 1356 2160 quatuor
1378 2114 1479 2159 pro-

239 2182 375 2227 fluunt
407 2180 561 2231 sontes,
579 2179 653 2235 qui
682 2177 952 2222 Dominicum
989 2177 1170 2232 irrigant
1201 2176 1390 2221 hortum.
1418 2175 1481 2220 Ex

240 2257 334 2301 loro
362 2255 498 2313 primo
523 2253 682 2309 proprii
713 2257 856 2296 reatus
876 2256 1046 2295 emanat
1069 2250 1251 2307 ploratio
1279 2266 1288 2294 z
1313 2256 1354 2295 et
1389 2250 1479 2294 haec

241 2340 351 2386 aqua
369 2334 449 2374 est.
473 2339 571 2383 quae
593 2326 746 2369 circuit
769 2330 927 2368 terram
949 2323 1134 2376 Evilath‚
1156 2323 1198 2367 id
1221 2330 1306 2375 est,
1325 2336 1479 2367 novam

242 2401 372 2444 vitam
397 2399 698 2456 parturientes.
725 2394 892 2440 Evilath
916 2397 1029 2439 enim
1044 2395 1283 2451 parturiens
1307 2395 1480 2446 dicitur,
1505 2372 1537 2416 C

242 2475 286 2519 in
310 2485 395 2531 qua
435 2473 563 2518 etiam
586 2479 698 2517 terra
726 2482 879 2514 aurum
900 2469 1092 2514 nascitur
1115 2484 1124 2513 :
1150 2469 1250 2525 quia
1275 2469 1346 2526 qui
1369 2467 1486 2511 addit

242 2547 474 2599 scientiam,
500 2545 615 2590 addit
633 2553 672 2590 et
691 2543 874 2608 dolorem
885 2542 1038 2606 (Eccle.
1060 2555 1091 2595 1,
1114 2542 1180 2600 18)
1192 2542 1326 2600 (515).
1351 2541 1411 2585 Ex
1430 2541 1491 2584 lo-

243 2633 295 2664 co
311 2619 500 2666 secundo
516 2620 789 2671 multimodae,
802 2608 928 2676 quani
943 2620 984 2663 in
996 2618 1194 2676 praesenti
1206 2618 1486 2673 sustinemus,

244 2695 429 2738 iniserioe
456 2692 629 2751 profluit
665 2693 923 2749 compassio.
948 2693 1000 2736 Et
1023 2693 1113 2736 haec
1143 2705 1253 2750 aqua
1275 2700 1358 2745 est,
1390 2705 1487 2749 quae

245 2765 399 2809 circuit
416 2770 574 2809 terram
594 2763 839 2820 AEthiopiae.
859 2764 921 2808 Ex
940 2765 1066 2809 tertio
1083 2777 1221 2822 poenae
1239 2764 1488 2822 gehennalis

243 2842 486 2898 trepidatio.
524 2840 571 2883 Et
602 2841 692 2885 haec
725 2846 792 2886 est
824 2852 920 2898 quae
948 2841 1064 2886 vadit
1082 2847 1231 2885 contra
1266 2841 1484 2899 Assyrios.

246 2914 307 2959 Ex
344 2921 496 2972 quarto
533 2915 765 2959 affectuosa
818 2920 860 2960 et
893 2914 1156 2960 desideriosa
1206 2915 1352 2959 fructu
1390 2915 1486 2959 vitae

246 2990 402 3034 reTeita
424 2991 572 3047 patriae
604 2989 790 3033 coelestis
828 2990 1089 3046 exspectatio
1116 3004 1126 3034 ε
1167 2989 1217 3032 Et
1251 2989 1354 3033 haec·
1378 3001 1488 3045 aqua

248 3063 485 3120 Euphrates
500 3069 702 3116 vocatur;
726 3063 825 3119 quia
851 3074 873 3105 a
887 3063 1027 3118 fructu
1051 3062 1309 3119 Euphratem
1333 3075 1489 3107 nomen

249 3136 428 3191 accepit.
453 3132 523 3178 Hae
560 3135 687 3176 etiam
706 3146 826 3189 aquae
843 3134 967 3178 nohis
990 3134 1163 3191 copiose
1201 3132 1414 3191 profluunt
1436 3147 1489 3179 ex

250 3210 343 3264 ipso
376 3208 568 3264 piissimo
619 3219 670 3250 ac
691 3206 940 3250 dulcissimo
973 3205 1258 3263 Redemptor-e
1310 3206 1490 3251 Domino

249 3281 366 3327 Jesu.
394 3269 462 3326 Bis
479 3293 661 3337 namque
677 3281 721 3324 in
745 3280 973 3337 Evangelio
1000 3282 1154 3339 legitur
1178 3281 1368 3335 flevisse,
1390 3295 1488 3327 cuin

251 3366 330 3398 nec
347 3354 476 3398 semel
500 3366 684 3410 unquam
701 3353 851 3398 risisse
867 3354 1108 3398 inveniatur
1125 3354 1256 3412 (3¹6).
1285 3356 1416 3400 licvit
1437 3357 1490 3401 ad

252 3432 572 3470 monumentum
602 3425 752 3470 Lazari
775 3425 915 3484 (locu.
934 3439 996 3478 xi,
1020 3427 1108 3484 55),
1141 3427 1255 3472 flevit
1277 3441 1406 3485 super
1428 3429 1490 3473 ci·
1515 3457 1551 3505 D

253 3500 426 3543 vitatem
447 3498 679 3544 Jerusalem
708 3499 930 3553 (Lucani,
953 3500 1045 3558 Η);
1072 3502 1241 3546 sudavit
1262 3508 1361 3547 ante
1391 3515 1491 3560 pas·
1514 3518 1517 3520 ’

255 3573 420 3617 sionem
450 3572 622 3629 quando
658 3571 796 3618 sactus
833 3573 877 3617 in
920 3575 1074 3632 agonia
1112 3575 1319 3631 prolixius
1354 3576 1494 3622 oravit

258 3644 374 3702 (Luc.
402 3659 507 3701 xxii,
540 3646 610 3703 43)
638 3662 647 3690 ι
670 3648 758 3702 jam
790 3660 958 3705 quoque
995 3655 1216 3700 mortuus,
1243 3650 1317 3693 sed
1355 3650 1496 3694 adbuc

257 3721 377 3763 cruci
399 3720 550 3766 affixus
571 3734 622 3766 ex
661 3721 793 3766 latere
817 3735 896 3767 suo
933 3736 1016 3767 non
1042 3724 1179 3768 solum
1214 3726 1464 3781 sanguinem
1482 3758 1495 3778 ‚

259 3806 407 3839 verum
422 3796 548 3839 etiam
566 3807 717 3852 aquam
738 3796 878 3841 emisit
902 3796 1042 3855 (loun.
1069 3811 1157 3847 xix,
1183 3798 1269 3856 54).
1292 3798 1404 3844 Ecce
1422 3798 1501 3843 hu-

260 3880 404 3913 mores
423 3877 618 3925 quatuor,
640 3870 711 3926 qai
737 3870 789 3912 ad
822 3871 1167 3915 emundationem
1189 3878 1380 3916 nostram
1416 3877 1499 3918 mi·

262 3941 503 3985 nistrantur
523 3942 645 3985 nobis
671 3943 725 3985 ab
742 3944 834 3998 ipso
860 3943 1037 3986 Domino
1066 3942 1167 3987 lesu
1189 3977 1199 3991 .
1226 3945 1299 3999 qui
1326 3945 1368 3989 in
1389 3945 1503 3989 Scri-

265 4018 391 4070 ptura
413 4025 534 4057 sacra
558 4013 652 4056 lons
674 4014 816 4068 vivus,
830 4019 871 4057 et
896 4014 937 4057 iu
960 4014 1166 4072 propheta
1180 4015 1235 4058 ad
1253 4016 1502 4061 abluendum

264 4094 534 4142 peccatorem,
550 4094 590 4129 et
612 4094 908 4131 menstruatam
929 4089 1018 4144 sons
1038 4096 1178 4144 patens
1197 4089 1343 4133 doinus
1369 4090 1504 4134 David

268 4158 507 4214 appellatur
549 4158 694 4214 (lach.
730 4172 827 4211 xiii,
854 4160 912 4217 1).
941 4161 998 4206 De
1022 4163 1157 4218 primo
1181 4162 1360 4208 humore
1395 4167 1506 4208 scri-

270 4235 390 4287 ptum
410 4237 475 4275 est
497 4246 508 4274 t
528 4230 582 4274 Et
600 4232 850 4289 lacrymatus
868 4241 927 4276 est
947 4233 1067 4278 lesus
1087 4234 1226 4293 (loun.
1255 4249 1311 4288 xr,
1332 4238 1419 4293 552.
1444 4237 1504 4282 De

329 4334 444 4393 (515)
455 4335 577 4392 Vulg.
595 4337 801 4392 laborem;
824 4338 934 4383 Lxx
951 4340 1122 4399 ἄλγημα,
1148 4342 1187 4384 id
1212 4348 1275 4386 est
1297 4343 1506 4388 dolorem:

297 4391 394 4490 ,35⁰3
422 4394 864 4492 effiggniPeleganter
900 4404 1116 4454 nuncupat
1161 4397 1280 4455 Vulg.
1316 4415 1393 4445 vox
1436 4403 1507 4444 illa

1136 124 1305 171 ADAMI
1336 113 1926 166 PRAEMONSTRATENSts

2720 110 2801 154 77²
2876 135 2877 138 =

1556 207 1746 255 secundo
1772 223 1781 250 :
1820 204 1967 247 Vident
1997 204 2202 246 civitatem
2218 232 2230 253 ,
2256 201 2372 258 flevit
2399 214 2532 257 super,
2551 201 2696 252 illatam
2732 201 2802 246 di-

1557 291 1686 326 ceus:
1716 280 1813 336 quia
1849 291 1888 321 st
1925 278 2180 333 cognovisses
2208 282 2248 318 et
2283 281 2328 317 tu
2361 273 2480 332 (Luc.
2503 281 2594 326 xix,
2626 274 2716 331 Η).
2742 272 2804 318 De

1558 353 1684 398 tertio
1708 367 1717 396 :
1746 351 1902 394 Factus
1919 356 1981 392 eat
2013 348 2269 402 sudemque,
2288 347 2396 391 sicut
2422 352 2552 403 qutloe
2586 345 2801 403 sanquim's

1556 426 1811 471 decurrentis
1846 428 1886 468 in
1926 431 2080 467 terram
2115 419 2233 478 (Luc.
2264 432 2374 471 xxii,
2398 419 2488 477 45).
2517 417 2578 463 De
2612 427 2798 477 quarto:

1562 497 1675 541 Unus
1706 497 1886 540 militum
1917 496 2062 537 lancea
2091 492 2204 536 latus
2223 491 2312 548 ejus
2337 492 2515 546 aperuit,
2543 498 2583 535 et
2605 492 2802 536 continuo

1556 572 1680 615 exivit
1702 572 1872 627 sanquis
1909 575 1949 614 et
1963 581 2072 624 aqua
2095 565 2237 616 (Ιοαιι.
2261 577 2351 618 xix,
2377 564 2464 622 54).
2490 562 2638 610 Fletus
2659 564 2804 622 itaque

1557 641 1726 686 Domini
1742 641 1844 686 Jesu
1862 640 1915 684 ad
1934 643 2260 682 monumentum
2285 635 2451 687 Lazari,
2475 635 2593 680 iliam
2608 635 2806 696 designat

1557 726 1728 772 aquam,
1747 726 1878 770 quam
1907 724 1962 758 ex
1986 711 2101 755 illius
2119 709 2466 755 consideratione
2498 707 2615 762 loci,
2646 711 2694 753 in
2717 721 2805 766 qno

1557 801 1636 832 nos
1659 787 1938 832 recordamur
1962 785 2122 836 fuisse,
2149 783 2375 828 haurimus
2403 781 2606 838 :quando
2625 794 2706 827 nos
2726 783 2806 827 do-

1557 862 1696 905 lemus
1715 867 1787 911 ,et
1821 858 2130 903 obstinationis
2159 855 2301 912 lapide
2333 859 2645 912 praegravatos,
2680 858 2724 899 ct
2759 855 2807 900 in

1557 935 1762 993 spelunca
1811 933 1976 978 *soetidae
2019 931 2380 988 concupiscent-iae
2414 928 2679 986 putrefactos
2701 959 2715 980 ,
2762 933 2809 973 et

1557 1020 1635 1066 per
1658 1019 1920 1053 eonsensum
1953 1005 2117 1062 peccati
2151 1009 2364 1054 mortuos,
2405 1009 2448 1048 et
2473 1015 2552 1060 per
2571 1007 2809 1048 consuetu-

1556 1081 1702 1126 dinem
1720 1079 1855 1129 l'uisse
1878 1080 2085 1135 sepultos.
2111 1076 2196 1121 ltlae
2218 1089 2319 1120 vero
2337 1077 2552 1132 lacrymae,
2572 1087 2680 1132 quas
2697 1074 2809 1119 rudit

1556 1154 1698 1200 flendo
1727 1165 1860 1210 super
1896 1151 2115 1196 civitatem
2148 1148 2405 1202 Jerusalem,
2441 1149 2556 1192 illam
2585 1148 2711 1194 nobis
2739 1149 2811 1193 in-

1555 1232 1696 1270 nuunt
1721 1236 1876 1280 aquam
1908 1235 2038 1279 qnam
2061 1236 2116 1268 ex
2151 1221 2236 1266 loci
2281 1221 2328 1265 in
2359 1234 2445 1278 quo
2488 1233 2605 1266 nunc
2651 1215 2814 1266 sumus

1503 1293 1536 1340 B
1558 1298 1827 1356 inspectione
1851 1298 2148 1353 concipimus;
2190 1293 2365 1352 quando
2397 1295 2600 1341 timemus
2642 1307 2697 1340 ne
2726 1306 2814 1340 nos

1556 1369 1723 1414 inimici
1746 1368 1884 1414 nostri
1901 1373 1945 1412 et
1961 1368 2075 1412 vallo
2096 1366 2367 1411 circumdent
2396 1373 2441 1411 et
2463 1366 2651 1424 undique
2674 1377 2810 1412 coatt-

1555 1448 1754 1500 gustent,
1780 1448 1824 1487 et
1861 1441 1915 1486 ad
1951 1447 2113 1486 terram
2153 1444 2431 1499 prosternant
2468 1443 2512 1484 et
2547 1439 2730 1495 lapidem
2760 1439 2809 1490 ia

1532 1515 1682 1560 >nobis
1722 1527 1853 1571 super
1895 1513 2080 1570 lapidem
2111 1526 2200 1558 non
2241 1513 2505 1568 relinquant.
2537 1510 2669 1571 434
2703 1510 2813 1566 Qum

1558 1590 1702 1634 omnia
1726 1589 1947 1632 moraliter
1970 1588 2101 1632 etiam
2139 1587 2182 1631 in
2205 1582 2407 1644 praesenti
2424 1583 2547 1630 >liunt
2578 1586 2622 1630 in
2650 1586 2805 1640 nobis3

1557 1663 1731 1721 quando
1766 1661 1942 1718 maligni
1963 1660 2143 1717 spiritus
2179 1659 2490 1704 tentationibus
2510 1670 2591 1704 nos
2619 1658 2808 1703 circum-

1559 1737 1733 1787 vallant,
1757 1735 2110 1779 tribulationibus
2124 1733 2395 1791 perturbant,
2414 1738 2542 1788 atque
2563 1730 2619 1775 ad
2634 1736 2806 1775 terrena
2830 1741 2842 1757 ·

1557 1809 1724 1867 prolabi
1751 1809 1941 1861 faciunt,
1966 1819 2046 1853 nec
2069 1807 2200 1851 ullam
2234 1806 2280 1850 in
2313 1806 2441 1850 nobis
2483 1803 2683 1849 stabilem
2734 1803 2809 1848 tir-

1558 1893 1728 1928 mamve
1752 1894 1852 1928 esse
1885 1881 2188 1938 cogitationem
2211 1872 2479 1936 permittunt.
2509 1876 2650 1923 Sudor
2676 1889 2806 1925 voro.

1559 1968 1688 2013 quem
1706 1955 1855 2014 Agnus
1876 1956 2178 2003 ille-innocens
2198 1953 2243 1998 in
2265 1954 2418 2012 agonia
2436 1952 2632 2010 protulit,
2650 1963 2807 2010 aquam

1511 2046 1514 2050 ·
1559 2031 1701 2083 illam,
1725 2043 1854 2089 quam
1875 2030 2052 2076 horrida
2075 2029 2162 2074 loci
2180 2028 2299 2075 tertii
2323 2025 2525 2085 producit
2549 2028 2675 2082 visio,
2700 2029 2810 2092 nsua

1559 2105 1709 2150 taliter
1740 2105 1973 2163 exprimit3
2007 2103 2180 2162 quando
2237 2104 2583 2161 pertimescimus
2629 2113 2684 2147 ne
2728 2113 2812 2149 nes

1561 2179 1808 2237 spirituales
1826 2178 1887 2226 illi
1910 2177 2046 2223 Judaei
2078 2178 2280 2235 rapiant,
2307 2182 2349 2221 et
2369 2182 2539 2239 aeternae
2563 2176 2691 2240 morti
2708 2176 2809 2227 'tra-

1561 2252 1666 2297 dant
1691 2268 1702 2297 ε
1730 2253 1910 2310 'quando
1929 2263 2037 2298 vero
2067 2263 2093 2296 a
2123 2251 2291 2297 cunetis
2315 2251 2559 2296 visibilibus
2595 2262 2672 2308 per
2705 2261 2811 2311 con-

1563 2327 1883 2384 templationem
1913 2326 2085 2378 elevati,
2117 2337 2168 2370 ac
2188 2325 2391 2377 omnibus
2424 2325 2620 2382 penitus,
2639 2327 2737 2383 (μιὶωι
2764 2323 2809 2368 in

1567 2412 1654 2443 uno
1683 2406 1913 2445 versantur
1932 2432 1944 2452 ,
1971 2412 2048 2459 per
2070 2399 2241 2456 plenum
2260 2399 2494 2444 visibilium
2518 2388 2811 2455 contemptum

1567 2473 1815 2518 mortificati
1837 2474 1882 2518 tn
1903 2462 2132 2518 charitatis
2166 2484 2296 2517 cruce
2320 2472 2528 2517 fuerimus
2551 2470 2671 2516 uttan
2701 2486 2711 2515 :
2738 2469 2812 2514 tua

1566 2547 1770 2591 nimirum
1803 2559 1914 2604 aqua
1952 2535 2281 2605 perfundimur,
2315 2557 2445 2603 quam
2472 2557 2525 2590 ex
2561 2544 2695 2589 latere
2732 2555 2812 2589 suo

1566 2620 1802 2670 crucifixus
1821 2628 1864 2664 et
1884 2626 2081 2666 mortuus
2104 2618 2259 2663 emittit
2283 2617 2489 2661 Dominus
2508 2614 2650 2662 Jesus.
2679 2671 2682 2674 ι

1622 2691 1819 2742 ctxvu.
1846 2692 1989 2742 Prima
2005 2691 2263 2755 squalentis
2278 2700 2361 2745 cst,
2381 2694 2424 2740 'et
2444 2690 2641 2740 sitientes
2665 2693 2814 2750 poian

1569 2772 1759 2828 secunda
1801 2772 2006 2824 fluminis,
2031 2778 2074 2817 et
2097 2777 2266 2816 arentes
2288 2771 2429 2828 rigam
2453 2773 2579 2817 tertia
2601 2767 2750 2819 maris,
2770 2773 2814 2811 ct

1568 2846 1727 2891 crudos
1763 2847 1966 2909 excoquit
1985 2861 2011 2892 ε,
2034 2847 2199 2903 quarta
2219 2847 2346 2895 nivis,
2371 2850 2418 2889 et
2451 2844 2597 2902 nigros
2627 2833 2812 2886 dealbat.

1569 2919 1694 2964 Potat
1727 2925 1804 2976 per
1837 2919 2055 2972 dolorem,
2091 2921 2204 2974 rigat
2248 2930 2324 2976 per
2352 2918 2583 2968 timorem,
2614 2914 2816 2972 excoquit

1570 3004 1647 3050 per
1669 2992 1909 3043 horrorem,
1931 2989 2099 3036 dealbat
2115 3004 2192 3049 per
2215 3003 2419 3035 amorem.
2439 2988 2503 3033 Ad
2515 2988 2678 3046 primas
2705 2987 2815 3045 duas

1571 3067 1820 3111 lamentatio
1844 3066 2027 3122 pertinet
2051 3065 2278 3122 paesentis
2301 3064 2506 3117 miseriae;
2535 3063 2588 3106 ad
2612 3062 2780 3110 tertiam
2801 3091 2813 3112 ,

1570 3151 1634 3183 vae
1672 3139 1901 3196 geliennae;
1945 3139 1998 3183 ad
2034 3144 2260 3195 quantam,
2300 3150 2472 3182 carnem
2504 3137 2664 3195 gloriae.
2698 3134 2816 3189 Quas

1572 3218 1757 3268 quatuor
1779 3224 1915 3268 aquas
1948 3218 2133 3268 quatuor
2154 3212 2200 3258 in
2230 3212 2352 3257 labro
2395 3211 2520 3268 positi
2558 3209 2716 3267 gradus
2738 3208 2815 3259 dev

1572 3283 1757 3340 signant.
1786 3282 1870 3328 Sed
1892 3285 1994 3341 quia
2014 3283 2100 3328 duo
2119 3289 2219 3328 sunt
2245 3284 2586 3340 inquinamenta,
2613 3294 2637 3330 a
2660 3281 2817 3339 quibus

1573 3356 1771 3401 mundari
1793 3368 1974 3402 necesse.
2002 3357 2236 3410 habemus,
2278 3362 2501 3414 peccatum
2534 3355 2734 3400 videlicet
2774 3361 2819 3400 et

1572 3429 1799 3483 delictum,
1831 3429 1928 3474 ideo
1964 3430 2072 3474 ditos
2090 3429 2210 3486 juxta
2225 3429 2517 3491 sacerdotem,
2556 3429 2629 3487 qui
2664 3439 2820 3478 manus

1575 3503 1706 3556 lavat,
1728 3505 1951 3560 posuimus
1968 3505 2143 3561 gradus,
2168 3511 2215 3548 ut
2237 3504 2458 3562 lugeamus
2479 3510 2521 3547 et
2543 3515 2621 3548 nos
2644 3514 2731 3555 non
2756 3502 2822 3547 sa-

1574 3577 1726 3621 cienda
1743 3576 1971 3622 admisisse
2004 3582 2046 3621 et
2064 3576 2260 3621 sarienda
2280 3577 2492 3622 omisisse.
2512 3576 2702 3620 Rursum
2719 3576 2821 3632 quia

1575 3656 1741 3695 ternam
1759 3651 1802 3694 in
1825 3651 2130 3695 emundatione
2147 3657 2294 3695 nostra
2316 3651 2474 3694 habere
2496 3650 2700 3695 dehemus
2717 3662 2821 3694 con·

1576 3723 1833 3775 sessionem,
1869 3723 2100 3775 humilem,
2141 3735 2293 3781 puram
2329 3729 2371 3767 et
2416 3724 2581 3768 iidelem
2611 3739 2621 3765 ε
2659 3723 2822 3768 idcirco

1578 3803 1668 3841 tres
1701 3797 1824 3853 Juxta
1858 3796 2005 3849 alium,
2032 3797 2104 3854 qui
2142 3796 2273 3853 pedes
2302 3797 2451 3846 abluit,
2493 3796 2654 3854 gradus
2692 3795 2821 3854 positi
2853 3791 2860 3807 ‘³

1579 3877 1698 3915 sunt.
1734 3869 1846 3913 Pura
1869 3871 1926 3914 sit
1952 3870 2167 3914 consessio
2199 3875 2363 3921 nostra,
2402 3870 2576 3914 humilis
2597 3877 2639 3914 et
2668 3870 2818 3915 tidelis.

1579 3942 1710 3996 Pura,
1746 3955 1801 3987 ne
1838 3943 1998 4000 aliquid
2035 3945 2247 3997 celemus;
2283 3943 2486 3995 humitis,
2528 3956 2581 3988 ne
2609 3943 2662 3988 de
2697 3943 2823 3988 matis

1580 4016 1745 4062 nostris
1769 4017 2094 4073 superbiamus;
2110 4015 2277 4068 ¹tidelis,
2302 4029 2356 4060 ue
2385 4015 2438 4060 de
2459 4015 2720 4073 indulgentia
2739 4015 2824 4060 dis·
2865 4043 2870 4048 ·

1582 4092 1780 4135 tidamus.
1802 4089 1915 4134 Pura
1937 4091 2080 4146 itaque
2093 4094 2267 4146 propter
2279 4089 2594 4133 simulationem
2613 4123 2626 4142 ‚
2650 4088 2824 4134 humilis

1583 4169 1759 4221 propter
1789 4163 2048 4215 elationem,
2083 4162 2221 4207 tidelis
2254 4169 2428 4221 propter
2465 4162 2820 4219 desperationem.

1585 4235 1694 4289 Quia
1713 4247 1816 4280 vero
1839 4235 1932 4280 siue
1965 4246 2119 4292 magna
2143 4235 2327 4291 quadam
2358 4234 2657 4288 tribulatione,
2682 4240 2722 4293 et
2747 4245 2826 4278 an-

1640 4342 1760 4400 (5¹6)
1784 4342 2000 4399 Leguntur
2023 4341 2171 4386 eadem
2191 4343 2319 4387 verba
2344 4342 2387 4386 in
2406 4343 2527 4388 icone
2550 4342 2619 4385 illa
2647 4354 2827 4399 apocry-
2899 4372 2901 4374 -

1588 4398 1692 4499 phul}
1717 4399 1799 4497 3υὲ
1819 4397 1960 4445 Publii
1980 4397 2146 4444 Lentuli
2164 4399 2335 4444 noiiiine
2357 4404 2442 4442 tam
2461 4411 2572 4455 saepe
2592 4399 2826 4445 celebrata.
2866 4448 2867 4453 ,

1589 4478 1644 4489 -ι
1693 4467 1734 4500 ο,
1803 4486 1814 4497 .
2222 4474 2227 4479 ·
