2924 4588
213 104 323 154 14Ξῦ

1209 103 1374 154 rn‘rm
1417 104 1771 156 conasroms
1835 94 1838 95 ’
1891 93 1894 96 ’

2670 120 2778 166 Ηδθ

212 201 256 244 io
283 212 413 243 cruce
438 200 599 243 lavaret
622 198 751 255 pedes
776 211 896 251 suos,
926 200 1000 255 qui
1026 201 1303 245 ambulabant
1327 215 1459 258 super
1480 207 1515 252 Α
1541 203 1617 258 pti.
1639 202 1760 247 Tunc
1783 201 1941 249 'lobias
1963 205 2024 248 ait
2046 205 2099 250 ad
2119 204 2327 264 virginem
2357 222 2367 252 ε
2396 223 2411 250 ‹
2430 203 2552 259 Sara,
2574 207 2779 265 deprece-

206 279 389 341 tqrram,
416 273 589 354 adregit
621 273 842 323 diabolus,
868 285 1065 327 quaerens
1102 274 1138 316 si
1163 273 1266 328 quid
1289 274 1473 332 peccati,

209 349 422 391 inveniret
461 348 503 389 iu
540 359 607 389 eo.
642 345 796 390 Unde:
824 362 836 386 ‹
863 345 1014 398 Pater,
1054 349 1243 393 transfer
1276 350 1454 393 calicem

1535 288 1634 318 mur
1663 275 1797 320 Deum
1837 276 1980 329 hodie,
2022 284 2066 323 et
2099 289 2223 330 cras,
2263 285 2305 323 et
2336 281 2556 333 secundo,
2602 298 2617 323 ι
2642 283 2682 325 id
2713 293 2779 329 est

1536 349 1664 392 tertio
1703 349 1789 392 die.
1835 364 1848 390 ι
1873 349 1948 393 His
1990 351 2105 395 enim
2142 348 2283 397 tribus
2320 343 2520 398 noctibus
2554 355 2780 411 ¹jungimur

207 422 324 465 liunc
347 433 369 463 a
395 433 460 464 me
480 419 633 476 (Marc.
655 398 766 477 xivf
791 438 805 463 ›
829 405 1271 479 Tupe‘dixitangelus
1295 423 1348 466 ad
1371 421 1457 466 To·
1535 418 1640 474 De0,
1665 426 1820 475 quarta
1850 426 1977 466 nocte
2001 423 2044 464 in
2078 429 2227 466 nostro
2253 423 2416 468 erimus
2440 426 2670 482 conjugio;
2705 427 2779 471 tilii

209 495 323 536 biam
350 508 359 534 :
388 509 402 534 ι
434 493 643 571 &ent-era
664 495 825 550 piscem
852 494 984 545 bunc,
1008 500 1049 538 et
1079 507 1155 537 cor
1178 495 1288 550 ejus,
1314 501 1357 539 et
1380 495 1452 546 sel,

207 575 250 610 ct
271 569 394 622 ieeur
413 579 575 622 repone
597 569 690 620 tibi,
714 569 858 611 valent
883 570 996 612 enim
1017 569 1068 611 ad
1088 569 1417 613 medicamenta.
1435 584 1452 611 ι

208 638 331 680 Tunc
357 638 516 681 Tobias
536 644 699 694 partem
726 639 861 696 piscis
886 639 1064 688 assavit,
1090 647 1132 682 ct
1156 640 1452 692 comederunt,

208 719 372 766 partem
399 723 500 754 vero
518 714 676 756 salsam
697 724 843 755 secum
867 714 977 757 tulit.
1003 714 1198 769 Cumque
1214 714 1455 766 simulper-

208 793 376 839 gerent,
404 785 464 827 ait
483 783 638 828 Tobias
658 799 668 827 :
691 799 707 824 ‹
724 785 879 827 Azaria
908 785 1055 836 frater,
1081 786 1195 842 quod
1216 785 1453 830 remedium

209 855 367 898 habeut
392 869 486 911 quae
508 858 559 899 de
581 858 697 912 pisce
722 859 883 899 servari
907 857 1081 901 dixisti?
1099 857 1178 911 Qui
1203 861 1450 915 respondit:

207 925 424 969 particula
448 928 593 973 cordis
611 941 741 983 super
767 941 929 983 prunas
953 931 1091 985 posita
1127 930 1246 974 lirino
1278 944 1357 976 suo
1380 945 1453 978 ex-

207 1002 334 1044 tricat
364 1013 490 1045 omne
525 1014 664 1057 genus
694 1003 936 1046 daemonum
963 1016 987 1047 a
1011 1004 1103 1047 viro
1122 1005 1188 1048 vel
1211 1006 1406 1050 muliere.
1435 1022 1449 1049 ι

208 1074 294 1119 Nec
319 1089 448 1131 super
474 1076 556 1121 hoe
582 1077 729 1119 mirari
761 1076 987 1129 debemus,
1015 1092 1112 1122 cum
1134 1079 1278 1123 fumus
1302 1081 1451 1135 eujus-

208 1147 307 1190 dam
340 1147 511 1192 arboris
536 1148 700 1192 adustae
731 1151 922 1192 eamdem
942 1151 1028 1193 vim
1046 1151 1206 1196 habere
1230 1153 1457 1207 perhibea-

210 1227 296 1267 tur.
322 1222 517 1276 Cumque
534 1223 801 1278 quaesivisset
823 1223 980 1269 'fuluas
1007 1225 1456 1271 nbi-manerentnocte

211 1293 299 1345 illa,
342 1296 568 1351 respondit
593 1298 804 1354 angelus:
837 1314 850 1338 ι
882 1297 954 1341 Est
983 1298 1054 1343 hic
1085 1299 1246 1356 liagucl
1281 1301 1445 1357 propio-

209 1381 320 1424 quus
339 1375 440 1412 tuus
466 1369 629 1413 babens
655 1370 784 1414 tiliam
822 1374 1011 1422 uun-mu,
1047 1386 1142 1428 qua:
1166 1374 1349 1417 debetur
1378 1375 1455 1419 tibi

207 1451 306 1482 cum
339 1440 455 1482 omni
494 1441 740 1484 substantia
779 1443 892 1495 ejus.
929 1442 981 1486 Et
1010 1444 1067 1486 ait
1095 1443 1253 1488 Tobias
1283 1446 1457 1490 :Audio

208 1514 310 1570 quia
331 1514 490 1557 tradita
515 1522 582 1558 est
614 1515 716 1561 viris
752 1525 934 1572 septem,
969 1523 1010 1560 ct
1035 1519 1167 1563 occisi
1199 1527 1341 1563 sunta
1371 1521 1458 1564 dac·

207 1598 350 1633 mone.
375 1586 426 1630 Et
450 1588 670 1642 respondit
693 1590 870 1646 angelus
892 1605 900 1631 :
920 1589 1016 1634 Noli
1039 1591 1211 1644 tiincrc.;
1238 1605 1367 1648 super
1384 1606 1459 1650 pe·

209 1661 413 1710 tutantes,
436 1667 478 1704 et
497 1661 630 1705 Deum
655 1675 743 1707 non
768 1667 991 1715 timentes,
1013 1672 1269 1722 potestatem
1299 1667 1460 1711 daemo·

207 1733 329 1798 nium
354 1734 498 1778 habet.
528 1734 590 1778 Tu
614 1745 756 1781 autem
783 1750 881 1780 cum
915 1739 1136 1795 acceperis
1166 1752 1287 1791 eam,
1316 1741 1458 1786 tribus

208 1805 361 1850 diebus
382 1809 625 1853 continebis
649 1809 703 1851 ab
719 1822 787 1861 ca,
813 1815 855 1853 ct
878 1810 929 1854 de
951 1818 1076 1855 nocte
1097 1813 1307 1857 vacabitis
1333 1813 1460 1856 ambo

208 1880 496 1924 orationibus.
517 1879 662 1925 Prima
688 1889 815 1926 nocte
834 1883 1011 1928 incenso
1034 1885 1183 1942 jecore
1206 1886 1340 1944 piscis
1361 1899 1462 1943 pre·

208 1952 335 1996 cibus
354 1955 511 1997 vestris
541 1954 764 2010 fugabitur
787 1957 1064 2002 daemonium.
1101 1958 1302 2003 Secunda
1330 1967 1461 2006 nocte

209 2025 251 2068 in
271 2027 547 2082 copulatione
571 2034 818 2072 sanctorum
835 2031 1176 2084 patriarcharum
1198 2032 1459 2085 admitteris,

209 2097 252 2139 id
281 2104 347 2142 est
366 2099 550 2144 orabitis
571 2099 722 2154 Deum,
748 2108 795 2145 ut
828 2103 872 2146 in
904 2104 1180 2161 participium
1215 2105 1460 2151 sanctitatis

209 2178 251 2213 ct
291 2171 508 2228 pudicitiae
550 2174 894 2228 patriarcharum
933 2176 1130 2219 admittat
1170 2190 1265 2222 vos.
1315 2175 1462 2221 Tertia

211 2253 337 2288 nocte
361 2246 703 2291 benedictionem
726 2251 1028 2307 consequeris,
1053 2258 1097 2296 ut
1130 2252 1205 2295 lilii
1227 2265 1461 2308 procreen—

1535 493 1649 536 euim
1692 500 1941 537 sanctorum
1981 507 2156 548 sumus2,
2187 508 2272 554 non
2313 509 2544 552 possumus
2578 499 2637 542 ita
2675 511 2782 542 cou-

1531 566 1653 624 juugi
1674 599 1684 616 ,
1713 567 1826 610 sicut
1851 573 1894 611 et
1942 574 2094 624 gentes
2134 580 2230 624 quae
2267 569 2466 626 ignorant
2501 568 2652 616 Deum.
2686 585 2699 612 i
2729 569 2782 613 Et

1535 646 1770 683 oraverunt
1794 641 1921 687 aiubo
1941 639 2135 684 diceutes
2158 640 2286 684 simul
2315 657 2325 685 z
2358 656 2372 683 ‹
2407 641 2613 687 Miserere
2633 643 2778 694 nobis.

1535 711 1714 756 Domine
1735 712 1847 755 Deus
1870 719 2040 768 patrum
2065 720 2332 766 nostrorum,
2355 715 2559 760 miserere
2580 715 2721 770 nobis,
2739 724 2782 772 et

1536 796 1899 829 consenescamus
1938 785 2063 829 ambo
2101 787 2260 841 pariter
2304 786 2414 831 sani.
2449 803 2463 828 ι
2486 785 2620 831 Porro
2663 789 2781 834 circa

1535 859 1752 913 pullorum
1772 864 1946 901 cantum
1974 856 2074 902 fecit
2097 857 2260 914 Raguel
2282 858 2427 915 parari
2443 860 2709 914 sepulcrum.
2734 865 2780 904 ut

1536 932 1738 989 sepeliret
1776 943 1893 975 eum.
1933 933 2055 987 prius
2093 945 2222 988 quam
2261 933 2554 982 illucesceret,
2580 941 2622 976 et
2663 933 2781 976 misit

1535 1017 1664 1047 unam
1682 1005 1735 1048 de
1761 1005 1929 1048 aucillis
1954 1004 2007 1054 ad
2035 1003 2264 1049 videndum
2290 1004 2327 1049 si
2355 1003 2442 1060 jam
2467 1005 2647 1049 obisset.
2678 1004 2782 1058 Quae

1535 1089 1735 1130 reversa,
1763 1077 1978 1120 enuntiavit
2016 1088 2091 1120 eos
2127 1077 2367 1121 incolumes
2401 1089 2512 1127 esse,
2554 1082 2598 1120 ct
2636 1090 2781 1122 seeum
2840 1121 2844 1124 ,

1536 1151 1696 1206 pariwr
1732 1150 2011 1194 dormientes.
2039 1147 2092 1192 Et
2133 1150 2417 1207 laudaverunt
2456 1162 2607 1198 omnes
2630 1149 2781 1197 Deum,

1535 1230 1578 1267 et
1603 1223 1878 1279 repleverunt
1911 1222 2023 1266 servi
2062 1222 2228 1267 foveam
2279 1234 2410 1283 quam
2451 1223 2638 1266 fecerant
2663 1222 2785 1279 prius

1537 1309 1665 1352 quam
1693 1297 1944 1347 lucesceret,
1970 1303 2011 1340 et
2034 1301 2296 1351 paraverunt
2321 1296 2513 1339 solemne
2537 1296 2783 1340 convivium

1537 1368 1740 1413 omnibus
1774 1368 1959 1420 viciniS,
1986 1373 2030 1412 et
2054 1368 2208 1413 amicis
2243 1367 2352 1412 suis.
2379 1367 2431 1411 Et
2463 1367 2678 1424 adjuravit
2699 1367 2785 1412 tta-
2827 1357 2831 1361 ’

1537 1444 1632 1500 guel
1660 1442 1870 1495 Tobiam,
1911 1448 1957 1486 ut
1991 1442 2102 1487 duas
2138 1441 2433 1487 hebdomadas
2458 1448 2650 1486 maneret
2671 1442 2785 1500 apud

1536 1530 1651 1567 enm,
1677 1522 1719 1560 et
1741 1517 1858 1560 dedit
1883 1515 1920 1560 ei
1946 1515 2131 1559 mediam
2157 1523 2324 1572 partem
2350 1516 2540 1558 omnium
2566 1528 2659 1571 quac¹
2683 1528 2785 1571 pos·

1538 1587 1899 1638 sidcbat,l'aeiens
1921 1589 2201 1644 scripturam,
2217 1594 2264 1630 ut
2288 1587 2452 1642 reliqua
2478 1598 2579 1642 pars
2596 1599 2690 1642 quac
2714 1599 2787 1631 su-

1538 1666 1726 1717 pererat,
1754 1666 1851 1715 post
1888 1660 2052 1704 obitum
2092 1673 2217 1704 suum
2256 1660 2475 1704 deveniret
2502 1661 2553 1703 ad
2585 1658 2783 1704 Tobiam.

1539 1732 1661 1775 Tune
1684 1734 1744 1775 ait
1764 1730 1926 1776 Tobias
1949 1733 2002 1775 ad
2024 1733 2242 1788 angelum,
2267 1744 2394 1789 quem
2418 1731 2635 1774 hominem
2672 1731 2789 1776 aesti·

1539 1805 1688 1849 mabat
1715 1805 1837 1862 (Τοῦ.
1875 1805 1935 1862 ix)
1959 1820 1968 1849 :
1992 1820 2005 1845 ι
2039 1806 2195 1848 Azaria
2227 1804 2379 1858 frater,
2413 1812 2459 1847 tu
2497 1805 2611 1848 nosti
2657 1817 2786 1862 quam

1537 1877 1682 1934 gravis
1705 1878 1759 1921 sit
1785 1889 1906 1920 mora
1938 1882 2085 1920 nostra
2109 1876 2360 1932 parentibus
2386 1877 2508 1926 meis,
2534 1876 2715 1920 obsecro
2742 1882 2789 1919 ut

1538 1964 1615 1996 eas
1637 1950 1691 1995 ad
1717 1949 1946 2002 Gabelum‚
1973 1956 2015 1994 et
2038 1949 2194 1994 reddes
2219 1949 2256 1994 ei
2277 1949 2612 2006 chirographum
2642 1961 2795 2000 suum,¹

1539 2033 1581 2069 et
1606 2025 1790 2081 recipies
1815 2025 1869 2068 ab
1889 2036 1942 2068 co
1968 2024 2214 2080 pecuniam,
2237 2029 2277 2067 ct
2297 2024 2492 2068 monebis
2524 2035 2622 2068 eum
2640 2023 2789 2067 venire

1539 2098 1593 2142 ad
1614 2099 1812 2154 ,nuptias-t
1845 2114 1859 2139 ι
1886 2096 2009 2141 Tunc
2046 2109 2273 2141 assumens
2300 2095 2492 2152 naphaei
2529 2103 2714 2152 (quatuor
2737 2095 2791 2141 de

1540 2174 1679 2220 servis
1701 2171 1904 2228 Raguclis
1921 2179 1964 2216 et
1983 2172 2093 2216 duos
2117 2172 2321 2222 camelos,
2347 2171 2462 2214 venit
2486 2170 2537 2213 ad
2565 2169 2795 2221 Gabelum,

1539 2252 1583 2290 ct
1615 2251 1794 2301 accepta
1818 2246 2019 2302 pecunia,
2047 2243 2171 2288 duxit
2204 2256 2302 2287 eum
2337 2255 2482 2287 secum
2516 2243 2567 2286 ad
2596 2244 2784 2300 nuptias.

210 2324 282 2362 tur
306 2331 355 2362 cx
381 2319 503 2363 iobis
522 2320 615 2364 sani
645 2327 687 2365 et
712 2323 968 2368 incolume-3.
1004 2341 1018 2366 ι
1049 2324 1169 2370 {hinc
1192 2325 1459 2369 benedictio·
1481 2337 1513 2381 C
1538 2316 1592 2360 Et
1619 2317 1840 2376 ingressus
1863 2317 2051 2362 (32'belsss
2082 2316 2245 2360 invenit
2268 2328 2342 2360 ⁶0⁵
2376 2315 2714 2366 discumbentes·
2747 2323 2795 2360 0²>

210 2402 309 2434 nem
336 2391 584 2445 praestabat,
607 2392 674 2436 vel
693 2393 913 2446 sacerdos,
940 2397 1007 2441 vel
1033 2397 1193 2453 aliquis
1223 2397 1360 2452 maior
1389 2397 1456 2440 in-

211 2469 277 2507 ter
314 2475 418 2513 eos,
453 2464 589 2507 vicem
633 2466 871 2511 sacerdotis
905 2481 1074 2524 gerens.
1106 2486 1120 2510 ι
1144 2470 1307 2524 Quarta
1331 2476 1459 2514 nocte

213 2536 401 2592 accipies
423 2548 515 2580 eam
535 2550 634 2581 eum
658 2540 814 2585 timore
834 2540 924 2592 Dei,
951 2554 1097 2586 arnor-e
1118 2543 1301 2587 liliorum
1322 2544 1460 2599 magis

214 2621 341 2664 quam
369 2610 548 2655 libidine
566 2613 740 2667 ductus,
764 2619 812 2657 ut
846 2619 888 2658 m
914 2617 1079 2662 semine
1109 2617 1294 2661 Abrabae
1330 2619 1461 2662 bene·

215 2684 446 2729 dic-tionem
475 2686 517 2729 in
552 2687 651 2732 filiis
678 2690 978 2746 consequaris.
1008 2707 1023 2732 ι
1045 2715 1099 2722 —-
1126 2705 1142 2732 ε
1170 2690 1361 2734 Tandem
1397 2705 1462 2737 in-

212 2757 351 2813 gressi
381 2764 482 2802 sunt
514 2760 568 2803 ad
602 2760 835 2819 Raguelem
862 2761 984 2820 (rob.
1004 2762 1101 2819 vu).
1135 2779 1149 2805 ι
1178 2763 1372 2821 Cumque
1394 2765 1460 2808 di·

213 2837 331 2874 ceret
359 2829 519 2888 Ragucl
541 2836 661 2878 uxori
682 2848 786 2887 suar,
803 2849 931 2892 quam
950 2837 1214 2881 simillimum
1232 2839 1463 2894 esseJ'uve·

214 2915 312 2946 nem
331 2894 442 2947 hunc
468 2904 614 2951 Tobiae
638 2910 901 2954 consobrino
932 2923 1028 2960 suo,
1050 2910 1157 2955 dixit
1181 2910 1234 2954 ad
1262 2925 1359 2956 eum
1385 2925 1464 2956 an-

216 2974 370 3028 gelus:
402 2991 415 3016 t
445 2976 523 3021 llic
543 2985 610 3022 est
636 2979 747 3025 (ilius
773 2982 902 3038 iltius,
938 2999 952 3025 ι
989 2983 1041 3026 Ει
1076 2985 1246 3028 laetatus
1281 2992 1348 3029 est
1368 2985 1456 3030 Ra·

216 3051 328 3104 guel.
355 3057 396 3094 et
432 3052 690 3097 instauravit
724 3057 987 3102 convivIum.
1015 3056 1138 3102 Tune
1174 3059 1235 3102 ait
1270 3058 1460 3104 'l'obias2

222 3137 235 3162 t
269 3122 363 3166 Non
387 3126 677 3178 manducabo,
709 3141 850 3184 neque
879 3129 1022 3173 bibam
1041 3162 1052 3180 ,
1096 3131 1179 3175 nisi
1209 3132 1330 3189 prius
1355 3133 1460 3190 peti-

218 3195 376 3239 tionem
418 3210 554 3241 meam
580 3200 828 3253 confirmes,
866 3207 909 3246 ct
949 3205 1182 3258 promittas
1220 3206 1324 3251 mibi
1362 3206 1466 3250 dare

220 3269 371 3313 Saram
399 3271 527 3314 liliam
555 3279 690 3316 tuam.
715 3274 809 3329 Quo
834 3278 982 3323 audito
1003 3282 1178 3336 expavit
1208 3279 1398 3335 Raguel,
1424 3287 1467 3325 et

219 3342 434 3392 lta-:sitaeti
475 3345 525 3391 de
563 3358 800 3405 rcspcnso,
826 3349 935 3395 dixit
964 3353 999 3396 ei
1033 3352 1213 3408 angelus
1242 3367 1250 3396 :
1279 3351 1373 3395 Noli
1411 3353 1467 3395 ti-

221 3433 338 3464 mere
361 3423 462 3464 dare
485 3434 578 3465 eam
599 3423 679 3466 sibi
708 3423 952 3479 conjugem.
975 3424 1084 3467 lluic
1121 3426 1234 3469 enim
1267 3425 1463 3478 debetur,
1490 3407 1523 3452 D

220 3501 263 3537 et
287 3500 509 3549 propterea
538 3497 650 3539 alius
681 3510 765 3540 non
791 3499 930 3553 potuit
955 3499 1113 3542 babere
1129 3511 1241 3543 cam.
1269 3498 1468 3544 Tuucait

221 3565 414 3627 Raguel:
437 3567 537 3611 Scio
561 3570 762 3625 quoniam
782 3583 804 3614 a
834 3570 918 3614 Deo
939 3572 1109 3622 venisti,
1136 3577 1178 3615 et
1201 3572 1317 3628 quod
1337 3582 1469 3620 exau·

221 3640 330 3683 divit
349 3640 556 3686 Dominus
580 3656 744 3698 preces,
762 3651 803 3688 et
822 3645 1035 3701 lacrymas
1053 3656 1187 3698 meas,
1215 3651 1261 3688 ut
1283 3645 1463 3702 conjun-

224 3722 397 3769 geretur
431 3716 521 3759 lnec
557 3717 642 3759 nna
679 3731 773 3760 mea
813 3719 1057 3774 cognationi
1099 3731 1189 3762 snae
1229 3719 1466 3763 secundum

224 3790 236 3831 l
266 3803 361 3847 gem
404 3790 555 3847 Moysi.
603 3791 654 3834 Et
698 3793 1024 3848 apprehendens
1071 3799 1194 3848 pater
1242 3794 1464 3838 dexteram

227 3864 351 3909 tiliae.
385 3865 563 3908 tradidit
599 3878 692 3909 cam
729 3866 918 3910 dexterae
958 3867 1102 3912 Tobiae
1139 3867 1288 3912 dicens
1318 3883 1328 3911 :
1358 3867 1471 3911 Deus

225 3945 396 3995 patrum
428 3946 675 3985 nostrorum
699 3942 756 3985 sit
776 3944 1016 3993 vobiscum,
1048 3950 1091 3986 ct
1113 3943 1348 3998 conjungat
1373 3953 1468 3991 νος,

226 4019 265 4055 et
287 4013 462 4068 impleat
484 4014 824 4059 benedictionem
848 4028 970 4058 suam
991 4018 1032 4059 in
1056 4016 1193 4060 vobis.
1210 4016 1261 4059 tit
1277 4015 1472 4059 fecerunt

228 4086 593 4142 conscriptionem
618 4088 824 4142 conjugii,
851 4095 891 4133 ct
911 4090 1190 4132 comederunt
1212 4088 1472 4132 benedicen-

229 4162 294 4199 tes
318 4156 468 4201 Deum.
493 4173 506 4199 i
528 4158 629 4202 Post
660 4172 826 4202 cumam
852 4173 952 4202 xci-o
987 4160 1322 4203 introduxerunt
1348 4158 1472 4212 juve-

230 4240 327 4271 nem
352 4229 394 4274 in
431 4230 676 4275 cubiculum
715 4232 892 4287 virginis
920 4232 1039 4284 (Tol).
1071 4231 1184 4287 vm),
1213 4237 1254 4274 ct
1292 4230 1471 4287 protulit

231 4301 391 4347 'tobias
414 4304 467 4346 de
502 4304 703 4352 cassilide
726 4317 823 4353 suo,
858 4312 1019 4360 partem
1057 4305 1234 4360 iecoris,
1259 4310 1304 4348 et
1328 4302 1473 4360 posuit

234 4388 364 4433 super
397 4391 575 4434 prunas.
609 4379 731 4423 Titne
766 4377 958 4434 naphaei
988 4378 1274 4434 apprehendit
1314 4378 1471 4421 ummo-

234 4458 369 4507 nium,
391 4460 430 4499 et
445 4456 635 4510 religavit
660 4457 761 4500 illud
787 4458 830 4500 iu
851 4456 1065 4499 desertum
1086 4453 1320 4508 superioris
1342 4451 1474 4509 AEgy·

1543 2387 1759 2435 benedixit
1775 2394 1855 2436 eis.
1882 2390 2077 2447 Cumque
2101 2402 2251 2434 omnes
2275 2390 2499 2440 dixissent,
2521 2389 2672 2440 Amen,
2690 2401 2790 2434 cuin

1541 2462 1698 2505 timore
1723 2461 1890 2506 Domini
1917 2463 2166 2518 nuptiarum
2191 2461 2436 2506 convivium
2456 2461 2731 2506 exercebant.

1586 2532 1733 2579 'Porro
1756 2548 1854 2579 eum
1878 2535 2037 2580 Tobias
2057 2548 2220 2580 moram
2242 2535 2400 2580 faceret
2428 2535 2477 2579 in
2501 2535 2680 2591 nuptiis,
2703 2534 2792 2581 sol·

1542 2609 1688 2653 licitus
1711 2616 1805 2654 erat
1828 2622 1907 2666 pro
1930 2621 1980 2654 eo
2005 2616 2130 2666 pater
2144 2610 2264 2665 eius,
2291 2609 2405 2666 quod
2429 2608 2481 2652 ad
2506 2607 2618 2652 diem
2643 2609 2792 2654 termi-

1542 2689 1688 2726 natam
1720 2694 1805 2726 non
1839 2682 2047 2735 redierat,
2075 2689 2213 2726 mater
2247 2695 2351 2726 vero
2381 2681 2582 2738 lacrymis
2612 2681 2794 2727 irreme-

1543 2755 1776 2802 diabilibus
1794 2755 1921 2800 flebat
1947 2755 2095 2801 dicens
2121 2768 2130 2796 ε
2157 2771 2171 2796 t
2198 2755 2287 2800 lieu
2310 2755 2402 2799 mel
2429 2753 2486 2798 lili
2512 2755 2589 2807 mi,
2615 2761 2660 2798 ut
2687 2753 2795 2812 quid

1543 2838 1588 2877 te
1627 2832 1827 2876 misimus
1866 2831 2157 2889 peregrinari,
2186 2831 2329 2874 lumen
2363 2830 2586 2873 oculorum
2621 2835 2793 2874 nostro-

1542 2919 1657 2959 rum,
1685 2913 1728 2950 et
1758 2906 1958 2949 baculum
1995 2905 2232 2949 senectutis
2256 2903 2447 2947 nostrae?
2471 2902 2591 2961 (Tob.
2623 2901 2686 2960 x.)
2716 2901 2794 2946 Vir

1544 2986 1688 3023 autem
1712 2977 1808 3034 ejus
1826 2978 2134 3022 consolabatur
2151 2989 2263 3022 eam.
2283 2971 2420 3019 Porro
2438 2973 2601 3031 Ragucl
2622 2975 2794 3018 dicebat

1544 3054 1599 3098 ad
1619 3065 1827 3110 generum
1851 3062 1978 3095 suum
2007 3065 2016 3091 ε
2043 3048 2168 3092 Mane
2193 3047 2279 3100 hic,
2307 3053 2349 3092 et
2371 3059 2452 3103 ego
2479 3047 2646 3092 mittam
2680 3059 2793 3088 nun-

1545 3128 1651 3171 tium
1677 3125 1830 3185 salutis
1865 3130 1949 3166 tuce
1990 3121 2043 3165 ad
2085 3126 2252 3178 patrem
2278 3124 2419 3164 tuum.
2459 3135 2472 3160 ι
2501 3118 2694 3174 Cumque
2722 3117 2792 3159 ille

1545 3213 1632 3244 non
1658 3198 1972 3256 acquiesceret,
2009 3194 2187 3239 tradidit
2224 3193 2263 3237 ei
2289 3191 2459 3242 Soram,
2495 3198 2538 3235 ct
2568 3189 2791 3234 dimidium

1548 3272 1804 3318 substantiae
1844 3281 1950 3319 suae,
1982 3269 2025 3311 in
2047 3266 2222 3327 pueris,
2250 3265 2292 3308 in
2320 3265 2500 3321 puellis,
2538 3264 2582 3307 in
2617 3262 2795 3319 pecudi·-

1547 3347 1646 3398 bus,
1676 3346 1718 3390 in
1758 3343 1950 3394 camelis,
1979 3342 2021 3384 iu
2046 3340 2208 3390 vaccis,
2237 3340 2278 3382 in
2311 3337 2494 3395 pecunia
2526 3337 2678 3379 multa.
2711 3333 2795 3377 Pa-

1549 3426 1692 3465 rentes
1713 3430 1814 3462 vcro
1843 3419 2103 3460 monuerunt
2141 3413 2270 3456 filiam
2314 3424 2436 3455 suam
2478 3411 2692 3453 honorare
2723 3419 2795 3451 so·

1547 3507 1693 3539 cerum
1726 3503 1851 3537 suum
1870 3524 1880 3541 ,
1917 3490 2093 3546 diligere
2123 3487 2357 3538 maritum,
2393 3497 2540 3541 regere
2567 3483 2791 3535 familiam,

1550 3567 1796 3625 gubernare
1834 3564 2028 3615 domum,
2055 3562 2240 3617 seipsam
2269 3555 2688 3613 irreprcluusibilem
2718 3567 2794 3598 ex·

1548 3644 1714 3689 hibere.
1741 3657 1756 3684 »
1777 3641 1975 3696 Cumque
2006 3635 2329 3682 reverterentur
2357 3638 2565 3676 venerunt
2601 3628 2653 3674 ad
2680 3629 2796 3673 Cha-

1549 3729 1657 3766 ram,
1684 3727 1779 3772 quoe
1800 3719 1867 3757 est
1902 3713 1944 3755 in
1970 3709 2112 3754 medio
2148 3708 2318 3752 itinere.
2356 3705 2408 3748 Et
2440 3704 2500 3749 ait
2535 3703 2712 3759 angelus
2740 3699 2798 3744 ad

1550 3789 1730 3834 Tobiam
1759 3801 1768 3828 :
1795 3785 2097 3830 praecedamus
2131 3794 2211 3826 nos
2248 3781 2361 3831 duo,
2389 3785 2432 3823 et
2455 3782 2690 3835 sequentur
2713 3786 2796 3820 nos

1551 3865 1667 3907 leuto
1693 3861 1828 3919 gradu
1855 3871 1963 3902 uxor
1982 3865 2051 3900 tua
2071 3864 2112 3901 ct
2136 3854 2298 3899 familia
2317 3865 2415 3898 eum
2438 3850 2726 3903 animalibus;
2753 3852 2797 3893 et

1551 3936 1654 3979 tolle
1693 3941 1833 3978 tecum
1867 3931 1923 3974 de
1957 3929 2057 3973 sene
2076 3929 2224 3985 piscis,
2249 3933 2289 3970 et
2327 3926 2450 3970 linies
2474 3937 2527 3967 cx
2562 3934 2614 3968 eo
2645 3922 2796 3966 oculos

1551 4008 1688 4065 patris
1723 4007 1800 4057 tui,
1825 4012 1868 4049 ct
1897 4003 2077 4059 recipiet
2110 4002 2267 4043 visum.
2306 3997 2444 4041 Porro
2467 3996 2591 4039 Anna
2621 3994 2798 4039 sedebat

1553 4093 1679 4127 secus
1704 4081 1817 4124 viam
1847 4075 2041 4133 quotidie
2066 4075 2108 4117 in
2134 4072 2368 4132 supercilio
2394 4069 2570 4120 mentis,
2590 4066 2704 4111 unde
2727 4078 2798 4110 re-

1554 4154 1720 4209 spicere
1763 4154 1932 4206 peterat
1985 4146 2039 4190 de
2077 4144 2327 4199 longinquo.
2371 4140 2422 4183 Et
2469 4149 2735 4195 cognoscens
2772 4144 2799 4178 a

1554 4227 1679 4282 longe
1714 4224 1848 4267 filium
1884 4231 2009 4265 suum
2048 4215 2310 4266 venientem,
2350 4212 2543 4258 cucurrit
2575 4211 2627 4255 ad
2657 4210 2797 4255 virum

1553 4311 1680 4344 suum
1701 4299 1850 4342 dicens
1878 4308 1889 4336 ι
1913 4293 2022 4337 Ecce
2046 4291 2162 4335 filius
2178 4295 2279 4337 tuos
2299 4286 2425 4345 venit.
2452 4284 2583 4333 Canis
2607 4294 2795 4339 (quoqne,

1555 4373 1629 4430 qui
1654 4370 1784 4418 siniul
1808 4369 1950 4414 fuerat
1979 4367 2023 4410 in
2047 4366 2118 4410 via
2147 4351 2443 4420 praecucurrit,
2477 4366 2518 4402 et
2542 4357 2666 4413 quasi
2686 4368 2796 4399 mm-

1555 4452 1642 4496 tius
1667 4444 1962 4491 blandimento
1987 4438 2136 4493 caindae
2161 4435 2393 4494 gaudebat.
2414 4430 2537 4495 Tune
2559 4440 2799 4484 exsurgens
