2924 4588
379 180 482 230 ΝΗ
1372 172 1534 219 emm
1572 169 1935 219 coitEs'roms
2186 167 2189 172 ’
2824 179 2877 225 u
2899 199 2906 234 1

378 285 451 328 sar
476 272 677 336 filiique,
702 274 1010 327 percusserunt
1034 275 1131 311 cum
1169 266 1212 310 ih
1244 265 1403 323 gtadio,
1428 273 1471 310 et
1495 264 1617 321 fuge·
1640 269 1673 314 Α
1698 262 1834 314 steret,
1855 262 2118 306 adderentur
2137 261 2364 307 duodecim
2389 263 2508 310 horis
2529 265 2614 310 diei
2633 265 2782 313 decem
2803 267 2860 314 bo
2903 322 2906 327 ,

376 357 477 396 runt
517 349 560 391 in
592 344 803 413 Ararath
813 349 977 397 partem
1004 338 1221 383 Armeniae
1245 334 1548 394 campestrem,
1573 341 1615 378 et

377 427 551 469 uberem
575 419 628 463 ad
656 418 844 461 radicem
875 413 1035 465 montis
1059 413 1220 463 Tauri,
1244 425 1296 468 pe
1302 425 1322 454 r
1356 423 1484 468 quem
1523 409 1615 451 duit

380 498 624 556 Arx-axem
647 496 690 533 et
707 486 945 543 regnaxiti
919 485 1034 528 nlius
1049 485 1142 540 ejus
1161 497 1240 541 pro
1255 496 1306 528 ec
1333 483 1613 526 Assar-adon.

378 564 586 622 indignati
609 568 735 606 erant
752 559 940 615 majores
970 558 1044 601 mii
1070 559 1113 601 in
1140 563 1325 612 patrem,
1344 555 1458 612 qnod
1480 554 1615 596 tilium

374 640 583 683 minorem
624 640 725 678 natu
761 631 1013 689 praefecerat
1046 631 1108 675 eis
1146 632 1188 672 in
1218 639 1379 684 regemn
1409 640 1461 671 en
1497 627 1612 683 quod

374 712 510 767 magis
536 710 731 764 diligeret
766 713 944 748 matrem
987 703 1120 754 illius,
1154 711 1283 759 quain
1323 703 1531 757 ipsorum.
1569 699 1615 745 ln

374 783 455 827 hoc,
483 787 624 824 autem
646 787 846 823 ostensus
866 782 931 820 est
949 775 1243 819 Sennacherib
1262 774 1445 829 nequior
1479 782 1613 829 pop-„1-

371 858 428 907 lo,
454 854 564 911 quod
591 851 820 910 parricidia
840 851 1024 893 tiliorum
1048 854 1116 892 est
1142 853 1389 892 reservatus
1410 850 1445 891 ·.
1476 846 1614 889 Porro

371 926 683 981 Jerosolymitae
727 924 921 967 videntes
959 927 1146 977 stragem
1190 919 1403 970 hostiurn,
1450 920 1614 976 egressi

373 1004 489 1050 sunt,
515 1004 556 1041 et
580 996 875 1053 spoliaverunt
912 998 1072 1036 castra.
1103 990 1249 1047 Spolia
1289 1003 1391 1036 vero
1418 998 1615 1035 mortuo·

371 1085 465 1116 rum
484 1071 684 1113 tollentes
704 1073 988 1112 excusserunt
1016 1080 1068 1111 ex
1092 1067 1156 1110 eis
1177 1066 1395 1121 pulverem
1420 1070 1611 1119 tantumg

370 1156 468 1188 nam
501 1143 613 1198 ignis
651 1141 823 1185 divinus
858 1136 1046 1184 latenter·
1079 1144 1230 1182 eoruni
1265 1136 1478 1181 cadavera
1503 1138 1615 1181 inci-

369 1220 610 1262 ner-averat.

422 1292 440 1310 *
460 1289 630 1331 Additio
657 1288 697 1331 l.
722 1287 854 1346 Aiurit
874 1285 1058 1334 Heln-zei,
1078 1290 1210 1339 caput
1227 1290 1268 1327 et
1303 1282 1483 1326 barbam
1507 1291 1609 1325 rasa

369 1354 423 1399 ab
448 1355 600 1410 angelo
617 1355 659 1396 in
689 1354 984 1410 ignominiam,
1014 1359 1055 1396 et
1078 1352 1299 1409 impletum
1324 1350 1430 1393 illud
1458 1348 1609 1393 lsaiae:

372 1442 388 1468 ι
414 1427 462 1471 ln
483 1428 553 1471 die
576 1428 646 1469 illa
668 1427 790 1470 radet
812 1419 1024 1471 novacula
1046 1423 1262 1468 condocta
1294 1422 1338 1467 in
1361 1434 1462 1480 rege
1485 1423 1614 1479 Assy·

370 1498 530 1544 riorum
550 1507 679 1555 caput
700 1504 743 1541 et
757 1498 952 1543 barbam.
979 1513 994 1540 ι

371 1572 474 1617 Car.
501 1570 632 1614 XXX.
676 1569 735 1612 De
761 1568 950 1612 Ezechias
974 1567 1259 1625 (egrotacione,
1282 1574 1321 1611 et
1348 1565 1398 1611 de
1422 1579 1612 1623 τεῳ-σειν

935 1639 1054 1684 solis.

422 1714 629 1758 Ezechias
655 1719 797 1757 autem
827 1718 924 1769 post
950 1713 1258 1769 inopinabilem
1294 1720 1342 1759 et*
1373 1712 1611 1758 incredibi-

366 1787 447 1831 lem
482 1787 766 1842 triumphum,
797 1787 914 1837 licet,
945 1786 1186 1831 secundum
1217 1786 1474 1842 losephuin,
1509 1797 1610 1830 cum

366 1860 524 1916 popiilo
554 1860 715 1903 hostias
750 1858 837 1902 Deo
870 1859 1153 1909 immolasset,
1181 1870 1270 1903 non
1305 1865 1450 1903 tamen
1482 1858 1612 1915 digne

364 1935 523 1988 gratias
550 1934 654 1990 egit.
677 1931 783 1975 Nam
813 1939 854 1976 ct
886 1933 1029 1978 animo
1052 1931 1192 1977 elatus
1212 1939 1299 1986 est,
1321 1938 1364 1977 et
1388 1931 1609 1975 canticum

364 2018 451 2050 non
479 2008 680 2057 cantavit,
708 2007 819 2049 sicut
849 2005 892 2048 in
923 2004 1171 2060 thusmodi
1205 2005 1347 2050 facere
1373 2015 1614 2049 consueve-

364 2084 463 2121 rant
501 2084 663 2134 patres,
705 2083 748 2120 et
787 2082 1015 2133 propterea
1054 2092 1069 2119 ι
1111 2078 1338 2135 :egrotavit
1378 2088 1518 2134 usque
1555 2074 1609 2120 ad

366 2158 565 2203 mortem,
594 2156 636 2194 et
667 2151 784 2194 venit
814 2149 868 2193 ad
899 2162 997 2192 eum
1024 2147 1177 2202 Isaiae,
1208 2157 1251 2194 et
1275 2150 1351 2194 ait.
1379 2148 1480 2194 Hoec
1504 2148 1612 2194 dicit

364 2221 572 2266 Dominus
592 2237 602 2263 :
628 2220 817 2279 Dispone
837 2220 986 2266 domui
1010 2227 1110 2273 tuae,
1127 2221 1232 2278 quia
1257 2222 1459 2267 morieris
1482 2229 1546 2274 tu,
1566 2229 1612 2267 et

364 2303 452 2338 non
478 2294 598 2338 vives
629 2292 714 2350 (IV
739 2293 837 2350 [leq.
864 2293 954 2351 xx).
980 2294 1275 2339 contristatus
1307 2292 1533 2346 Ezechias,
1557 2306 1612 2339 eo

363 2366 478 2423 quod
506 2366 639 2410 fllium
658 2364 754 2411 'non
785 2366 979 2417 haberet,
1006 2378 1097 2411 non
1123 2366 1239 2422 quod
1267 2366 1443 2410 domum
1474 2367 1608 2412 relin-

365 2445 516 2494 queret
544 2438 800 2491 desolatam,
827 2439 902 2483 sed
937 2451 992 2484 ne
1027 2438 1137 2484 sorte
1169 2441 1453 2495 frustraretur
1479 2441 1525 2486 in
1555 2453 1609 2487 eo

364 2513 595 2568 promissio
621 2512 734 2555 sacta
758 2511 893 2556 David
917 2511 971 2556 de
987 2512 1180 2565 Christo,
1200 2513 1441 2560 conversus
1458 2515 1513 2559 ad
1532 2525 1611 2573 pa·-

364 2584 513 2628 rietem
536 2583 651 2628 flevit
674 2596 835 2634 amare.
863 2583 975 2630 sorte
998 2590 1047 2628 ut
1071 2584 1292 2630 secretius·
1303 2583 1467 2640 oraret,
1490 2588 1534 2632 et
1554 2599 1612 2633 ne

364 2658 585 2701 adstantes
602 2657 815 2714 lacrymas
829 2658 924 2714 eius
942 2657 1158 2710 viderent,
1178 2659 1371 2706 velsorte
1392 2659 1447 2704 ad
1468 2657 1612 2718 parie-
1644 2701 1648 2706 .

363 2737 449 2774 tem
476 2730 673 2787 porticus
703 2731 851 2787 templi
881 2737 992 2786 erat,
1019 2732 1144 2788 juxta
1172 2731 1541 2791 quamcubabat,
1566 2741 1611 2781 et

363 2802 464 2857 qnia
495 2802 538 2845 in
571 2798 783 2858 porticum
819 2803 1055 2849 ascendere
1084 2817 1173 2850 non
1203 2811 1370 2862 poterat
1392 2806 1449 2853 ad
1470 2819 1606 2852 oran-

363 2873 482 2926 dum,
510 2875 661 2919 saltem
686 2875 746 2919 rad
772 2874 927 2920 faciem
952 2876 1049 2931 eius
1076 2878 1233 2930 oravit,
1262 2878 1412 2924 dicens
1435 2895 1448 2924 ε
1476 2892 1494 2922 ι
1517 2879 1606 2926 Db-

364 2959 505 3003 secro‚
528 2950 723 3001 Domine,
747 2956 963 2995 memento
984 2951 1101 3008 quod
1125 2954 1438 2998 ambulaverim
1462 2961 1609 3000 coram

364 3029 406 3066 te
434 3023 476 3066 in
504 3026 701 3068 veritate.
734 3039 750 3065 ι
777 3022 909 3075 Quasi
940 3023 1056 3069 dieat
1082 3041 1092 3068 :
1120 3025 1172 3069 Et
1203 3026 1241 3071 si
1269 3036 1386 3070 nunc
1413 3028 1605 3084 peccavi.

363 3104 511 3151 parce,
530 3105 583 3138 ne
604 3101 779 3150 pereant
797 3097 908 3151 apud
931 3103 975 3140 te
1010 3109 1107 3152 φια-
1126 3097 1206 3142 seci
1228 3108 1374 3142 coram
1397 3106 1454 3144 tc.
1473 3098 1608 3144 Porro

363 3173 594 3223 antequam
621 3168 899 3224 egrederetur
925 3168 1061 3215 lanias
1087 3170 1274 3215 mediam
1299 3179 1464 3228 partem
1488 3173 1606 3225 atrii.

365 3237 474 3279 dixit
504 3239 556 3280 ad
583 3249 682 3282 eum
713 3237 962 3285 Dominus-z
995 3254 1013 3281 a
1044 3240 1169 3294 neci,
1188 3247 1242 3286 >et
1270 3241 1565 3289 dic-Ezechiae
1592 3259 1604 3290 ι

364 3308 462 3352 llaec
492 3309 597 3354 dicit
630 3309 840 3356 Dominus
865 3310 980 3357 Deus
1009 3312 1143 3358 David
1172 3314 1311 3371 patris
1342 3315 1420 3359 tui.
1452 3315 1606 3360 Audivi

362 3382 600 3427 orationem
631 3387 764 3433 tuam,
789 3388 834 3427 et
855 3382 944 3427 vidi
972 3384 1206 3441 lacrymam
1233 3393 1369 3431 tuam.
1398 3386 1508 3432 Ecce
1535 3399 1609 3432 sa·

1629 2403 1664 2450 G

1698 332 1807 376 Huic
1841 333 1989 378 sensui
2024 341 2236 378 consonat
2268 334 2474 382 Ilebraeus
2505 337 2697 384 dicens.
2733 355 2748 381 ‹
2783 339 2860 386 vis
2892 354 2909 389 ι

1697 411 1781 448 stet
1820 405 1972 448 umbra
2008 406 2155 449 decem
2190 406 2334 459 lineis,
2370 421 2423 452 an
2458 417 2504 454 ut
2536 413 2806 458 revertatur!
2842 429 2858 456 ι
2891 411 2909 461 Ι

1697 473 1807 517 isaia
1846 487 2017 530 quoque
2058 475 2112 518 de
2152 477 2293 537 reditu
2338 479 2443 523 solis
2491 481 2546 524 ad
2589 488 2730 526 ortum
2771 491 2893 530 tantu

1695 548 1855 603 agitur,
1889 553 1931 591 et
1970 561 2058 604 non
2091 548 2146 592 de
2179 561 2362 593 ascensu
2390 551 2554 596 umbrae
2593 552 2701 610 (Iso.
2738 554 2905 603 xxivnt

1696 618 2012 663 Verumtamen.
2037 632 2173 676 stiper-
2205 620 2365 665 librum
2397 620 2563 678 Regum
2595 625 2658 667 sic
2691 627 2908 681 exponitul

1696 689 1771 734 Vis
1808 700 1854 734 ut
1892 691 2098 735 ascendat
2134 692 2288 738 umbra
2327 692 2476 737 decem
2519 695 2646 742 lineis
2682 700 2908 753 procedent

1673 807 1677 810 Δ
1696 764 1787 808 sale
1807 770 2116 821 superterram
2139 778 2215 822 per
2232 765 2433 810 boreales
2448 768 2596 824 plagas
2615 783 2767 816 versus
2784 770 2907 819 Orien

1695 842 1799 887 tem,
1818 836 1933 880 sicut
1954 835 2146 890 quotidie
2168 849 2245 892 per
2268 843 2438 881 noctem
2462 839 2545 883 sub
2569 845 2682 884 terra
2706 843 2907 897 procedet

1695 909 1821 960 solet,
1850 915 1892 951 et
1925 909 1991 952 sic
2020 909 2248 965 completis
2279 909 2428 954 decem
2459 910 2597 963 horis,
2623 913 2770 957 statim

1695 981 1750 1023 ad
1783 981 1944 1034 locum,
1974 982 2048 1026 ubi
2081 994 2197 1025 nilne
2230 989 2315 1035 est,
2339 989 2381 1026 et
2417 983 2607 1038 perficiet
2638 985 2750 1030 diem
2782 986 2899 1031 istu

1697 1055 1748 1097 iit
1778 1054 1908 1111 elegit
1939 1067 2032 1106 rex,
2056 1062 2103 1099 ut
2132 1055 2294 1099 rediret
2318 1057 2384 1099 sol
2408 1057 2462 1099 ad
2486 1055 2723 1103 Orientem.
2752 1057 2798 1102 Si
2814 1060 2904 1107 ‘enh

1694 1133 1845 1176 staret.
1884 1127 2015 1170 alicui
2056 1139 2199 1172 causae
2238 1127 2426 1172 naturali
2470 1134 2618 1183 posset
2655 1130 2836 1185 ascribi,
2897 1151 2902 1154 ’

1694 1198 1805 1244 forte
1835 1200 1937 1256 quia
1957 1200 2054 1256 ¹,lam
2085 1201 2172 1244 alio
2207 1206 2403 1255 tempore
2432 1199 2595 1245 sactum
2631 1201 2790 1254 suerat,
2825 1202 2891 1249 eie

1693 1274 1776 1318 sub
1802 1272 1950 1327 losue,
1978 1276 2149 1331 signum
2180 1274 2423 1318 inauditum
2455 1276 2603 1331 elegit.
2627 1276 2679 1320 Et
2703 1278 2851 1322 statim
2894 1302 2896 1304 v

1692 1351 1815 1391 suuis
1848 1347 1893 1390 in
1926 1347 2110 1400 oriente,
2147 1360 2349 1392 reversus
2388 1354 2454 1394 est
2490 1349 2646 1394 iterum
2680 1362 2756 1408 per
2789 1351 2869 1394 ὼν

1677 1417 1845 1473 lineas,
1887 1432 1964 1476 per
2008 1431 2118 1476 quaa
2157 1419 2249 1476 jam
2292 1420 2575 1466 descenderat
2593 1424 2625 1468 ⁶.
2669 1421 2791 1467 Tune
2830 1419 2903 1467 52.»

1691 1490 1828 1537 lsaias
1867 1492 2011 1537 afferri
2057 1504 2246 1537 massam
2291 1495 2476 1548 lit-uum,
2517 1502 2561 1540 et
2599 1498 2893 1554 cataplasma!

1690 1571 1794 1609 runt
1817 1580 1832 1606 ι
1843 1578 1989 1623 super
2011 1567 2168 1612 vulnus
2190 1566 2344 1622 ejus.»
2372 1567 2575 1613 Hebraeus
2599 1570 2739 1626 magis
2763 1575 2899 1639 propr

1689 1638 1798 1684 dicit
1835 1654 1855 1681 ι
1897 1650 2028 1696 super
2064 1641 2191 1686 ulcus
2228 1640 2398 1697 ejus.»
2432 1641 2616 1695 Quidam
2655 1644 2885 1700 suspicant

1675 1710 1828 1757 tuisse
1855 1718 2093 1769 apostema,
2122 1713 2248 1769 cujus
2279 1714 2424 1759 sanies
2453 1715 2496 1758 in
2524 1715 2637 1760 cutis
2667 1715 2867 1773 super-ilci
2902 1749 2904 1755 ,

1691 1793 1954 1845 provocatur
1976 1787 2234 1832 siccioribus
2271 1788 2364 1832 licis
2399 1789 2615 1834 contusis.
2650 1789 2786 1834 Porro
2809 1792 2891 1848 Aq

1690 1861 1759 1915 la,
1799 1858 2086 1918 Symmachus
2133 1867 2176 1905 et
2217 1859 2488 1906 Theodotion
2536 1861 2699 1919 regium
2741 1874 2883 1906 morv·

1692 1932 1828 1979 fuisse
1852 1932 2020 1986 dicunt,
2048 1933 2118 1978 cui
2150 1945 2332 1990 quaeque
2362 1933 2524 1987 dulcia,
2555 1934 2620 1979 vel
2652 1939 2844 1992 sumpta,
2871 1947 2896 1981 1

1690 2004 1891 2062 apposita
1920 2007 2141 2050 contraria
2175 2011 2400 2062 putantur.
2440 2004 2494 2048 Et
2533 2005 2592 2051 ita
2634 2004 2712 2051 Dei
2748 2011 2879 2063 pote

1691 2077 1935 2118 monstrata
1946 2079 2038 2126 est,
2056 2085 2155 2119 cum
2180 2085 2258 2130 per
2277 2085 2348 2118 res
2369 2074 2524 2118 noxias
2547 2073 2716 2119 sanitas
2737 2073 2862 2119 restit

1688 2151 1773 2192 est.
1799 2145 1852 2190 Et
1879 2145 2099 2191 convaluit
2126 2145 2352 2198 Ezechias,
2376 2151 2419 2191 et
2445 2145 2571 2191 tertia
2596 2146 2666 2191 die
2694 2158 2844 2192 ascen

1691 2217 1736 2262 in
1763 2219 1988 2274 templum,
2018 2218 2076 2262 ait
2099 2233 2110 2262 ε
2133 2233 2148 2259 ι
2176 2217 2263 2277 Ego
2286 2217 2393 2270 dixi,
2417 2216 2613 2272 Domine,
2637 2234 2652 2260 ι
2681 2218 2724 2262 id
2748 2224 2815 2264 est
2837 2217 2864 2263 d

1690 2299 1960 2349 aegrotarem,
1985 2303 2118 2349 penes
2137 2303 2207 2336 me
2226 2291 2413 2347 cogitavi
2433 2305 2445 2336 ι
2470 2305 2486 2332 ι
2509 2289 2556 2334 ln
2576 2291 2758 2336 dimidio
2773 2291 2894 2336 dier·

1690 2377 1888 2412 meorum
1906 2365 2062 2411 vadam
2087 2366 2139 2410 ad
2166 2371 2319 2422 portas
2340 2364 2470 2409 interi
2495 2364 2604 2423 (Isa.
2624 2364 2827 2423 xxxviii),
2854 2380 2870 2408 ι

1688 2445 1759 2485 eet
1794 2439 1987 2484 nondum
2023 2445 2228 2496 suscepta
2259 2438 2410 2485 sobole
2448 2451 2580 2496 quam
2615 2438 2875 2496 exspectaba

1688 2509 1950 2570 descendam
1991 2510 2047 2555 ad
2094 2510 2284 2564 inferos3
2325 2517 2367 2555 et
2409 2509 2512 2555 dum
2555 2509 2640 2555 hoc
2680 2508 2893 2568 cogitar

1693 2598 1711 2629 t
1745 2583 1929 2643 quaesivi
1965 2597 1982 2626 ι
2023 2596 2049 2627 a
2089 2590 2148 2635 te,
2190 2583 2374 2635 orando,
2411 2598 2427 2625 ι
2465 2583 2710 2630 residuum
2724 2595 2829 2628 ann
2879 2611 2881 2616 f

1689 2667 1904 2708 meorum,
1934 2669 1951 2699 ι
1979 2660 2024 2699 ut
2059 2655 2181 2712 prius
2214 2656 2348 2701 velles
2378 2666 2447 2700 me
2479 2660 2646 2712 patrem
2680 2653 2774 2699 lieri
2808 2667 2836 2712 q

1690 2730 1833 2775 anima
1867 2741 1962 2774 mea
1995 2729 2154 2786 priver.
2186 2727 2296 2773 Huic
2325 2728 2495 2772 cantico
2523 2727 2720 2774 Ezechiae
2744 2729 2888 2785 prun*

1689 2807 1786 2850 tunt
1816 2801 1929 2846 Lxx
1963 2802 2136 2845 titulum
2169 2803 2332 2847 talem:
2365 2816 2379 2842 ι
2399 2789 2562 2850 ,oratio
2593 2801 2787 2846 Ezechias
2853 2822 2881 2826 .,

1687 2874 1829 2925 Iudae,
1859 2891 1875 2915 ι
1902 2872 1980 2919 sed
2004 2875 2158 2919 melius
2184 2880 2252 2919 est
2279 2873 2326 2919 in
2352 2872 2464 2918 lsaia
2488 2887 2501 2917 z
2530 2888 2545 2914 ι
2577 2870 2804 2931 Scriptura
2829 2873 2864 2916 F:

1689 2949 1798 2995 chiae
1830 2948 1947 3005 regis
1980 2947 2117 2992 Judae.
2161 2963 2176 2990 ι
2208 2947 2315 2991 Nam
2354 2947 2398 2991 in
2437 2946 2521 2991 hoc
2547 2946 2720 2991 cantico
2746 2958 2876 2995 narra

1688 3024 1855 3071 tantum
1886 3019 2003 3077 qued
2032 3019 2314 3075 cogitaverat,
2337 3018 2405 3062 vel
2431 3018 2777 3070 oraverat,-dum
2848 3039 2855 3070 ¹.

1687 3097 1842 3143 tasset,
1876 3098 1920 3136 et
1954 3103 2042 3137 non
2080 3091 2221 3137 oravit
2249 3092 2293 3136 in
2324 3104 2394 3144 eo,
2428 3091 2511 3136 nisi
2544 3091 2716 3137 duobus
2748 3093 2869 3138 verb

1691 3171 1878 3219 tantum,
1901 3171 1951 3210 ut
1981 3166 2041 3210 ibi
2069 3179 2080 3211 :
2110 3181 2126 3208 t
2156 3164 2354 3217 Domine,
2381 3165 2598 3221 responde
2625 3177 2705 3223 pro
2735 3178 2820 3219 me,
2854 3182 2887 3209 ι·

1688 3238 1735 3286 in
1755 3238 1843 3284 nne
1866 3253 1882 3280 ι
1911 3238 2111 3293 Domine,
2133 3239 2302 3286 saltum
2328 3251 2396 3285 ine
2422 3238 2508 3284 fac.
2541 3254 2558 3280 ι

1745 3312 1762 3330 ·
1787 3310 1961 3376 Αάιιίιίο
2000 3311 2041 3355 ¹.
2065 3309 2115 3361 ln
2136 3310 2269 3355 Sacra
2292 3312 2448 3369 pagina
2471 3323 2579 3358 usus
2599 3311 2752 3368 babet,
2773 3317 2821 3357 ut
2850 3333 2855 3351 ι
2880 3343 2881 3346 ¹

1687 3396 1866 3442 gressus
1881 3384 1937 3428 ah
1963 3384 2187 3430 occidente
2205 3384 2259 3428 ad
2272 3383 2483 3429 orientem
2505 3382 2676 3430 dicatur
2706 3397 2864 3432 ascens

362 3454 462 3498 navi
496 3460 557 3506 te,
591 3455 664 3499 die
695 3455 825 3500 tertio
853 3457 1064 3502 ascendes
1102 3458 1145 3501 in
1185 3460 1408 3515 templum.
1447 3459 1607 3507 Diebus
1631 3478 1668 3524 n
1689 3456 1803 3515 quod
1836 3469 2013 3514 gressus
2054 3457 2101 3501 in
2141 3456 2412 3508 contrarium
2436 3456 2694 3503 descensus.
2717 3456 2882 3519 Ascenc·

362 3527 451 3570 tuis
473 3526 624 3571 addam
648 3527 893 3583 quindecim
918 3542 1079 3585 annos;
1105 3531 1159 3575 de
1178 3543 1310 3575 mann
1337 3533 1450 3588 regis
1473 3535 1609 3590 Assy·

362 3599 545 3653 riorum,
576 3601 702 3656 cujus
728 3601 914 3647 reditum
932 3603 1075 3654 times,
1101 3606 1291 3649 liberabo
1314 3611 1372 3657 te,
1387 3613 1429 3651 et
1454 3606 1606 3651 urbem

363 3675 492 3728 hanc,
512 3681 686 3732 propter
706 3680 764 3727 te,
783 3682 827 3720 et
852 3683 1025 3733 propter
1045 3675 1180 3722 David
1203 3691 1377 3723 servum
1391 3692 1559 3726 meum.
1586 3697 1601 3721 ι

365 3747 444 3790 llic
469 3753 644 3802 apparet
666 3749 767 3804 quia
794 3747 1014 3792 Manasses
1038 3750 1228 3794 nondum
1252 3758 1383 3795 natus
1402 3757 1512 3804 erat,
1530 3754 1606 3810 qui

367 3826 461 3873 post
488 3825 667 3862 mortem
691 3820 844 3874 patris,
868 3831 969 3864 cnm
992 3833 1173 3876 regnare
1194 3822 1415 3879 caepisset,
1440 3823 1612 3870 ditode-

365 3892 449 3933 cim
482 3902 693 3935 annorum
725 3897 834 3938 erat.
862 3891 915 3935 Et
944 3894 1003 3936 ait
1035 3893 1243 3939 Ezechias
1276 3910 1287 3939 ε
1322 3910 1338 3936 ι
1370 3894 1496 3949 Quod
1524 3896 1609 3940 erit

367 3962 555 4018 signum,
585 3962 702 4018 quod
735 3962 943 4009 Dominus
975 3966 1149 4010 sanabit
1177 3967 1275 4010 me?
1307 3965 1387 4011 Cni
1425 3966 1561 4012 isaias
1593 3982 1605 4011 :

368 4033 444 4079 Vis
475 4042 522 4080 ut
550 4037 755 4081 ascendat
781 4037 934 4081 uunhra
963 4038 1111 4084 decem
1139 4041 1265 4085 lineis
1290 4043 1336 4085 in
1364 4042 1606 4100 horologio.

367 4119 421 4150 an
457 4114 505 4151 ut
539 4115 778 4152 revertatur
812 4110 989 4155 totidem
1029 4112 1261 4168 gradibus?
1297 4129 1313 4154 ι
1350 4113 1452 4158 Erat
1490 4115 1608 4159 enim

367 4180 474 4222 hora
498 4180 582 4223 diei
610 4181 792 4230 decima,
818 4191 859 4225 et
888 4185 1036 4226 umbra
1067 4185 1294 4240 gnomonis
1322 4186 1609 4231 descendebat

370 4262 447 4305 per
478 4251 624 4294 decem
655 4251 805 4295 lineas.
834 4253 957 4297 Dedit
986 4267 1088 4311 ergo
1118 4259 1206 4312 regi
1235 4259 1451 4311 optionem
1477 4259 1606 4314 signi,

371 4327 515 4363 utrum
540 4321 693 4372 vellet,
719 4323 832 4379 quod
864 4325 929 4367 sol
965 4332 1099 4369 staret
1133 4340 1208 4382 per
1241 4329 1426 4381 spatium
1460 4329 1607 4376 decem

371 4390 576 4432 horarum
602 4391 851 4445 immobilis,
870 4394 937 4437 vel
956 4396 1115 4439 rediret
1139 4398 1191 4440 ad
1218 4400 1444 4451 orientem,
1464 4406 1506 4445 et
1528 4400 1609 4443 ite-

370 4468 466 4504 rum
494 4462 720 4508 inchoaret
748 4464 883 4518 diem;
902 4466 1137 4520 quodlibet
1167 4476 1308 4513 autem
1343 4470 1538 4519 istorum,
1571 4471 1606 4517 sl

1691 3536 1835 3573 autem
1855 3530 1935 3575 iste
1963 3530 2068 3574 solis
2087 3529 2317 3586 dupliciter
2337 3535 2478 3597 potes'
2487 3529 2709 3588 intelligi:
2727 3530 2795 3577 vel
2821 3544 2851 3589 q

1690 3601 1923 3659 gradatim.
1950 3609 1992 3646 (ει
2023 3601 2151 3644 solito
2180 3606 2299 3645 motu
2331 3594 2492 3656 puncto
2518 3601 2698 3646 decima}
2726 3602 2864 3658 linnae⁸
2918 3611 2919 3614 ’

1687 3685 1774 3730 quo
1793 3673 1883 3729 §am
1903 3679 1996 3717 erat
2018 3673 2073 3716 ad
2094 3673 2303 3726 orientem
2323 3679 2626 3727 reverteretur,
2653 3679 2696 3720 et
2722 3685 2747 3717 a
2763 3684 2879 3731 punc

1687 3744 1802 3790 unde
1833 3751 1928 3801 post
1962 3752 2107 3788 ortum
2135 3751 2413 3801 processerat
2443 3746 2486 3788 in
2520 3752 2739 3795 momento
2771 3740 2861 3798 redi

1688 3818 1742 3862 ad
1774 3826 1981 3875 punctum
2011 3818 2188 3862 decimae
2219 3818 2353 3868 borae.
2382 3818 2424 3862 in
2458 3831 2546 3875 quo
2575 3819 2692 3864 nunc
2722 3814 2876 3875 run,
2868 3859 2872 3863 .

1687 3890 1802 3946 quod
1842 3890 1887 3934 in
1926 3895 2146 3934 momento
2179 3889 2234 3933 ad
2276 3892 2462 3946 primum
2503 3889 2712 3948 punctum
2751 3890 2872 3950 orici·

1688 3963 1874 4014 rediret;
1910 3963 2008 4006 inde
2042 3960 2252 4018 gradatim
2284 3962 2354 4004 ad-
2364 3967 2577 4018 punctum·
2606 3961 2786 4008 decimae
2817 3962 2863 4007 h

1689 4042 1994 4081 reverteretur.

1922 4109 2024 4153 Car.
2052 4107 2204 4154 xxxt.
2233 4109 2290 4153 De
2327 4117 2461 4153 morte
2488 4108 2691 4155 Ezechiam
2913 4151 2916 4154 ,

1748 4197 1762 4222 ι
1789 4181 1835 4224 ln
1861 4182 1935 4225 illo
1959 4188 2152 4237 tempore
2176 4183 2294 4224 misit
2318 4181 2566 4235 Merodacb,
2589 4181 2700 4225 lilius
2722 4177 2852 4224 Balad
2872 4186 2875 4214 ἐ

1689 4245 1764 4299 rex
1795 4255 2040 4312 Babylonis,
2070 4255 2239 4299 litteras
2270 4261 2313 4298 et
2343 4265 2523 4297 munera
2550 4255 2602 4297 ad
2633 4252 2854 4296 Ezechiam

1689 4336 1855 4382 petens.
1878 4334 1924 4369 ut
1948 4327 2095 4371 socius
2115 4327 2212 4381 ejus
2229 4332 2344 4370 esset
2366 4331 2408 4371 et
2431 4327 2597 4369 anricus
2616 4324 2659 4381 (1
2669 4324 2701 4366 V
2720 4322 2811 4380 Req.
2835 4336 2869 4386 xj

1689 4400 1796 4442 Nam
1814 4412 1866 4443 eo
1883 4406 2075 4454 tempore
2095 4411 2170 4442 rex
2196 4397 2415 4442 Medorum
2434 4404 2476 4441 et
2498 4409 2572 4441 rex
2592 4396 2850 4452 Babylonior
2864 4415 2874 4451 7
2914 4406 2918 4416 ¹

1688 4477 1957 4516 recesserant
1991 4483 2014 4514 a
2047 4471 2293 4515 monarchia
2323 4469 2598 4525 Assyriorum
2631 4468 2712 4511 sub
2747 4454 2867 4509 Μεθ’
2919 4479 2921 4489 ²
