2924 4588
221 159 304 230 ozi
562 167 589 200 ⁸

219 271 350 322 Debet
378 268 622 326 apostolicis
643 252 839 311 manilfus
862 263 1106 330 reverenter
1125 263 1289 317 inungi,

268 342 569 405 ¹Percipietque
588 344 754 421 patrem
778 340 847 383 cui
869 339 964 381 loca
987 343 1138 382 sancta
1159 341 1324 391 patent.

220 418 390 471 Absque
415 427 543 458 manu
567 425 687 469 papae
711 424 835 468 quem
854 408 1031 467 protulit
1056 422 1183 452 aurea
1209 408 1360 457 Roma,

218 487 312 530 Non
333 488 455 541 decet
480 489 526 529 ut
557 485 698 540 capiat
727 489 1000 527 monocrator
1021 479 1065 524 in
1098 481 1210 524 Urbe
1235 477 1452 523 coronam.

274 559 432 603 Coelica
458 564 561 601 ωηο
584 556 695 600 dona
718 556 854 612 grafia
878 566 1047 599 summa
1070 559 1209 596 tonat.

220 632 325 674 illud
344 631 400 689 ab
418 630 595 685 imperio
619 629 710 672 fieri
728 628 782 672 de
797 640 916 672 more
938 626 1139 677 fatemur,

219 695 323 761 Na'm
344 700 515 755 'placere
539 698 671 743 Deum
694 709 817 742 sacra
838 695 1113 751 suscipiendo
1141 691 1346 748 solemus,

274 762 420 815 Placat
439 759 686 828 pontificem
706 783 798 820 rex,
822 769 1051 813 ethonore
1071 767 1201 812 fovet.

220 841 338 890 Talia
362 845 459 900 jure
483 834 567 888 sori
589 843 694 900 nulli
721 843 972 887 tribuuntur
990 839 1165 893 honori,

219 909 323 960 Jure
346 917 432 972 poli
454 916 535 961 soli
559 912 674 959 Petri
691 915 877 959 donatur.
898 913 1053 965 amori,

273 986 381 1030 Nam
405 986 572 1033 ratione
596 981 700 1042 poli,
717 982 924 1030 condecet
945 981 1016 1027 illa
1042 980 1141 1028 coli.

221 1059 351 1116 Ungit
383 1071 480 1107 eum
501 1059 674 1116 praesul,
700 1057 775 1104 sed
798 1057 997 1104 Christus
1025 1056 1227 1102 inunctor
1260 1051 1456 1107 habetur,

222 1128 281 1175 De
306 1133 427 1177 coelis
451 1130 596 1177 divina
620 1144 775 1175 manus
799 1143 894 1187 quae
917 1128 1255 1181 rorde'videtur,

276 1204 356 1248 Cui
381 1205 487 1249 bene
509 1216 584 1249 rex
606 1203 731 1248 offert
752 1203 857 1246 illud
879 1209 923 1248 et
952 1214 1079 1247 omne
1101 1201 1251 1246 decus,

220 1274 329 1320 lium
352 1288 477 1323 sacra
499 1275 713 1333 pontificis
738 1288 892 1321 manus
918 1275 1035 1319 hunc
1060 1273 1314 1319 benedicere
1329 1272 1462 1322 sistit,

220 1348 368 1404 Longa
389 1359 544 1393 manus
570 1348 730 1393 Christi
753 1360 830 1393 sua
855 1359 1035 1392 munera
1059 1346 1207 1402 dirigit
1229 1345 1320 1397 isti,

278 1420 481 1478 Donaque
500 1422 631 1466 missa
651 1420 727 1466 Dei
751 1421 932 1478 porrigit
956 1426 1111 1464 unctor
1131 1419 1188 1465 ei.

222 1493 408 1551 Ungitur
430 1494 476 1537 in
499 1493 931 1545 Christum-Domini,
954 1492 1032 1538 sed
1062 1504 1159 1538 eum
1182 1490 1297 1537 Deus
1327 1489 1465 1550 ungit,

223 1565 375 1621 Unctiq
396 1565 611 1623 pontificis
635 1566 709 1611 dat
729 1567 770 1611 ei
796 1565 1038 1610 diademate
1068 1563 1209 1621 fungi,

276 1639 352 1685 Est
377 1640 468 1684 vice
493 1651 600 1696 papa
633 1638 709 1683 Dei
734 1640 807 1696 qui
831 1638 1047 1684 benedicit
1067 1639 1146 1684 eL‘

221 1705 362 1756 Testis
391 1712 506 1755 enim
531 1711 637 1756 mihi
666 1713 860 1768 psalmus
884 1712 982 1764 erit,
1009 1711 1083 1769 qui
1109 1707 1281 1756 cantica
1306 1710 1465 1766 iunxit,

219 1780 367 1828 inveni
391 1783 525 1828 David
547 1796 720 1829 servum
737 1784 860 1836 mihi,
885 1797 1013 1842 quem
1038 1783 1153 1828 Deus
1173 1771 1297 1835 unxi,

277 1856 404 1908 Unxi,
434 1870 520 1901 non
544 1855 688 1913 unxit,
719 1859 863 1903 littera
886 1864 1037 1903 narrat
1067 1854 1143 1903 ibi.

219 1926 315 1984 lpse
337 1930 508 1984 quidem
535 1929 707 1974 Samuel
730 1936 833 1975 tunc
853 1919 1138 1987 personaliter
1157 1930 1304 1982 unxit,

218 1997 305 2044 Nec
328 2000 499 2056 legitur,
525 2000 695 2046 Samuel
719 2002 840 2046 unxit
861 2018 871 2046 ε
900 2002 975 2047 sed
997 2015 1076 2059 ego
1095 2002 1207 2051 Deus
1235 2002 1339 2048 unxi

277 2072 336 2115 Ex
362 2073 456 2116 oleo
478 2082 627 2117 sancto
650 2075 821 2119 coelitus
842 2076 934 2131 ipse
957 2088 1051 2121 meo

223 2143 294 2188 Sic
319 2145 414 2189 oleo
435 2158 520 2189 non
543 2158 751 2203 corporeo
777 2147 974 2191 diadema
998 2154 1213 2200 sac-ratur,

222 2216 442 2262 Materiale
464 2224 604 2262 tamen
629 2219 769 2262 oleum
796 2230 971 2264 sacrare
996 2226 1189 2276 putatur,

276 2289 579 2347 Pontificisque
603 2303 756 2336 manus
780 2293 956 2337 coniicit
978 2294 1089 2337 alma
1113 2305 1301 2340 sacrum.

225 2361 269 2405 Si
294 2364 451 2419 quaeris
473 2364 575 2420 quid
598 2378 705 2422 papa
728 2369 855 2423 gerit,
883 2369 987 2425 quid
1010 2370 1187 2414 honoris
1212 2369 1416 2414 habehit?

222 2434 493 2493 clavigerum
529 2437 685 2495 loquor
710 2441 960 2493 aethereum,
986 2441 1056 2485 cui
1091 2442 1279 2487 mundus
1307 2442 1470 2494 obedit,

281 2507 558 2555 Terrenum
583 2511 752 2568 superis
773 2515 842 2557 cui
861 2514 975 2559 Deus
1000 2515 1094 2571 ipse
1110 2515 1247 2560 dedit.

224 2599 411 2667 Carolus·
443 2604 574 2659 pergit
605 2616 698 2659 pere
727 2606 842 2649 rinus
874 2603 1228 2662 Hierosolymam,
1254 2619 1326 2663 per
1360 2606 1472 2652 Con-

281 2661 607 2712 stantinopolim,
641 2669 683 2702 se
742 2662 960 2705 revertitur
988 2674 1059 2718 per
1091 2662 1301 2716 Siciliam,
1338 2663 1472 2708 Gala-

277 2713 414 2755 briam
434 2722 471 2756 et
495 2713 706 2774 Apuliam.

281 2804 461 2851 Carolus
479 2805 682 2852 Ausoniae
705 2808 876 2852 tandem
898 2809 1092 2854 lucratus
1113 2810 1316 2862 honores,

224 2875 326 2921 inde
351 2876 691 2936 Hierosolymam
716 2881 849 2925 subiit
876 2894 974 2925 cum
996 2893 1103 2937 pace
1125 2882 1311 2935 labores,

284 2948 377 2993 Jam
403 2953 544 2997 crucis
569 2952 762 2998 almisicae
789 2955 955 2999 solvere
978 2963 1075 2999 vota
1100 2958 1266 3001 volens.

226 3021 384 3066 visitat
406 3023 578 3069 illorum
598 3027 777 3083 vestigia
797 3024 949 3071 sancta
979 3029 1205 3082 locorum„

228 3094 320 3146 Qua
342 3102 483 3147 natus,
503 3109 589 3154 qua
614 3110 769 3154 passus
792 3107 900 3153 erat,
921 3100 1034 3148 Deus
1052 3103 1142 3158 ipse
1165 3103 1359 3157 deorum,

284 3166 377 3221 Qua
399 3170 495 3212 tulit
515 3170 747 3214 aethereum
767 3172 888 3229 virgo
910 3172 1043 3217 Maria
1067 3174 1257 3218 thorum.

228 3237 318 3282 Rex
343 3245 389 3282 ut
414 3240 624 3292 adoravit,
647 3241 837 3287 Jordano
859 3243 1069 3289 lavandus
1093 3245 1242 3297 hiavit,

229 3310 376 3357 Rebus
397 3312 625 3357 honoravit
648 3315 810 3371 regalia
830 3318 992 3360 moenia
1012 3316 1166 3370 David,

286 3383 407 3428 Tune
427 3399 606 3442 regnum
629 3386 763 3431 Siculi
781 3401 888 3433 nave
906 3399 1107 3435 reversus
1133 3390 1236 3436 adit.

454 3455 632 3503 Carolus
650 3463 867 3504 revertitur
883 3475 909 3506 a
931 3461 1248 3519 Hierosolymis.

231 3527 340 3571 Dum
367 3536 458 3574 rate
485 3530 640 3575 festina
665 3542 809 3589 regem
834 3533 951 3577 vehit
976 3534 1090 3578 unda
1120 3533 1303 3584 marina,

232 3599 347 3646 Urbe
367 3601 613 3647 Panormita
636 3612 807 3660 portum
832 3608 947 3662 capit
969 3606 1132 3663 absque
1150 3608 1295 3659 ruina,

288 3673 424 3719 Omne
449 3677 588 3719 solum
614 3675 748 3721 Siculi
768 3690 946 3723 munera
968 3679 1095 3724 solvit
1123 3681 1178 3724 ei.

230 3747 412 3792 Carolus
434 3748 504 3792 hic
525 3748 717 3794 Siculum
736 3758 904 3795 recreat
926 3752 1189 3808 baptismate
1211 3760 1372 3810 regem,

233 3821 366 3873 Quem
388 3821 510 3875 jubet
530 3821 732 3868 Ecclesiae
753 3821 955 3869 Romanae
979 3837 1151 3870 sumere
1170 3827 1322 3883 legem,

288 3894 500 3938 Catholici
524 3897 669 3952 populi
694 3897 846 3953 dogma
869 3899 1005 3942 tulere
1028 3898 1120 3951 Dei,

234 3964 357 4011 Mons
397 3968 453 4011 ihi
495 3974 579 4011 stat
603 3981 800 4024 maguus,
827 3972 899 4026 qui
925 3971 1082 4014 dicitur
1107 3985 1202 4019 esse
1237 3971 1473 4022 Rolandus,

235 4039 351 4082 Alter
370 4039 599 4092 oliverius‘,
624 4042 754 4085 simili
773 4043 938 4085 ration}
962 4043 1197 4096 vocandus,

290 4110 390 4156 Haec
417 4114 692 4157 memoranda
715 4116 859 4160 truces
889 4118 1152 4160 constituere
1175 4116 1323 4163 duces.

234 4181 357 4227 Mons
383 4184 440 4228 ibi
465 4183 733 4228 flammarum
752 4198 860 4242 quas
879 4188 1039 4231 evomit
1059 4183 1190 4235 AEtna
1213 4194 1406 4240 vocatur,

234 4251 330 4304 Quo
354 4252 463 4310 lapis
481 4254 641 4310 ignitus
664 4264 761 4299 cum
785 4258 992 4314 sulphure
1014 4258 1326 4317 praecipitatur,
1401 4272 1404 4278 ·
1431 4271 1434 4273 ’

291 4324 380 4368 Hoc
403 4326 460 4369 ibi
488 4333 719 4372 tartareum
742 4328 903 4372 dicitur
926 4342 1023 4374 esse
1047 4337 1192 4387 caput.
1244 4347 1245 4351 ¹

237 4395 385 4440 Latrat
407 4399 464 4441 ibi
490 4399 647 4455 Scylla,
674 4400 748 4444 dat
771 4397 953 4457 plurima
977 4400 1133 4446 damna
1152 4402 1408 4461 Charybdis,

238 4461 338 4511 inde
359 4475 472 4513 rates
493 4475 685 4524 pereunt,
711 4471 907 4517 homines
931 4484 1180 4529 merguntur
1203 4476 1245 4517 iu
1267 4474 1390 4531 ipsis,

1166 146 1449 215 confirmor
1470 147 1859 208 ‘viranmssuffls

1479 263 1513 308 Α
1592 254 1782 312 Gurgitis
1806 252 1920 297 unda
1941 239 2084 298 §haro
2104 251 2261 297 damna
2290 251 2452 319 pericla
2472 250 2602 308 parit.

1487 3775 1491 3778 ·
1555 3747 1738 3799 Carolus
1753 3755 1768 3772 ‘
1790 3758 1932 3796 tamen
1958 3751 2109 3794 metuit
2131 3755 2311 3794 ventura
2332 3748 2492 3805 pericla
2513 3745 2699 3803 nepotis,
2756 3783 2759 3786 ,

2693 124 2785 215 suf

1535 327 1717 371 Carolus
1737 325 1897 369 videns·
1907 324 2076 376 loculis,
2097 333 2195 381 quae
2215 322 2372 367 damna
2389 322 2589 377 feruntur
2602 321 2658 366 ab
2673 320 2777 375 iuis,
2828 304 2830 307 ⁵

1536 399 1716 442 Miratur
1737 397 1915 452 patrias,
1941 395 2084 440 AEtnae
2099 395 2276 440 rutilare
2299 394 2475 449 savii-lis,

1594 470 1699 514 Urbi
1722 468 1928 514 Messanae
1946 468 2074 520 dixit,
2093 467 2231 511 amica
2252 468 2361 514 vale.

1986 558 2092 604 Item
2114 558 2165 603 de
2177 557 2336 616 eodem.

1538 632 1716 677 Transit
1739 633 1799 685 ab,
1823 631 1925 676 inde
1949 630 2140 675 Pharum
2165 638 2291 688 quem
2316 629 2484 689 gurgite
2504 629 2640 675 sensit
2662 635 2780 676 antae

2338 740 2342 747 .
2592 701 2723 760 [rum.

1539 778 1699 823 Rerum
1724 776 1957 820 multarum
1979 787 2161 821 cernens
2184 770 2244 820 ibi
2266 774 2422 820 damna
2447 778 2640 826 suarum,
2695 805 2698 807 Α

1596 849 1718 894 Unde
1742 849 1887 903 ferunt
1908 847 2050 904 regem
2076 840 2384 892 non‘doluisse
2405 858 2572 904 parum.
2742 894 2746 897 v

1543 920 1735 978 Suscipit
1752 920 1869 964 hunc
1890 916 2088 975 Calaber,
2106 925 2339 977 properant
2359 919 2515 963 vexilla
2543 921 2783 976 potentum,

1542 994 1678 1038 Omne
1701 993 1842 1037 solum
1866 992 2043 1049 capiunt
2064 990 2207 1036 subita
2227 986 2444 1049 probitate
2459 993 2691 1043 retentum,

1599 1065 1804 1122 Undique
1823 1077 1921 1109 cum
1949 1067 2055 1120 pace
2077 1058 2249 1108 subdita
2271 1068 2386 1108 terra
2405 1059 2534 1120 jacet.

1543 1135 1646 1185 inde
1660 1152 1740 1198 per
1756 1137 1955 1195 Apuliam
1978 1131 2175 1181 miranda
2198 1135 2390 1194 potentia
2406 1130 2589 1182 Romam

1543 1210 1687 1264 Venit,
1706 1217 1749 1255 et
1770 1204 1942 1266 'imperii
1967 1207 2149 1264 gestavit
2171 1206 2216 1251 in
2239 1207 2346 1252 urbe
2371 1218 2595 1257 coronam,
2644 1248 2647 1250 ,

1601 1281 1771 1339 Organa
1787 1292 1885 1326 cum
1900 1276 2084 1331 cithara,
2111 1276 2271 1331 fistula,
2291 1277 2468 1322 trumba
2491 1283 2662 1329 sonant,

1548 1355 1671 1399 Tunc
1694 1354 1861 1406 Aaron,
1883 1365 1961 1396 rex
1985 1344 2234 1405 Persarum,
2257 1349 2413 1396 Carolo
2433 1356 2666 1401 remeante,

1548 1419 1798 1472 Muneribus
1814 1423 1999 1483 placavit
2018 1435 2133 1473 eum,
2151 1424 2327 1467 mittens
2349 1415 2637 1478 elephantem,

1603 1498 1802 1555 Vasaque
1823 1498 1928 1541 tunc
1953 1495 2047 1540 auri
2071 1494 2258 1552 plurima
2279 1493 2398 1539 misit
2420 1492 2462 1538 ei

1544 1588 1738 1645 Anystus
1778 1586 1949 1631 Domini
1994 1584 2190 1641 proeoepit
2234 1582 2391 1630 Carolo
2434 1591 2599 1639 peracre
2643 1588 2791 1626 contra

2061 1639 2287 1695 Hispanos.

1547 1717 1660 1763 Pace
1682 1717 1782 1761 data
1804 1714 1960 1758 Romae.
1976 1703 2086 1770 papa
2109 1711 2324 1756 residente
2338 1706 2502 1762 Leone,

1550 1786 1730 1834 Carolus
1748 1787 1947 1832 estuare
1963 1783 2219 1829 diadematis
2244 1789 2397 1841 auctus
2419 1782 2604 1838 honore,

1604 1860 1651 1905 ln
1674 1859 1857 1918 patriam
1877 1857 2006 1902 rediit
2022 1869 2163 1914 regna>
2178 1861 2362 1917 patema
2387 1859 2551 1904 colens.

1550 1935 1732 1981 Carolus
1755 1927 1925 1990 imperii
1952 1931 2057 1976 dum
2079 1933 2236 1991 'gaudia
2261 1933 2355 1977 vult
2377 1931 2596 1985 renovari,

1551 2009 1761 2063 Tempore
1783 2003 1986 2064 paschali
2007 2006 2117 2052 solio
2140 2005 2263 2051 sedet
2283 2005 2513 2063 imperiali,

1607 2079 1798 2137 Regibus
1821 2092 1873 2124 ac
1896 2079 2081 2124 ducibus
2101 2078 2220 2136 regia
2240 2078 2354 2122 dona
2379 2077 2507 2134 parit.

1551 2152 1684 2198 Nocte
1707 2152 1949 2211 quiescenti
1971 2151 2164 2208 loquitur
2181 2163 2263 2194 vox
2289 2150 2442 2194 coelica
2463 2148 2574 2205 regi,

1552 2225 1687 2279 Quem
1713 2222 1834 2282 jubet
1863 2221 2078 2281 Hispanos
2101 2221 2260 2267 ChrIsti
2285 2233 2526 2278 supponere
2541 2220 2639 2277 legi,

1609 2301 1737 2344 Audit
1760 2306 1802 2345 et
1820 2298 2045 2355 obstupuit
2066 2297 2140 2355 qui
2163 2296 2362 2342 diadema
2390 2294 2519 2354 regit.

1553 2375 1676 2418 Mane
1698 2373 1888 2418 revelata
1916 2371 1964 2415 m
1986 2371 2104 2430 regia
2125 2371 2238 2415 visio
2261 2375 2400 2426 grata,

1552 2447 1680 2492 Curia
1705 2444 1895 2495 laudata,
1915 2445 2023 2489 satis
2046 2449 2113 2488 est
2137 2442 2190 2486 ad
2210 2442 2334 2499 jussa
2352 2447 2519 2498 parata,

1608 2519 1768 2563 Coelica
1796 2517 2001 2560 mandata
2026 2522 2142 2561 stant
2166 2515 2334 2558 ratione
2357 2519 2468 2557 rata.
2548 2555 2551 2558 ,

1554 2591 1662 2634 Dum
1684 2602 1813 2646 super
1827 2588 2042 2646 Hispanos
2066 2589 2158 2632 vult
2177 2584 2360 2631 Carolus
2384 2597 2503 2630 arma
2525 2580 2687 2642 paral,

1554 2661 1690 2706 Caino
1712 2661 1832 2717 prior
1846 2661 2052 2704 comitum
2076 2658 2151 2702 dat
2174 2657 2403 2702 consilium
2425 2654 2604 2708 variari,

1610 2734 1661 2779 Et
1683 2735 1874 2791 requiem
1899 2733 2022 2790 petiit
2043 2738 2146 2777 tunc
2169 2743 2298 2786 super
2321 2740 2442 2777 arma
2467 2725 2578 2773 dari.

1555 2807 1664 2852 Hinc
1689 2807 1765 2860 ait,
1796 2818 1822 2850 o
1845 2798 2006 2857 Caesar,
2023 2815 2141 2850 nunc
2161 2804 2300 2848 imber
2315 2802 2502 2858 ctalgor
2519 2799 2752 2852 abundauit,

1555 2879 1752 2923 Flumina
1776 2883 1879 2922 sunt
1899 2876 2059 2932 valida,
2081 2876 2240 2934 pluvias
2264 2876 2467 2919 torrentis
2497 2872 2725 2924 inundant,

1611 2954 1834 3010 Asperitas
1858 2950 2017 2996 hiemis
2035 2955 2104 2996 ‘est
2127 2947 2360 2993 metuenda
2389 2946 2536 2991 nimis.

1555 3026 1726 3071 Parcite
1751 3024 2037 3083 principibus,
2056 3022 2224 3079 equites
2251 3019 2481 3065 hiemando
2505 3018 2745 3077 quieseant,

1555 3099 1754 3143 Flumina
1789 3096 2007 3149 deficiant,
2035 3095 2282 3152 glaciesque
2303 3094 2512 3151 nivesque
2537 3088 2798 3148 liquescant,
2857 3143 2861 3155 Α,

1614 3170 1726 3214 Solis
1749 3171 1792 3214 in
1816 3170 1971 3214 ardore
2002 3176 2102 3212 tune
2129 3175 2200 3210 tua
2226 3168 2350 3224 signa
2372 3176 2512 3211 move.

1559 3244 1605 3288 Si
1629 3244 1768 3301 placet
1793 3245 1955 3288 interea
1979 3243 2167 3298 legatum
2188 3241 2312 3285 mitte
2333 3244 2570 3299 potentem,

1558 3315 1642 3371 Qui
1663 3317 1808 3362 videat
1838 3318 1873 3362 si
1897 3315 2007 3366 sorte
2030 3323 2158 3373 queat
2180 3320 2434 3359 convertere
2458 3318 2648 3371 gentem,

1613 3388 1676 3434 Ne
1692 3398 1839 3447 pereat
1862 3389 2007 3446 gladio
2034 3389 2221 3432 maxima
2247 3388 2375 3431 turba
2399 3395 2489 3432 tuo.

1498 3474 1533 3517 Β
1557 3462 1723 3509 Mittere
1742 3453 2015 3520 magnificum
2038 3463 2200 3519 poteris
2224 3474 2301 3518 pro
2323 3472 2429 3517 pace
2454 3456 2717 3513 horandum,
2796 3479 2800 3484 ·

1556 3536 1662 3593 Ejus
1679 3548 1757 3594 ego
1781 3538 1979 3581 sermone
2002 3547 2103 3579 reor
2123 3535 2327 3590 populum
2351 3531 2658 3584 revocandum,
2706 3557 2710 3560 -

1613 3607 1660 3651 Si
1686 3620 1783 3651 cum
1810 3618 1915 3663 pacc
1932 3606 2063 3658 redit,
2082 3606 2177 3649 laus
2201 3604 2278 3648 tibi
2307 3602 2446 3658 major
2468 3601 2568 3646 erit.

1556 3683 1708 3727 Cessat
1724 3686 1770 3727 ut
1791 3681 1872 3724 iste
1891 3679 2026 3736 loqui,
2046 3678 2163 3722 ‘favet
2186 3674 2343 3733 inclyta
2365 3674 2487 3719 curia
2510 3673 2642 3724 votis,
2702 3717 2708 3721 ,

1611 3824 1674 3870 Ne
1698 3836 1776 3870 sua
1800 3823 2041 3868 mortiferis
2064 3822 2253 3866 traderet
2276 3832 2393 3863 arma
2419 3819 2543 3863 locis.
2573 3847 2576 3852 -

1559 3897 1720 3954 Surgit,
1744 3903 1787 3941 et
1816 3895 2038 3939 infremuit
2055 3895 2208 3951 plenus
2233 3891 2403 3936 feritate
2425 3888 2666 3946 Rolandus,

1556 3970 1687 4020 Dixit,
1711 3970 1767 4012 ob
1789 3968 1993 4012 invidiam
2019 3966 2179 4022 satagit
2201 3977 2270 4011 me
2289 3964 2460 4008 tradere
2481 3962 2661 4014 Gainus,

1610 4043 1730 4087 Mens
1754 4042 1929 4085 inimica
1954 4040 2072 4093 latet,
2094 4040 2183 4095 jam
2209 4037 2436 4082 maledicta
2458 4039 2622 4091 patent.
2693 4060 2698 4066 ·

1555 4114 1645 4167 ibo,
1670 4125 1750 4159 nec
1773 4112 2011 4162 horribiles
2031 4112 2193 4168 spernit
2217 4121 2312 4154 mea
2334 4105 2487 4152 dextra
2503 4104 2696 4159 labores,
2722 4143 2738 4146 .,
2768 4146 2772 4151 ,
2806 4126 2811 4131 ·
2843 4163 2845 4175 Ι

1558 4187 1691 4244 Spero
1716 4186 1831 4243 quod
1853 4183 2215 4244 imperiomultos
2233 4177 2467 4226 referemus
2489 4181 2694 4232 honores,

1613 4258 1677 4303 Sit
1698 4258 1813 4303 Deus
1837 4257 1880 4301 in
1901 4255 2061 4308 medio,
2086 4254 2172 4298 dut
2194 4265 2274 4298 sua
2290 4252 2414 4309 signa
2435 4255 2595 4296 movet.
2631 4272 2635 4276 -
2698 4280 2701 4285 -

1555 4330 1651 4375 Rex'
1666 4329 1790 4374 timet
1807 4333 2025 4379 eventum,
2049 4326 2358 4382 sunt'namque
2383 4317 2572 4382 perieuia
2599 4327 2809 4375 eentum,-
2840 4323 2842 4340 s

1556 4395 1701 4449 Turba
1720 4399 1880 4445 dueum
1903 4398 2139 4443 comitatur
2156 4408 2274 4449 eum,
2297 4398 2538 4453 coetusque
2552 4399 2802 4452 potentum..

1612 4473 1742 4517 Millia
1767 4479 1833 4517 ter
1853 4472 1964 4517 dena
1987 4478 2092 4515 tuuc
2113 4469 2238 4515 ducis
2255 4477 2408 4527 agmen
2429 4466 2540 4526 erat.-
2796 4482 2799 4484 ·
