2924 4588
259 159 573 212 *ὅπα

1193 159 1361 205 Amin
1388 157 1975 205 PnAEuoNsTnsTENsts

2795 157 2882 204 59⁶

324 254 532 311 appositis
567 251 892 297 medicamntis
914 246 992 295 vei·
1011 250 1262 297 custodiant
1298 264 1427 296 sanos
1445 283 1458 301 ,
1494 253 1562 293 vcl
1588 253 1625 298 Α
1648 250 2020 304 dixerim‚quibus
2032 245 2248 292 coenobita
2265 245 2444 302 quilibet
2465 245 2604 310 ipsum
2627 248 2779 294 animm
2798 263 2888 297 suae

322 325 554 368 restituant
576 334 728 378 aegros.
753 321 974 365 Medicinae
996 334 1170 378 quoque
1186 334 1335 368 eorum
1360 322 1566 370 custodiae

322 396 548 441 sanitatis.
573 401 628 438 §t
666 393 909 441 exntdsioni
933 394 1208 450 {egritudinis
1246 402 1560 450 competentes,

322 466 615 509 institutiones
636 469 736 508 sunt
757 472 985 523 eorum,et
1005 478 1211 519 canones,
1234 473 1319 511 tam
1338 466 1566 522 acquiren-

322 539 390 583 dis
411 539 659 590 virtutibus,
682 538 1038 594 multiplicandis,
1064 538 1373 583 conservandis
1388 570 1398 589 ,
1434 550 1562 594 quam

318 609 434 653 vitiis
448 615 490 653 et
501 609 671 653 delictis
683 615 812 665 atque
825 611 1013 665 peccatis
1026 609 1281 661 devitandis,
1299 609 1558 660 minuendis.

318 694 370 725 ae
395 682 658 737 exponendis
672 687 973 738 congruentes.
994 681 1098 734 Quae
1120 683 1323 726 nimirum
1341 682 1486 725 multae
1518 688 1561 725 et

317 754 447 798 variae
486 759 613 807 sunt;
654 754 754 810 quia
786 755 944 811 quibus
977 755 1204 799 obviandis
1236 755 1558 811 promulgandae

318 834 443 880 sunt,
492 826 770 884 aegritudines
825 827 1074 884 spirituales
1130 827 1278 872 multae
1329 835 1371 872 ct
1431 829 1558 872 varice

317 906 443 946 sunt-

369 971 420 1017 11.
450 971 686 1035 UnIversas¹
702 978 844 1017 autem
871 972 1052 1018 virtutes
1072 985 1159 1022 una
1185 973 1327 1019 virtus
1351 973 1557 1019 obedien·

311 1046 385 1090 tiae
406 1051 586 1090 exornat
614 1051 655 1090 et
679 1046 879 1100 roborat;
918 1046 1174 1102 multiplicat
1203 1052 1246 1092 et
1286 1047 1552 1101 sanctiticat;

312 1118 554 1162 circumdat
576 1124 618 1162 et
642 1125 882 1175 perpetuat.
918 1118 1109 1162 Exornat
1132 1131 1209 1175 per
1238 1118 1438 1164 decorem
1454 1152 1466 1172 ,
1484 1133 1555 1163 ro-

309 1189 437 1235 borat
458 1190 512 1235 ad
531 1190 827 1235 fortitudinem
845 1207 856 1244 ;
873 1193 1132 1249 multiplicat
1142 1193 1195 1236 ad
1215 1194 1527 1237 incrementum
1539 1225 1551 1244 ,

310 1262 552 1308 sanctificat
573 1263 626 1307 ad
649 1264 878 1318 meritum;
903 1264 1143 1309 circumdat
1163 1264 1219 1308 ad
1247 1265 1552 1319 securitatem;

310 1341 539 1393 perpetuat
579 1336 630 1380 ad
663 1337 1046 1382 immortalitatem.
1086 1337 1207 1383 Hane
1252 1338 1443 1395 profecto
1458 1371 1470 1390 ‚
1501 1351 1554 1383 ex

308 1420 394 1466 qua
411 1414 661 1454 caeterarum
675 1409 829 1465 pendet
843 1403 1007 1454 fructus
1021 1411 1246 1463 virtutum,
1267 1423 1360 1463 vos,
1377 1409 1551 1462 fratrem

307 1480 428 1526 Patri
463 1487 608 1528 vestro
640 1482 926 1539 promisistis,
965 1483 1078 1526 sicut
1130 1482 1175 1525 in
1214 1494 1455 1536 sermone,
1478 1483 1553 1539 qui

307 1554 424 1598 bunc
450 1554 643 1610 proxime
667 1554 919 1611 praecessit,
957 1554 1256 1599 revocavimus
1290 1553 1345 1597 ad
1389 1564 1553 1598 memo·

307 1627 417 1670 riam
432 1626 570 1671 vobis.
599 1625 700 1672 Sine
725 1639 808 1682 qua
826 1627 1115 1683 promissione
1139 1626 1286 1672 nullus
1310 1626 1554 1670 eoenobita-

305 1711 403 1746 rum
425 1699 567 1746 vivere
591 1699 733 1751 debet,
761 1699 862 1756 quia
880 1699 973 1744 sine
995 1712 1045 1743 ea
1066 1712 1196 1744 verus
1218 1713 1316 1745 esse
1337 1702 1551 1762 coenobita
1586 1744 1589 1747 ,

304 1773 552 1818 nullatenus
576 1773 703 1819 valet.
728 1773 832 1826 Quae
858 1779 1001 1819 tanien
1024 1774 1110 1818 illis
1136 1773 1298 1817 dudum
1314 1806 1327 1826 ,
1364 1774 1437 1830 qui
1469 1776 1551 1820 sub

303 1847 388 1891 levi
411 1851 453 1890 et
478 1845 600 1891 suavi
619 1846 724 1903 jugo
747 1846 968 1902 religionis
1007 1847 1119 1890 colla
1151 1846 1460 1899 subdiderunt,
1497 1861 1550 1892 ex

304 1919 564 1963 necessitate
592 1918 792 1974 imposita
814 1918 1029 1970 nonfuit,
1071 1919 1171 1976 quia
1207 1919 1369 1963 bonum
1404 1921 1461 1964 ab
1485 1921 1550 1966 eis

301 1991 560 2037 obedientiae
577 1991 823 2047 superiores
843 1990 908 2035 sui
926 1992 1098 2047 exigere
1115 2003 1294 2036 necesse
1312 2005 1400 2036 non
1415 1993 1549 2038 habe·-

300 2063 406 2106 bant
432 2061 521 2114 ;-de
545 2063 700 2119 quibus
722 2062 946 2107 constabat
967 2076 1047 2120 pro
1065 2069 1201 2116 certo,
1225 2064 1350 2120 quod
1370 2065 1476 2109 illud
1505 2071 1549 2111 ct

302 2136 467 2192 ubsque
498 2124 786 2194 promissione
808 2137 951 2193 aliqua
972 2137 1155 2181 viriliter
1177 2149 1228 2181 ac
1266 2149 1547 2192 perseveran-

299 2215 371 2256 ter
403 2222 605 2254 exercere
641 2211 779 2268 parati
817 2216 954 2254 erant.
992 2209 1129 2262 Quam
1167 2210 1326 2256 multos
1365 2210 1548 2272 legimus

299 2280 459 2326 etenim
498 2282 540 2328 in
584 2282 655 2325 illa
692 2281 854 2326 dudum
886 2282 1142 2338 antiquitate
1175 2283 1376 2340 religiosa
1409 2283 1546 2326 admi-

299 2354 446 2399 randae
469 2354 603 2399 fuisse
620 2355 798 2400 virtutis
818 2355 934 2400 viros
960 2372 968 2399 ε
995 2355 1115 2399 nullo
1138 2354 1313 2411 quidem
1331 2388 1343 2407 ‚
1380 2362 1427 2400 ut
1453 2356 1543 2400 suis
1566 2378 1599 2425 C

299 2426 548 2471 exhiberent
569 2429 755 2483 praelatis
782 2417 1103 2479 obedientiam,
1125 2428 1427 2483 promissionis
1450 2429 1545 2473 vin-

298 2499 396 2544 culo
430 2501 664 2557 obligatos·
690 2513 860 2548 omnem
885 2508 1028 2547 tamen
1050 2500 1324 2551 latitudinem
1356 2493 1545 2546 ebarita-

298 2572 372 2624 tis,
397 2580 438 2623 et
459 2572 667 2618 fervorem
694 2575 774 2630 pioe
806 2574 1067 2628 devotionis,
1093 2575 1277 2632 singulis
1314 2575 1410 2631 ejus
1439 2588 1543 2620 con·

298 2647 466 2690 seensls
500 2646 722 2708 gradibus,
751 2646 958 2703 usquead
980 2647 1119 2704 ipsum
1155 2648 1252 2692 vitae
1275 2659 1364 2699 suae
1395 2650 1544 2692 termi-

297 2728 400 2768 num
423 2718 624 2762 ardenter
645 2724 687 2763 et
709 2718 937 2763 efficaciter
957 2720 1218 2776 exsecutos?
1240 2718 1359 2777 (507)
1383 2718 1542 2764 Verum

297 2794 524 2853 postquam
563 2791 882 2836 multitudinem
922 2792 1182 2837 humilitatis
1229 2793 1312 2838 iste
1353 2794 1543 2838 exterior

297 2860 469 2905 habitus
503 2863 636 2914 texit,
691 2862 991 2920 religiosorum
1034 2877 1207 2921 quoque
1246 2877 1331 2909 non
1371 2865 1542 2910 modica

296 2934 491 2994 paucitas
509 2937 706 2992 apparuit
731 2952 741 2980 ε
768 2938 867 2993 quia
886 2937 931 2981 in
956 2946 1189 2994 conspectu
1209 2938 1380 2995 quidem
1399 2939 1542 2983 homi-

295 3018 423 3057 num,
448 3007 761 3051 coenobitarum
800 3021 853 3052 ex
886 3014 989 3053 tune
1027 3009 1109 3053 suit
1141 3023 1350 3056 numerus
1374 3012 1538 3068 major3

296 3078 371 3122 sed
407 3085 506 3124 ante
537 3081 753 3141 occultum
793 3082 912 3125 illum
956 3082 1247 3140 Inspectorem
1287 3085 1539 3130 ctenobialis

295 3152 490 3195 exercitii
513 3152 719 3208 perfectio
742 3154 883 3198 minor
899 3170 918 3200 ,ε
943 3155 1067 3211 juxta
1091 3154 1196 3199 illud
1222 3156 1358 3201 lsaiae.
1391 3157 1541 3201 Multi·

294 3223 463 3278 plia-asti
494 3234 680 3280 gentem,
703 3234 741 3269 et
778 3239 860 3269 non
883 3229 1164 3284 maqnificasti
1200 3229 1393 3272 loetitiam
1429 3230 1535 3287 (Iso.

295 3307 367 3347 ix,
391 3292 453 3351 5).
478 3294 538 3337 Ex
568 3295 649 3340 hoe
671 3297 864 3352 profecto
900 3298 1046 3343 dicere
1082 3299 1188 3354 suit,
1216 3302 1330 3356 quod
1368 3301 1539 3358 cappati

294 3366 436 3418 multi,
463 3367 660 3411 canonici
683 3368 759 3412 sed
782 3370 929 3425 pauoi;
950 3372 1076 3426 pauci
1099 3371 1328 3417 admodum
1361 3375 1404 3416 in
1443 3387 1539 3429 per-

1646 321 1827 365 ineurrit
1847 320 2171 368 detrimentum,
2208 318 2294 362 nisi
2323 318 2363 363 ei
2393 317 2524 362 fuerit
2550 331 2628 375 per
2651 322 2887 369 remedium

1643 392 1908 446 poenitentiae
1922 390 2196 435 subventum.

1698 462 1768 507 ΙΙΙ.
1803 462 1867 505 Ad
1893 462 1983 505 haee
2006 460 2184 505 vulnera
2219 467 2361 505 autem
2394 469 2438 506 et
2471 465 2750 520 praecavenda
2787 477 2887 511 cum

1645 538 1819 589 desunt,
1845 542 1888 581 et
1928 535 2118 579 sananda
2151 548 2246 579 eum
2279 535 2463 589 adsunt,
2495 538 2747 587 obedientiae
2781 553 2886 597 pro-

1642 608 1873 652 missiones
1896 607 2035 650 sancti
2047 606 2196 650 Patres
2211 605 2448 652 medicinas
2466 617 2750 664 congruentes
2763 623 2888 668 repex-

1641 685 1790 724 rerunt
1813 685 1892 724 :ut
1920 678 2092 735 plenam
2123 678 2230 734 ipsis
2265 678 2554 724 mediantibus
2585 681 2886 728 auctoritatem

1639 753 1847 795 haberent
1882 750 2104 802 seniores,
2138 756 2181 794 et
2218 751 2412 807 tepidos,
2439 765 2494 796 ne
2526 766 2579 796 ex
2614 759 2705 797 toto
2729 766 2887 812 conge-

1638 827 1868 876 lascerent,
1897 822 2209 878 reaccendere;
2235 830 2278 868 et
2303 831 2528 877 nutantes,
2561 839 2615 869 nc
2646 834 2884 873 retrorsum

1636 903 1830 950 ruerent,
1853 897 2055 942 retinere.
2083 895 2288 942 videntes
2311 897 2525 953 siquidem
2550 900 2730 943 multum
2756 901 2886 958 huius

1637 969 1925 1015 multitudinis
1962 975 2177 1028 teporem;
2221 968 2419 1015 videntes
2449 977 2493 1017 et
2529 972 2881 1030 instabilitatem,

1635 1043 1891 1099 priusquam
1924 1042 2152 1103 eixlieeret
2188 1054 2240 1086 ex
2277 1049 2368 1086 toto
2392 1043 2587 1100 ingredi,
2627 1057 2652 1089 a
2683 1046 2887 1102 pulsante

1635 1117 1776 1160 adhuc
1799 1116 2053 1159 obedientiae
2074 1120 2340 1159 censuerunt
2362 1116 2675 1172 promissiones
2705 1118 2877 1174 crigen-

1635 1189 1713 1235 das
1751 1206 1761 1236 :
1793 1195 1840 1233 ut
1878 1190 1980 1234 dum
2011 1190 2190 1247 prasiato
2228 1202 2310 1235 suo
2346 1191 2391 1233 in
2429 1191 2603 1235 Christo
2639 1191 2884 1235 obedientia

1635 1260 1846 1317 usquead
1862 1268 2042 1307 mortem
2068 1262 2298 1317 promissa,
2326 1262 2514 1318 propriis
2538 1274 2583 1306 se
2610 1263 2774 1307 videret
2795 1275 2885 1308 οω-

1635 1335 1783 1380 nobita
1806 1334 2082 1379 sermonibus
2108 1340 2278 1391 captum
2296 1369 2309 1388 ,
2333 1335 2521 1379 maxima
2554 1336 2638 1382 sibi
2672 1337 2803 1381 sciret
2838 1336 2884 1383 in

1635 1410 1777 1452 anima
1799 1420 1878 1452 sua
1901 1407 2125 1452 imminere
2147 1407 2422 1460 detrimenta,
2449 1407 2485 1452 si
2507 1420 2595 1452 non
2620 1420 2699 1453 sua
2723 1403 2883 1455 redde?

1634 1488 1698 1525 ret
1720 1485 1817 1525 vota
1835 1514 1847 1533 ,
1885 1493 1981 1537 quac
2003 1481 2153 1524 bacin
2178 1487 2300 1537 parte
2333 1480 2627 1526 distinxerunt
2659 1481 2772 1525 labia
2803 1493 2882 1534 atta

1631 1553 1772 1611 (Psal.
1797 1567 1896 1607 bxv,
1925 1555 2012 1612 Μ).
2042 1553 2136 1598 Non
2173 1555 2312 1599 solum
2336 1559 2507 1605 autem,
2543 1554 2618 1600 sed
2652 1561 2694 1600 et
2732 1566 2883 1602 eorum

1630 1629 1911 1672 nihilominus
1940 1627 2102 1673 scirent
2124 1627 2290 1685 praelati
2319 1633 2362 1673 et
2395 1627 2583 1673 fervidos
2614 1627 2770 1679 debere
2805 1638 2884 1682 eos

1632 1713 1889 1748 conservare
1906 1735 1917 1754 ,
1946 1714 1999 1745 ne
2028 1707 2325 1757 tepescerent,
2351 1714 2463 1758 quos
2491 1701 2744 1758 promisisse
2778 1701 2882 1747 obe·

1630 1773 1836 1820 dientiam
1872 1773 1917 1816 in
1940 1772 2118 1818 Christo
2151 1785 2239 1825 non
2264 1773 2546 1830 ignorabant,
2582 1780 2623 1818 et
2661 1773 2882 1819 radicatos

1631 1847 1842 1898 stabilire,
1863 1859 1920 1891 ne
1941 1853 2266 1899 evanescerent,
2287 1858 2398 1904 quos
2422 1854 2464 1890 ct
2493 1846 2689 1893 eamdem
2706 1845 2881 1903 promi·-

1630 1918 1742 1964 sisse
1762 1919 2050 1964 obedientiam
2071 1919 2113 1961 in
2137 1917 2312 1963 Christo
2335 1931 2472 1975 usque
2493 1919 2545 1963 ad
2570 1925 2752 1963 mortem
2775 1920 2882 1969 scie-

1631 1992 1752 2036 bant.
1779 1991 1912 2050 Igitur
1929 2003 1983 2035 ne
2018 1990 2101 2035 tibi
2132 1997 2284 2048 putes,
2312 1991 2545 2053 fretai-mi,
2580 1992 2710 2035 licere
2741 1991 2808 2036 vel
2834 1991 2879 2035 in

1627 2066 1746 2116 loco,
1774 2066 1843 2108 cui
1865 2072 1906 2109 te
1930 2064 2140 2108 tradendo
2179 2065 2372 2108 obtulisti
2409 2070 2451 2108 et
2491 2064 2707 2108 offerendo
2745 2064 2880 2113 tradi-

1627 2138 1755 2191 disti,
1780 2139 1923 2196 tepide
1947 2151 2122 2183 manere
2148 2154 2159 2183 z
2184 2140 2276 2191 vel,
2300 2151 2398 2182 cum
2422 2137 2577 2188 velles,
2605 2138 2876 2191 sanctitatis,

1628 2222 1757 2267 quam
1781 2223 1982 2258 exercere
2006 2222 2238 2267 aggressus
2270 2221 2319 2254 cs
2336 2242 2347 2260 ,
2375 2210 2610 2254 novit-atem
2642 2209 2875 2262 deserere,

1627 2284 1740 2329 hanc
1764 2297 1789 2328 a
1821 2291 1864 2329 te
1888 2285 2003 2330 scias
2027 2283 2183 2327 factam
2208 2284 2569 2340 promissionem,
2612 2283 2737 2339 cuius
2770 2296 2877 2327 con-

1628 2359 1808 2403 strictus
1826 2370 1874 2403 es
1897 2364 1996 2402 voto
2017 2358 2294 2403 obediturum
2312 2363 2355 2402 tc
2374 2357 2493 2401 Patri
2511 2365 2600 2411 tuo,
2626 2363 2670 2403 et
2690 2356 2736 2402 in
2754 2355 2879 2409 Chris

1625 2437 1710 2483 sto,
1736 2437 1778 2475 et
1802 2443 1939 2487 usque
1960 2430 2012 2475 ad
2037 2439 2233 2476 mortem.

1681 2504 1750 2549 tv.
1779 2504 1870 2559 Sed,
1886 2512 1980 2550 esto
2016 2521 2025 2549 ε
2053 2504 2146 2550 btcc
2169 2505 2397 2551 custodisti
2424 2504 2478 2548 ab
2515 2505 2609 2562 ipsa
2643 2504 2749 2548 hora
2775 2515 2878 2560 pro-

1624 2575 1846 2621 missionis
1871 2582 1972 2628 tuae,
1996 2587 2180 2620 currens
2200 2577 2312 2620 bene
2332 2577 2378 2620 in
2398 2576 2470 2620 via
2492 2575 2602 2627 hac,
2628 2575 2875 2639 nccadhuc

1624 2649 1753 2695 hodie
1775 2650 1970 2699 declinas
2004 2649 2057 2693 ad
2080 2649 2305 2700 dextram,
2345 2649 2415 2693 vel
2448 2648 2502 2692 ad
2539 2648 2781 2693 sinistram.
2822 2646 2891 2694 Et*

1623 2735 1726 2768 ecce
1747 2724 1912 2778 cogitas
1934 2738 1945 2768 ε
1970 2715 2156 2768 Promisi
2181 2722 2470 2767 obedientiam
2487 2721 2605 2764 Patri
2623 2732 2717 2766 meo
2736 2734 2874 2777 usque

1624 2796 1679 2843 ad
1701 2804 1899 2847 mortem.
1925 2795 2059 2853 Cujus
2079 2797 2287 2844 mortem?
2313 2795 2412 2840 Sive
2431 2807 2589 2848 meam,
2610 2797 2701 2840 sive
2719 2795 2869 2847 illius:

1623 2881 1712 2913 non
1733 2868 1868 2913 nimis.
1886 2870 2138 2913 conturbor.
2163 2867 2208 2912 Si
2229 2869 2519 2925 supervixerit
2539 2869 2662 2921 mihi,
2685 2881 2772 2912 non
2795 2882 2871 2927 po·

1622 2947 1742 2995 tero,
1789 2943 1981 2999 quandiu
2033 2943 2209 2994 vixero,
2249 2943 2302 2986 ab
2343 2942 2619 2994 obedientiis,
2665 2954 2792 2999 quam
2830 2943 2870 2987 ei

1622 3017 1827 3072 promisi,
1845 3018 1949 3073 iugo
1981 3017 2180 3061 relaxari.
2205 3016 2250 3059 Si
2279 3026 2424 3061 autem
2452 3017 2511 3060 illi
2537 3029 2617 3072 ego
2643 3015 2765 3060 suero
2796 3029 2871 3059 su*

1623 3095 1805 3145 persius,
1826 3089 2004 3145 lar-tabor
2026 3089 2278 3133 obedientia:
2299 3100 2529 3133 excussum
2551 3100 2572 3130 a
2598 3088 2704 3132 meis
2728 3088 2870 3132 cervi-

1621 3163 1743 3209 cibus
1754 3163 1902 3220 jugum
1917 3178 1929 3217 ;
1944 3164 2060 3219 quia,
2080 3162 2152 3219 qui
2172 3169 2368 3206 mortuus
2385 3168 2465 3212 est,
2486 3161 2553 3204 cui
2570 3159 2746 3215 promisi
2765 3159 2870 3204 obe-

1621 3236 1850 3288 dientiam,
1892 3237 1983 3293 ipsc
2026 3236 2145 3281 sulus
2183 3242 2262 3278 est.
2303 3233 2397 3276 Jam
2433 3234 2485 3277 de
2525 3241 2679 3278 caetero
2717 3239 2866 3287 potero

1621 3321 1890 3363 meusesse3
1917 3309 2018 3365 quia
2066 3321 2180 3352 unus
2214 3307 2411 3362 idemque
2433 3312 2499 3350 est
2525 3307 2647 3355 sinis,
2674 3311 2716 3349 et
2739 3317 2865 3364 quem

1622 3384 1830 3437 promisi,
1855 3383 2124 3433 obedientiae,
2158 3388 2199 3426 et
2220 3383 2317 3425 vit-2⁷0
2337 3393 2426 3423 sure
2476 3379 2509 3423 Ο
2533 3393 2627 3436 quae
2652 3387 2693 3423 ct
2726 3379 2865 3435 qualis

295 3437 480 3484 sectione
501 3442 697 3486 viventes
721 3444 982 3497 monachali,
1010 3445 1280 3502 multiplicati
1299 3452 1441 3491 tamen
1463 3461 1537 3490 su·
1563 3448 1596 3490 Ι)
1620 3454 1711 3498 ιιωρ,
1730 3455 1932 3510 cogitatio
1949 3456 2043 3497 tua!
2071 3454 2228 3506 Quidni
2254 3455 2490 3508 spiritualis
2515 3453 2738 3510 cujusdam
2762 3453 2865 3496 inte

293 3522 371 3566 per
418 3525 641 3557 numerum
688 3516 904 3559 cucullati.
948 3514 1145 3574 Suscepit
1179 3533 1349 3575 quoquc
1385 3534 1533 3566 omnes

295 3584 536 3635 coenobium
557 3618 568 3637 ,
597 3586 708 3631 sicut
730 3594 773 3632 et
792 3589 920 3638 modo
943 3591 1140 3646 suscipit,
1167 3592 1219 3636 ad
1253 3593 1390 3637 instar
1418 3596 1532 3641 illius

296 3667 463 3711 sagenae
482 3660 736 3716 evangelicae
753 3674 840 3728 ,ex
871 3663 990 3706 omni
1016 3672 1171 3720 genere
1202 3667 1382 3721 piscium
1406 3669 1534 3726 320

295 3730 597 3785 congregantis
621 3730 789 3787 (Matth.
822 3746 900 3776 xiii
917 3769 928 3787 ‚
947 3735 1019 3792 47)
1048 3750 1057 3778 ε
1081 3743 1121 3781 et
1146 3738 1257 3781 sicut
1291 3740 1332 3782 in
1374 3742 1532 3786 misero

296 3803 339 3841 et
374 3800 602 3845 miserabili
639 3804 721 3847 hoe
757 3811 950 3862 tempore
984 3809 1251 3856 incessanter
1287 3814 1535 3870 contingere

295 3870 490 3917 videmus
507 3906 518 3922 ,
545 3882 617 3917 aut
649 3877 692 3919 in
727 3885 918 3934 tempore
941 3883 1164 3926 teterrimo
1192 3897 1343 3940 segnes
1375 3889 1533 3941 tenuit,

298 3951 369 3986 aut
394 3945 435 3986 in
459 3944 592 4001 frigus
611 3948 835 4002 pristinum
854 3954 1076 4009 prolapsos
1093 3958 1295 4001 evomult.
1315 3958 1364 4002 Et
1381 3960 1535 4003 exinde

298 4016 385 4061 illis
407 4017 491 4061 duo
515 4020 735 4064 horribilia
761 4023 871 4066 mala
896 4025 1010 4079 baee3
1037 4028 1168 4083 quod,
1200 4031 1298 4085 quia
1333 4031 1536 4075 ohedien-

298 4087 403 4132 tiam
438 4090 528 4134 suis
557 4093 741 4146 praelatis
764 4107 808 4138 se
835 4097 1082 4151 promisisse
1103 4113 1189 4143 non
1222 4103 1444 4154 sciebant,
1483 4105 1535 4146 li-

298 4170 395 4202 cere
418 4160 498 4204 sibi
531 4163 595 4205 vel
631 4165 672 4206 in
698 4173 867 4221 arrepto
891 4171 1111 4224 proposito
1148 4175 1327 4218 remisse
1362 4175 1528 4227 vivere,

299 4233 365 4274 vel
389 4232 490 4276 illud
510 4246 588 4290 pro
611 4236 734 4280 libito
758 4238 955 4283 deserere
977 4244 1200 4298 putabant.
1234 4245 1287 4288 Et
1319 4247 1430 4290 mala
1465 4249 1532 4291 ui-

259 4319 262 4322 *
300 4305 455 4348 mirum
477 4307 585 4360 ista,
606 4310 730 4365 quasi
764 4312 958 4366 quaedam
986 4316 1207 4361 mortifera
1239 4319 1323 4363 duo
1353 4321 1531 4373 vulnera

1618 3528 1810 3574 vulneris
1834 3529 2007 3572 occasio
2040 3527 2147 3570 fuit?
2178 3526 2291 3569 inter
2315 3527 2477 3571 nicdias
2510 3528 2667 3582 quippe
2701 3524 2863 3580 antiqui

1619 3603 1755 3647 hostis
1778 3603 1976 3654 insidias,
1999 3603 2175 3659 sagittas
2203 3602 2398 3646 videlicet
2419 3603 2513 3657 ejus
2531 3603 2704 3659 ignitas.
2726 3602 2769 3644 in
2785 3595 2863 3645 hae

1620 3677 1704 3718 vita
1730 3677 1958 3730 inceditur,
1985 3688 2009 3717 a
2026 3688 2209 3732 quarum
2235 3676 2391 3726 ictibus
2419 3676 2564 3719 nullus
2587 3663 2767 3731 prorsus
2796 3678 2862 3716 tu-

1620 3755 1688 3792 tus
1728 3748 1925 3800 efficitur,
1963 3749 2037 3803 qui
2071 3748 2325 3791 obedientia}
2357 3748 2505 3804 clypeo
2542 3759 2629 3791 non
2653 3747 2859 3809 munitur,

1617 3819 1768 3865 Nullus
1790 3821 1948 3867 etenim
1981 3826 2074 3872 est,
2100 3832 2153 3863 ac
2175 3832 2250 3876 per
2274 3820 2355 3863 hoc
2388 3819 2442 3863 ad
2468 3831 2515 3868 se
2545 3817 2860 3864 defendendum

1615 3894 1728 3949 inter
1760 3893 1942 3950 sagittas
1976 3892 2148 3938 easdem
2171 3894 2316 3937 nullus
2347 3900 2437 3947 cst·,
2461 3905 2559 3936 nam
2592 3891 2859 3935 Advocatum

1616 3969 1699 4006 non
1726 3964 1870 4015 habet,
1891 3964 1992 4007 dum
2013 3964 2083 4007 cui
2106 3963 2296 4015 obediat,
2313 3963 2482 4008 Patrem
2499 3963 2742 4007 nonhabet.
2764 3961 2859 4005 Seis

1616 4036 1730 4090 quod
1743 4047 1930 4091 carpens,
1945 4037 2026 4079 iter
2040 4049 2166 4080 suum
2181 4037 2320 4083 viator
2332 4049 2461 4092 super
2473 4036 2646 4080 domino
2661 4047 2738 4079 suo
2754 4040 2882 4083 eon-J·

1616 4108 1751 4151 veniri
1789 4109 2040 4165 plerumque
2064 4109 2117 4159 ab
2134 4109 2462 4152 occursantibus
2483 4109 2615 4158 solet,
2644 4108 2771 4162 eique
2804 4105 2858 4149 ab

1615 4181 1679 4226 eis
1699 4181 1807 4225 solet
1830 4181 1912 4225 hoc
1934 4181 2060 4226 modo
2082 4182 2169 4227 dici
2189 4198 2198 4225 :
2221 4181 2355 4236 Cujits
2375 4194 2421 4225 es
2455 4181 2669 4224 famulus?
2695 4178 2856 4232 ,Audito

1615 4266 1786 4309 quoque
1802 4254 2010 4298 vocabulo
2027 4254 2191 4308 domini
2208 4254 2292 4303 sui,
2315 4267 2401 4309 quo
2418 4253 2556 4309 magis
2579 4252 2854 4297 honorandus

1615 4328 1880 4379 agnoscitur,
1899 4339 1951 4374 eo
1971 4329 2112 4384 magis
2130 4333 2173 4377 et
2194 4327 2355 4372 famulo
2372 4327 2578 4380 defertur.
2619 4327 2671 4370 Et
2704 4327 2746 4369 in
2769 4336 2875 4388 qne⁷

357 4446 470 4505 (507)
498 4449 599 4494 Vide
622 4451 658 4495 si
691 4454 825 4508 placet
851 4469 944 4512 quae
964 4458 1045 4502 bac
1077 4458 1128 4504 de
1162 4473 1207 4505 rc
1247 4468 1505 4509 annotantur
1528 4465 1779 4520 anui-ioan.
1804 4466 1999 4513 Cassum.
2025 4467 2100 4515 lib.
2128 4481 2186 4514 iv.
2203 4467 2342 4524 lusa,
2364 4479 2456 4526 cap.
2477 4470 2544 4514 53.
