<?xml version="1.0" encoding="UTF-8"?>
<!DOCTYPE html PUBLIC "-//W3C//DTD XHTML 1.0 Transitional//EN"
    "http://www.w3.org/TR/xhtml1/DTD/xhtml1-transitional.dtd">
<html xmlns="http://www.w3.org/1999/xhtml" xml:lang="en" lang="en">
 <head>
  <title>
</title>
<meta http-equiv="Content-Type" content="text/html;charset=utf-8" />
  <meta name='ocr-system' content='tesseract 3.04.00' />
  <meta name='ocr-capabilities' content='ocr_page ocr_carea ocr_par ocr_line ocrx_word'/>
</head>
<body>
  <div class='ocr_page' id='page_1' title='image "./patrologiaecursu00hammuoft_0654.png"; bbox 0 0 2924 4588; ppageno 0'>
   <div class='ocr_carea' id='block_1_1' title="bbox 262 103 371 190">
    <p class='ocr_par' dir='ltr' id='par_1_1' title="bbox 262 103 371 190">
     <span class='ocr_line' id='line_1_1' title="bbox 262 103 371 148; baseline 0.018 -2"><span class='ocrx_word' id='word_1_1' title='bbox 262 103 371 148; x_wconf 71' lang='lat'>¹295</span> 
     </span>
     <span class='ocr_line' id='line_1_2' title="bbox 263 168 280 190; baseline 0 0"><span class='ocrx_word' id='word_1_2' title='bbox 263 168 280 190; x_wconf 61' lang='grc' dir='ltr'>ἱ</span> 
     </span>
    </p>
   </div>
   <div class='ocr_carea' id='block_1_2' title="bbox 228 257 1510 2053">
    <p class='ocr_par' dir='ltr' id='par_1_2' title="bbox 228 257 1510 1338">
     <span class='ocr_line' id='line_1_3' title="bbox 256 257 1510 319; baseline -0.004 -8"><span class='ocrx_word' id='word_1_3' title='bbox 256 269 380 311; x_wconf 86' lang='lat' dir='ltr'>dians</span> <span class='ocrx_word' id='word_1_4' title='bbox 407 266 598 310; x_wconf 77' lang='lat' dir='ltr'><strong>solvebat</strong></span> <span class='ocrx_word' id='word_1_5' title='bbox 627 264 709 308; x_wconf 84' lang='lat' dir='ltr'>sibi</span> <span class='ocrx_word' id='word_1_6' title='bbox 735 257 1094 314; x_wconf 69' lang='lat' dir='ltr'>cmceameiitum,</span> <span class='ocrx_word' id='word_1_7' title='bbox 1121 262 1384 319; x_wconf 70' lang='lat' dir='ltr'>quandoque</span> <span class='ocrx_word' id='word_1_8' title='bbox 1407 276 1510 306; x_wconf 78' lang='lat' dir='ltr'>vero</span> 
     </span>
     <span class='ocr_line' id='line_1_4' title="bbox 256 336 1510 392; baseline -0.002 -9"><span class='ocrx_word' id='word_1_9' title='bbox 256 342 413 383; x_wconf 84' lang='lat' dir='ltr'>mulier</span> <span class='ocrx_word' id='word_1_10' title='bbox 436 339 628 382; x_wconf 82' lang='lat' dir='ltr'>solvebat</span> <span class='ocrx_word' id='word_1_11' title='bbox 652 338 708 384; x_wconf 81' lang='lat' dir='ltr'>ei.</span> <span class='ocrx_word' id='word_1_12' title='bbox 742 337 1003 392; x_wconf 83' lang='lat' dir='ltr'>quandoque</span> <span class='ocrx_word' id='word_1_13' title='bbox 1039 337 1107 379; x_wconf 86' lang='lat' dir='ltr'>vir</span> <span class='ocrx_word' id='word_1_14' title='bbox 1140 338 1212 391; x_wconf 85' lang='lat' dir='ltr'>qui</span> <span class='ocrx_word' id='word_1_15' title='bbox 1244 336 1510 391; x_wconf 87' lang='lat' dir='ltr'>suscipiebat</span> 
     </span>
     <span class='ocr_line' id='line_1_5' title="bbox 255 398 1507 466; baseline -0.001 -11"><span class='ocrx_word' id='word_1_16' title='bbox 255 426 368 457; x_wconf 76' lang='lat' dir='ltr'>eam.</span> <span class='ocrx_word' id='word_1_17' title='bbox 394 411 477 456; x_wconf 87' lang='lat' dir='ltr'>Sed</span> <span class='ocrx_word' id='word_1_18' title='bbox 517 398 776 466; x_wconf 67' lang='lat' dir='ltr'>tucunque</span> <span class='ocrx_word' id='word_1_19' title='bbox 809 410 939 452; x_wconf 89' lang='lat' dir='ltr'>modo</span> <span class='ocrx_word' id='word_1_20' title='bbox 978 409 1115 458; x_wconf 80' lang='lat' dir='ltr'>lieret,</span> <span class='ocrx_word' id='word_1_21' title='bbox 1151 411 1194 452; x_wconf 92' lang='lat' dir='ltr'>in</span> <span class='ocrx_word' id='word_1_22' title='bbox 1228 411 1507 466; x_wconf 87' lang='lat' dir='ltr'>opprobrium</span> 
     </span>
     <span class='ocr_line' id='line_1_6' title="bbox 256 482 1505 542; baseline -0.001 -12"><span class='ocrx_word' id='word_1_23' title='bbox 256 486 407 542; x_wconf 75' lang='lat' dir='ltr'>refugii</span> <span class='ocrx_word' id='word_1_24' title='bbox 432 491 583 527; x_wconf 85' lang='lat' dir='ltr'>contra</span> <span class='ocrx_word' id='word_1_25' title='bbox 612 485 745 538; x_wconf 78' lang='lat' dir='ltr'>legem</span> <span class='ocrx_word' id='word_1_26' title='bbox 771 484 927 526; x_wconf 89' lang='lat' dir='ltr'>domus</span> <span class='ocrx_word' id='word_1_27' title='bbox 950 482 1046 537; x_wconf 87' lang='lat' dir='ltr'>ejus</span> <span class='ocrx_word' id='word_1_28' title='bbox 1081 482 1321 535; x_wconf 84' lang='lat' dir='ltr'>dicebatur,</span> <span class='ocrx_word' id='word_1_29' title='bbox 1349 484 1505 529; x_wconf 82' lang='lat' dir='ltr'>domus</span> 
     </span>
     <span class='ocr_line' id='line_1_7' title="bbox 253 555 1505 611; baseline -0.003 -8"><span class='ocrx_word' id='word_1_30' title='bbox 253 558 519 603; x_wconf 87' lang='lat' dir='ltr'>discalceati.</span> <span class='ocrx_word' id='word_1_31' title='bbox 547 557 600 599; x_wconf 88' lang='lat' dir='ltr'>Et</span> <span class='ocrx_word' id='word_1_32' title='bbox 636 557 695 598; x_wconf 88' lang='lat' dir='ltr'>ait</span> <span class='ocrx_word' id='word_1_33' title='bbox 734 555 847 598; x_wconf 90' lang='lat' dir='ltr'>Booz</span> <span class='ocrx_word' id='word_1_34' title='bbox 888 556 1172 599; x_wconf 89' lang='lat' dir='ltr'>astantibus:</span> <span class='ocrx_word' id='word_1_35' title='bbox 1216 570 1229 596; x_wconf 74' lang='grc' dir='ltr'>ι</span> <span class='ocrx_word' id='word_1_36' title='bbox 1259 555 1400 611; x_wconf 71' lang='lat' dir='ltr'>Huius</span> <span class='ocrx_word' id='word_1_37' title='bbox 1443 556 1505 600; x_wconf 87' lang='lat' dir='ltr'>rei</span> 
     </span>
     <span class='ocr_line' id='line_1_8' title="bbox 252 626 1508 681; baseline -0.002 -7"><span class='ocrx_word' id='word_1_38' title='bbox 252 637 386 676; x_wconf 88' lang='lat' dir='ltr'>testes</span> <span class='ocrx_word' id='word_1_39' title='bbox 417 629 539 674; x_wconf 87' lang='lat' dir='ltr'>estis.</span> <span class='ocrx_word' id='word_1_40' title='bbox 576 627 657 681; x_wconf 85' lang='lat' dir='ltr'>Qui</span> <span class='ocrx_word' id='word_1_41' title='bbox 691 627 895 671; x_wconf 80' lang='lat' dir='ltr'>dixerunt</span> <span class='ocrx_word' id='word_1_42' title='bbox 922 641 933 670; x_wconf 71' lang='grc' dir='ltr'><strong><em>ε</em></strong></span> <span class='ocrx_word' id='word_1_43' title='bbox 961 626 1115 670; x_wconf 86' lang='lat' dir='ltr'>Testes</span> <span class='ocrx_word' id='word_1_44' title='bbox 1155 638 1322 671; x_wconf 88' lang='lat' dir='ltr'>sumus.</span> <span class='ocrx_word' id='word_1_45' title='bbox 1362 627 1508 671; x_wconf 79' lang='lat' dir='ltr'><strong>Faciet</strong></span> 
     </span>
     <span class='ocr_line' id='line_1_9' title="bbox 254 697 1505 750; baseline -0.006 -1"><span class='ocrx_word' id='word_1_46' title='bbox 254 704 462 749; x_wconf 81' lang='lat' dir='ltr'>Dominus</span> <span class='ocrx_word' id='word_1_47' title='bbox 485 701 598 743; x_wconf 87' lang='lat' dir='ltr'>hanc</span> <span class='ocrx_word' id='word_1_48' title='bbox 621 700 845 743; x_wconf 87' lang='lat' dir='ltr'>mulierem</span> <span class='ocrx_word' id='word_1_49' title='bbox 868 698 946 742; x_wconf 89' lang='lat' dir='ltr'>tibi</span> <span class='ocrx_word' id='word_1_50' title='bbox 977 698 1092 742; x_wconf 86' lang='lat' dir='ltr'>sicut</span> <span class='ocrx_word' id='word_1_51' title='bbox 1110 697 1272 742; x_wconf 79' lang='lat' dir='ltr'>Rachel</span> <span class='ocrx_word' id='word_1_52' title='bbox 1296 703 1338 742; x_wconf 88' lang='lat' dir='ltr'>et</span> <span class='ocrx_word' id='word_1_53' title='bbox 1363 698 1505 750; x_wconf 88' lang='lat' dir='ltr'>Liam,</span> 
     </span>
     <span class='ocr_line' id='line_1_10' title="bbox 251 770 1508 831; baseline -0.002 -13"><span class='ocrx_word' id='word_1_54' title='bbox 251 788 349 831; x_wconf 71' lang='lat' dir='ltr'>quse</span> <span class='ocrx_word' id='word_1_55' title='bbox 377 773 700 817; x_wconf 69' lang='lat' dir='ltr'>aedificaverunt</span> <span class='ocrx_word' id='word_1_56' title='bbox 734 771 911 814; x_wconf 89' lang='lat' dir='ltr'>domum</span> <span class='ocrx_word' id='word_1_57' title='bbox 935 770 1086 815; x_wconf 85' lang='lat' dir='ltr'>lsrael.</span> <span class='ocrx_word' id='word_1_58' title='bbox 1113 786 1127 812; x_wconf 70' lang='lat' dir='ltr'>i</span> <span class='ocrx_word' id='word_1_59' title='bbox 1160 772 1338 826; x_wconf 75' lang='lat' dir='ltr'><strong>Accepit</strong></span> <span class='ocrx_word' id='word_1_60' title='bbox 1362 771 1508 826; x_wconf 83' lang='lat' dir='ltr'>itaque</span> 
     </span>
     <span class='ocr_line' id='line_1_11' title="bbox 228 844 1503 906; baseline -0.005 -14"><span class='ocrx_word' id='word_1_61' title='bbox 228 850 363 906; x_wconf 49' lang='lat' dir='ltr'>‚Booz</span> <span class='ocrx_word' id='word_1_62' title='bbox 393 847 509 891; x_wconf 81' lang='lat' dir='ltr'>Ruth</span> <span class='ocrx_word' id='word_1_63' title='bbox 543 847 585 890; x_wconf 81' lang='lat' dir='ltr'>in</span> <span class='ocrx_word' id='word_1_64' title='bbox 612 857 810 889; x_wconf 82' lang='lat' dir='ltr'>uxorem.</span> <span class='ocrx_word' id='word_1_65' title='bbox 837 844 890 887; x_wconf 88' lang='lat' dir='ltr'>Et</span> <span class='ocrx_word' id='word_1_66' title='bbox 914 849 1013 900; x_wconf 88' lang='lat' dir='ltr'>post</span> <span class='ocrx_word' id='word_1_67' title='bbox 1032 856 1194 887; x_wconf 79' lang='lat' dir='ltr'>annum</span> <span class='ocrx_word' id='word_1_68' title='bbox 1221 851 1350 888; x_wconf 85' lang='lat' dir='ltr'>natus</span> <span class='ocrx_word' id='word_1_69' title='bbox 1377 850 1445 889; x_wconf 88' lang='lat' dir='ltr'>est</span> <span class='ocrx_word' id='word_1_70' title='bbox 1466 845 1503 887; x_wconf 91' lang='lat' dir='ltr'>ei</span> 
     </span>
     <span class='ocr_line' id='line_1_12' title="bbox 251 917 1506 977; baseline -0.005 -12"><span class='ocrx_word' id='word_1_71' title='bbox 251 923 365 965; x_wconf 82' lang='lat' dir='ltr'>lilius</span> <span class='ocrx_word' id='word_1_72' title='bbox 396 932 522 977; x_wconf 79' lang='lat' dir='ltr'>quem</span> <span class='ocrx_word' id='word_1_73' title='bbox 558 920 703 975; x_wconf 87' lang='lat' dir='ltr'>posuit-</span> <span class='ocrx_word' id='word_1_74' title='bbox 738 917 889 963; x_wconf 87' lang='lat' dir='ltr'>Noemi</span> <span class='ocrx_word' id='word_1_75' title='bbox 915 918 959 961; x_wconf 88' lang='lat' dir='ltr'>in</span> <span class='ocrx_word' id='word_1_76' title='bbox 989 918 1087 962; x_wconf 82' lang='lat' dir='ltr'>sinu</span> <span class='ocrx_word' id='word_1_77' title='bbox 1110 929 1206 970; x_wconf 89' lang='lat' dir='ltr'>suo,</span> <span class='ocrx_word' id='word_1_78' title='bbox 1232 917 1420 961; x_wconf 89' lang='lat' dir='ltr'>nutricis</span> <span class='ocrx_word' id='word_1_79' title='bbox 1464 926 1506 961; x_wconf 89' lang='lat' dir='ltr'>et</span> 
     </span>
     <span class='ocr_line' id='line_1_13' title="bbox 250 991 1506 1053; baseline -0.005 -13"><span class='ocrx_word' id='word_1_80' title='bbox 250 997 408 1053; x_wconf 81' lang='lat' dir='ltr'>gerulae</span> <span class='ocrx_word' id='word_1_81' title='bbox 432 995 617 1050; x_wconf 66' lang='lat' dir='ltr'>fringens</span> <span class='ocrx_word' id='word_1_82' title='bbox 646 992 803 1036; x_wconf 83' lang='lat' dir='ltr'>officio.</span> <span class='ocrx_word' id='word_1_83' title='bbox 839 992 890 1034; x_wconf 86' lang='lat' dir='ltr'>Et</span> <span class='ocrx_word' id='word_1_84' title='bbox 915 992 1120 1036; x_wconf 83' lang='lat' dir='ltr'>dixerunt</span> <span class='ocrx_word' id='word_1_85' title='bbox 1154 992 1207 1035; x_wconf 87' lang='lat' dir='ltr'>ad</span> <span class='ocrx_word' id='word_1_86' title='bbox 1233 1003 1328 1036; x_wconf 86' lang='lat' dir='ltr'>eam</span> <span class='ocrx_word' id='word_1_87' title='bbox 1350 991 1506 1035; x_wconf 78' lang='lat' dir='ltr'>vicinae</span> 
     </span>
     <span class='ocr_line' id='line_1_14' title="bbox 250 1066 1504 1126; baseline -0.004 -13"><span class='ocrx_word' id='word_1_88' title='bbox 250 1069 600 1126; x_wconf 65' lang='lat' dir='ltr'>congratulantes</span> <span class='ocrx_word' id='word_1_89' title='bbox 627 1081 638 1112; x_wconf 72' lang='grc' dir='ltr'><strong><em>ε</em></strong></span> <span class='ocrx_word' id='word_1_90' title='bbox 670 1083 684 1108; x_wconf 78' lang='grc' dir='ltr'>ι</span> <span class='ocrx_word' id='word_1_91' title='bbox 713 1066 826 1110; x_wconf 84' lang='lat' dir='ltr'>Ecce</span> <span class='ocrx_word' id='word_1_92' title='bbox 848 1066 983 1110; x_wconf 84' lang='lat' dir='ltr'>habes</span> <span class='ocrx_word' id='word_1_93' title='bbox 1011 1066 1086 1122; x_wconf 90' lang='lat' dir='ltr'>qui</span> <span class='ocrx_word' id='word_1_94' title='bbox 1114 1066 1278 1109; x_wconf 81' lang='lat' dir='ltr'>nutriat</span> <span class='ocrx_word' id='word_1_95' title='bbox 1305 1071 1504 1109; x_wconf 89' lang='lat' dir='ltr'>senectu-</span> 
     </span>
     <span class='ocr_line' id='line_1_15' title="bbox 251 1137 1501 1194; baseline -0.002 -11"><span class='ocrx_word' id='word_1_96' title='bbox 251 1150 335 1187; x_wconf 84' lang='lat' dir='ltr'>tem</span> <span class='ocrx_word' id='word_1_97' title='bbox 368 1148 503 1191; x_wconf 90' lang='lat' dir='ltr'>tuam,</span> <span class='ocrx_word' id='word_1_98' title='bbox 526 1147 569 1182; x_wconf 82' lang='lat' dir='ltr'>et</span> <span class='ocrx_word' id='word_1_99' title='bbox 607 1139 767 1183; x_wconf 90' lang='lat' dir='ltr'>serviat</span> <span class='ocrx_word' id='word_1_100' title='bbox 803 1138 883 1181; x_wconf 86' lang='lat' dir='ltr'>tibi</span> <span class='ocrx_word' id='word_1_101' title='bbox 924 1138 1021 1193; x_wconf 87' lang='lat' dir='ltr'>plus</span> <span class='ocrx_word' id='word_1_102' title='bbox 1055 1149 1183 1194; x_wconf 84' lang='lat' dir='ltr'>quam</span> <span class='ocrx_word' id='word_1_103' title='bbox 1220 1143 1383 1192; x_wconf 82' lang='lat' dir='ltr'><strong>septem</strong></span> <span class='ocrx_word' id='word_1_104' title='bbox 1410 1137 1501 1180; x_wconf 82' lang='lat' dir='ltr'>lilii.</span> 
     </span>
     <span class='ocr_line' id='line_1_16' title="bbox 249 1208 1485 1265; baseline -0.003 -9"><span class='ocrx_word' id='word_1_105' title='bbox 249 1212 314 1256; x_wconf 90' lang='lat' dir='ltr'>Oh</span> <span class='ocrx_word' id='word_1_106' title='bbox 335 1213 416 1256; x_wconf 90' lang='lat' dir='ltr'>hoc</span> <span class='ocrx_word' id='word_1_107' title='bbox 438 1212 609 1255; x_wconf 80' lang='lat' dir='ltr'>vocavit</span> <span class='ocrx_word' id='word_1_108' title='bbox 631 1222 786 1254; x_wconf 90' lang='lat' dir='ltr'>nomen</span> <span class='ocrx_word' id='word_1_109' title='bbox 801 1209 896 1265; x_wconf 85' lang='lat' dir='ltr'>ejus</span> <span class='ocrx_word' id='word_1_110' title='bbox 914 1208 1051 1262; x_wconf 85' lang='lat' dir='ltr'>Obed,</span> <span class='ocrx_word' id='word_1_111' title='bbox 1074 1209 1190 1264; x_wconf 87' lang='lat' dir='ltr'>quod</span> <span class='ocrx_word' id='word_1_112' title='bbox 1212 1208 1422 1252; x_wconf 86' lang='lat' dir='ltr'>Hebraice</span> <span class='ocrx_word' id='word_1_113' title='bbox 1439 1208 1485 1252; x_wconf 79' lang='lat' dir='ltr'>in</span> 
     </span>
     <span class='ocr_line' id='line_1_17' title="bbox 251 1276 1499 1338; baseline -0.001 -14"><span class='ocrx_word' id='word_1_114' title='bbox 251 1287 511 1338; x_wconf 87' lang='lat' dir='ltr'>terpretatur</span> <span class='ocrx_word' id='word_1_115' title='bbox 528 1282 722 1324; x_wconf 68' lang='lat' dir='ltr'>serviens.</span> <span class='ocrx_word' id='word_1_116' title='bbox 747 1276 827 1323; x_wconf 81' lang='lat' dir='ltr'>llic</span> <span class='ocrx_word' id='word_1_117' title='bbox 849 1285 916 1323; x_wconf 87' lang='lat' dir='ltr'>est</span> <span class='ocrx_word' id='word_1_118' title='bbox 938 1286 1060 1336; x_wconf 80' lang='lat' dir='ltr'>pater</span> <span class='ocrx_word' id='word_1_119' title='bbox 1075 1278 1158 1323; x_wconf 81' lang='lat' dir='ltr'>isai</span> <span class='ocrx_word' id='word_1_120' title='bbox 1184 1281 1320 1336; x_wconf 86' lang='lat' dir='ltr'>patris</span> <span class='ocrx_word' id='word_1_121' title='bbox 1346 1276 1499 1327; x_wconf 87' lang='lat' dir='ltr'>David.</span> 
     </span>
    </p>

    <p class='ocr_par' dir='ltr' id='par_1_3' title="bbox 245 1351 1501 1699">
     <span class='ocr_line' id='line_1_18' title="bbox 305 1351 1501 1410; baseline -0.001 -13"><span class='ocrx_word' id='word_1_122' title='bbox 305 1355 494 1398; x_wconf 74' lang='lat' dir='ltr'>‘Additio</span> <span class='ocrx_word' id='word_1_123' title='bbox 521 1355 560 1399; x_wconf 88' lang='lat'>1.</span> <span class='ocrx_word' id='word_1_124' title='bbox 587 1353 659 1397; x_wconf 88' lang='lat' dir='ltr'>Sic</span> <span class='ocrx_word' id='word_1_125' title='bbox 677 1357 861 1406; x_wconf 87' lang='lat' dir='ltr'>certum,</span> <span class='ocrx_word' id='word_1_126' title='bbox 885 1351 1002 1410; x_wconf 88' lang='lat' dir='ltr'>quod</span> <span class='ocrx_word' id='word_1_127' title='bbox 1025 1365 1123 1398; x_wconf 92' lang='lat' dir='ltr'>cum</span> <span class='ocrx_word' id='word_1_128' title='bbox 1146 1353 1291 1397; x_wconf 84' lang='lat' dir='ltr'>Aaron</span> <span class='ocrx_word' id='word_1_129' title='bbox 1313 1355 1501 1410; x_wconf 85' lang='lat' dir='ltr'>quatuor</span> 
     </span>
     <span class='ocr_line' id='line_1_19' title="bbox 250 1425 1496 1481; baseline -0.002 -11"><span class='ocrx_word' id='word_1_130' title='bbox 250 1428 401 1472; x_wconf 82' lang='lat' dir='ltr'>habuit</span> <span class='ocrx_word' id='word_1_131' title='bbox 433 1427 560 1476; x_wconf 80' lang='lat' dir='ltr'>lilios,</span> <span class='ocrx_word' id='word_1_132' title='bbox 585 1427 671 1470; x_wconf 91' lang='lat' dir='ltr'>duo</span> <span class='ocrx_word' id='word_1_133' title='bbox 695 1436 749 1471; x_wconf 80' lang='lat' dir='ltr'>ex</span> <span class='ocrx_word' id='word_1_134' title='bbox 769 1425 834 1471; x_wconf 84' lang='lat' dir='ltr'>eis</span> <span class='ocrx_word' id='word_1_135' title='bbox 858 1428 902 1469; x_wconf 85' lang='lat' dir='ltr'>in</span> <span class='ocrx_word' id='word_1_136' title='bbox 926 1425 1099 1470; x_wconf 81' lang='lat' dir='ltr'>deserto</span> <span class='ocrx_word' id='word_1_137' title='bbox 1126 1425 1224 1481; x_wconf 82' lang='lat' dir='ltr'>igne</span> <span class='ocrx_word' id='word_1_138' title='bbox 1247 1425 1496 1481; x_wconf 82' lang='lat' dir='ltr'>perierttnt;</span> 
     </span>
     <span class='ocr_line' id='line_1_20' title="bbox 245 1494 1495 1555; baseline -0.004 -12"><span class='ocrx_word' id='word_1_139' title='bbox 245 1511 398 1543; x_wconf 83' lang='lat' dir='ltr'>eorum</span> <span class='ocrx_word' id='word_1_140' title='bbox 431 1499 504 1555; x_wconf 89' lang='lat' dir='ltr'>qui</span> <span class='ocrx_word' id='word_1_141' title='bbox 541 1502 860 1549; x_wconf 79' lang='lat' dir='ltr'>remanserant,</span> <span class='ocrx_word' id='word_1_142' title='bbox 888 1497 1030 1553; x_wconf 80' lang='lat' dir='ltr'>major</span> <span class='ocrx_word' id='word_1_143' title='bbox 1063 1503 1169 1540; x_wconf 83' lang='lat' dir='ltr'>natu</span> <span class='ocrx_word' id='word_1_144' title='bbox 1196 1494 1279 1538; x_wconf 77' lang='lat' dir='ltr'>suit</span> <span class='ocrx_word' id='word_1_145' title='bbox 1300 1494 1495 1546; x_wconf 84' lang='lat' dir='ltr'>Eleazar,</span> 
     </span>
     <span class='ocr_line' id='line_1_21' title="bbox 246 1567 1498 1626; baseline 0.002 -15"><span class='ocrx_word' id='word_1_146' title='bbox 246 1572 318 1613; x_wconf 75' lang='lat' dir='ltr'>eui</span> <span class='ocrx_word' id='word_1_147' title='bbox 341 1571 579 1615; x_wconf 76' lang='lat' dir='ltr'>debebatur</span> <span class='ocrx_word' id='word_1_148' title='bbox 603 1569 912 1620; x_wconf 82' lang='lat' dir='ltr'>sacerdotium,</span> <span class='ocrx_word' id='word_1_149' title='bbox 939 1567 1056 1626; x_wconf 87' lang='lat' dir='ltr'>quod</span> <span class='ocrx_word' id='word_1_150' title='bbox 1086 1568 1259 1612; x_wconf 82' lang='lat' dir='ltr'>duravit</span> <span class='ocrx_word' id='word_1_151' title='bbox 1281 1580 1420 1624; x_wconf 82' lang='lat' dir='ltr'>usque</span> <span class='ocrx_word' id='word_1_152' title='bbox 1444 1568 1498 1613; x_wconf 89' lang='lat' dir='ltr'>ad</span> 
     </span>
     <span class='ocr_line' id='line_1_22' title="bbox 246 1642 1137 1699; baseline -0.003 -11"><span class='ocrx_word' id='word_1_153' title='bbox 246 1644 357 1692; x_wconf 79' lang='lat' dir='ltr'>Heli.</span> <span class='ocrx_word' id='word_1_154' title='bbox 383 1644 456 1699; x_wconf 89' lang='lat' dir='ltr'>qui</span> <span class='ocrx_word' id='word_1_155' title='bbox 484 1642 565 1687; x_wconf 72' lang='lat' dir='ltr'>fuit</span> <span class='ocrx_word' id='word_1_156' title='bbox 589 1644 645 1687; x_wconf 88' lang='lat' dir='ltr'>de</span> <span class='ocrx_word' id='word_1_157' title='bbox 665 1642 858 1687; x_wconf 79' lang='lat' dir='ltr'>ithamar</span> <span class='ocrx_word' id='word_1_158' title='bbox 881 1642 1137 1687; x_wconf 78' lang='lat' dir='ltr'>fratre&#39;suO.</span> 
     </span>
    </p>

    <p class='ocr_par' dir='ltr' id='par_1_4' title="bbox 246 1712 1502 2053">
     <span class='ocr_line' id='line_1_23' title="bbox 300 1712 1501 1772; baseline -0.002 -14"><span class='ocrx_word' id='word_1_159' title='bbox 300 1716 509 1759; x_wconf 73' lang='lat' dir='ltr'>“Additio</span> <span class='ocrx_word' id='word_1_160' title='bbox 532 1716 575 1759; x_wconf 75' lang='lat'>2.</span> <span class='ocrx_word' id='word_1_161' title='bbox 602 1715 743 1772; x_wconf 87' lang='lat' dir='ltr'>Super</span> <span class='ocrx_word' id='word_1_162' title='bbox 773 1714 1136 1770; x_wconf 77' lang='lat' dir='ltr'>Paralipomenon</span> <span class='ocrx_word' id='word_1_163' title='bbox 1158 1713 1266 1759; x_wconf 74' lang='lat' dir='ltr'>dicit</span> <span class='ocrx_word' id='word_1_164' title='bbox 1288 1712 1501 1770; x_wconf 73' lang='lat' dir='ltr'>Hierony-</span> 
     </span>
     <span class='ocr_line' id='line_1_24' title="bbox 246 1787 1502 1844; baseline 0.001 -14"><span class='ocrx_word' id='word_1_165' title='bbox 246 1799 343 1831; x_wconf 85' lang='lat' dir='ltr'>mus</span> <span class='ocrx_word' id='word_1_166' title='bbox 362 1789 478 1844; x_wconf 84' lang='lat' dir='ltr'>quod</span> <span class='ocrx_word' id='word_1_167' title='bbox 500 1789 544 1831; x_wconf 87' lang='lat' dir='ltr'>in</span> <span class='ocrx_word' id='word_1_168' title='bbox 570 1788 725 1832; x_wconf 80' lang='lat' dir='ltr'>diebus</span> <span class='ocrx_word' id='word_1_169' title='bbox 747 1787 1000 1838; x_wconf 83' lang='lat' dir='ltr'>Elimelech,</span> <span class='ocrx_word' id='word_1_170' title='bbox 1029 1787 1094 1830; x_wconf 89' lang='lat' dir='ltr'>sol</span> <span class='ocrx_word' id='word_1_171' title='bbox 1120 1787 1240 1830; x_wconf 83' lang='lat' dir='ltr'>stetit</span> <span class='ocrx_word' id='word_1_172' title='bbox 1272 1787 1326 1830; x_wconf 84' lang='lat' dir='ltr'>ad</span> <span class='ocrx_word' id='word_1_173' title='bbox 1362 1793 1502 1831; x_wconf 78' lang='lat' dir='ltr'>trane-</span> 
     </span>
     <span class='ocr_line' id='line_1_25' title="bbox 247 1859 1496 1918; baseline -0.001 -14"><span class='ocrx_word' id='word_1_174' title='bbox 247 1873 470 1918; x_wconf 81' lang='lat' dir='ltr'>gressores</span> <span class='ocrx_word' id='word_1_175' title='bbox 509 1862 630 1918; x_wconf 77' lang='lat' dir='ltr'>legis.</span> <span class='ocrx_word' id='word_1_176' title='bbox 682 1860 765 1905; x_wconf 86' lang='lat' dir='ltr'>Sed</span> <span class='ocrx_word' id='word_1_177' title='bbox 802 1861 905 1916; x_wconf 87' lang='lat' dir='ltr'>quia</span> <span class='ocrx_word' id='word_1_178' title='bbox 945 1872 1032 1904; x_wconf 83' lang='lat' dir='ltr'>non</span> <span class='ocrx_word' id='word_1_179' title='bbox 1066 1860 1305 1903; x_wconf 86' lang='lat' dir='ltr'>timuerunt</span> <span class='ocrx_word' id='word_1_180' title='bbox 1343 1859 1496 1914; x_wconf 85' lang='lat' dir='ltr'>Deum,</span> 
     </span>
     <span class='ocr_line' id='line_1_26' title="bbox 247 1932 1499 1991; baseline -0.001 -13"><span class='ocrx_word' id='word_1_181' title='bbox 247 1942 364 1979; x_wconf 88' lang='lat' dir='ltr'>tanta</span> <span class='ocrx_word' id='word_1_182' title='bbox 384 1935 519 1979; x_wconf 79' lang='lat' dir='ltr'>lanies</span> <span class='ocrx_word' id='word_1_183' title='bbox 542 1934 741 1986; x_wconf 86' lang='lat' dir='ltr'>invaluit,</span> <span class='ocrx_word' id='word_1_184' title='bbox 763 1940 811 1978; x_wconf 92' lang='lat' dir='ltr'>ut</span> <span class='ocrx_word' id='word_1_185' title='bbox 832 1933 977 1991; x_wconf 90' lang='lat' dir='ltr'>poticr</span> <span class='ocrx_word' id='word_1_186' title='bbox 998 1933 1043 1978; x_wconf 90' lang='lat' dir='ltr'>in</span> <span class='ocrx_word' id='word_1_187' title='bbox 1064 1934 1180 1978; x_wconf 88' lang='lat' dir='ltr'>tribu</span> <span class='ocrx_word' id='word_1_188' title='bbox 1199 1932 1310 1977; x_wconf 78' lang='lat' dir='ltr'>luda</span> <span class='ocrx_word' id='word_1_189' title='bbox 1331 1932 1499 1991; x_wconf 78' lang='lat' dir='ltr'>sugeret</span> 
     </span>
     <span class='ocr_line' id='line_1_27' title="bbox 247 2007 784 2053; baseline 0.002 -2"><span class='ocrx_word' id='word_1_190' title='bbox 247 2020 345 2052; x_wconf 89' lang='lat' dir='ltr'>cum</span> <span class='ocrx_word' id='word_1_191' title='bbox 367 2019 503 2052; x_wconf 89' lang='lat' dir='ltr'>uxore</span> <span class='ocrx_word' id='word_1_192' title='bbox 521 2013 564 2052; x_wconf 92' lang='lat' dir='ltr'>et</span> <span class='ocrx_word' id='word_1_193' title='bbox 587 2007 755 2053; x_wconf 81' lang='lat' dir='ltr'>liberis.</span> <span class='ocrx_word' id='word_1_194' title='bbox 781 2024 784 2028; x_wconf 54' lang='lat'><em>&lt;</em></span> 
     </span>
    </p>
   </div>
   <div class='ocr_carea' id='block_1_3' title="bbox 262 2235 1876 2258">
    <p class='ocr_par' dir='ltr' id='par_1_5' title="bbox 262 2235 1876 2258">
     <span class='ocr_line' id='line_1_28' title="bbox 262 2235 1876 2258; baseline 0 2330"><span class='ocrx_word' id='word_1_195' title='bbox 262 2235 1876 2258; x_wconf 95' lang='lat' dir='ltr'> </span> 
     </span>
    </p>
   </div>
   <div class='ocr_carea' id='block_1_4' title="bbox 890 2362 2206 2457">
    <p class='ocr_par' dir='ltr' id='par_1_6' title="bbox 890 2362 2206 2457">
     <span class='ocr_line' id='line_1_29' title="bbox 890 2362 2206 2457; baseline -0.005 -19"><span class='ocrx_word' id='word_1_196' title='bbox 890 2364 1361 2440; x_wconf 83' lang='lat' dir='ltr'>HISTORIA</span> <span class='ocrx_word' id='word_1_197' title='bbox 1421 2365 1690 2438; x_wconf 80' lang='lat' dir='ltr'>LIBRI</span> <span class='ocrx_word' id='word_1_198' title='bbox 1755 2365 1783 2434; x_wconf 89' lang='lat'><em>1</em></span> <span class='ocrx_word' id='word_1_199' title='bbox 1849 2362 2206 2457; x_wconf 79' lang='lat' dir='ltr'>REGUM.</span> 
     </span>
    </p>
   </div>
   <div class='ocr_carea' id='block_1_5' title="bbox 1499 2539 1555 2551">
    <p class='ocr_par' dir='ltr' id='par_1_7' title="bbox 1499 2539 1555 2551">
     <span class='ocr_line' id='line_1_30' title="bbox 1499 2539 1555 2551; baseline -0.018 0"><span class='ocrx_word' id='word_1_200' title='bbox 1499 2539 1555 2551; x_wconf 62' lang='grc' dir='ltr'>-α</span> 
     </span>
    </p>
   </div>
   <div class='ocr_carea' id='block_1_6' title="bbox 238 2642 1498 3633">
    <p class='ocr_par' dir='ltr' id='par_1_8' title="bbox 664 2642 1079 2699">
     <span class='ocr_line' id='line_1_31' title="bbox 664 2642 1079 2699; baseline -0.01 -9"><span class='ocrx_word' id='word_1_201' title='bbox 664 2642 766 2690; x_wconf 62' lang='lat' dir='ltr'>Car.</span> <span class='ocrx_word' id='word_1_202' title='bbox 795 2642 827 2689; x_wconf 88' lang='lat'>1.</span> <span class='ocrx_word' id='word_1_203' title='bbox 855 2643 1079 2699; x_wconf 74' lang='lat' dir='ltr'>Proefatio.</span> 
     </span>
    </p>

    <p class='ocr_par' dir='ltr' id='par_1_9' title="bbox 238 2714 1498 3633">
     <span class='ocr_line' id='line_1_32' title="bbox 299 2714 1498 2773; baseline -0.001 -14"><span class='ocrx_word' id='word_1_204' title='bbox 299 2714 428 2762; x_wconf 81' lang='lat' dir='ltr'>Liber</span> <span class='ocrx_word' id='word_1_205' title='bbox 474 2714 639 2773; x_wconf 77' lang='lat' dir='ltr'>Regum</span> <span class='ocrx_word' id='word_1_206' title='bbox 678 2716 723 2761; x_wconf 88' lang='lat' dir='ltr'>in</span> <span class='ocrx_word' id='word_1_207' title='bbox 763 2723 951 2773; x_wconf 86' lang='lat' dir='ltr'>quatuor</span> <span class='ocrx_word' id='word_1_208' title='bbox 1001 2715 1297 2760; x_wconf 79' lang='lat' dir='ltr'>voluminibus</span> <span class='ocrx_word' id='word_1_209' title='bbox 1339 2714 1498 2761; x_wconf 89' lang='lat' dir='ltr'>distin-</span> 
     </span>
     <span class='ocr_line' id='line_1_33' title="bbox 244 2786 1496 2846; baseline -0.002 -15"><span class='ocrx_word' id='word_1_210' title='bbox 244 2787 390 2844; x_wconf 81' lang='lat' dir='ltr'>guitur</span> <span class='ocrx_word' id='word_1_211' title='bbox 427 2787 542 2846; x_wconf 81' lang='lat' dir='ltr'>apud</span> <span class='ocrx_word' id='word_1_212' title='bbox 588 2798 700 2840; x_wconf 87' lang='lat' dir='ltr'>nos;</span> <span class='ocrx_word' id='word_1_213' title='bbox 747 2786 989 2833; x_wconf 81' lang='lat' dir='ltr'>secundum</span> <span class='ocrx_word' id='word_1_214' title='bbox 1030 2786 1234 2830; x_wconf 81' lang='lat' dir='ltr'>Bebraeos</span> <span class='ocrx_word' id='word_1_215' title='bbox 1267 2792 1410 2831; x_wconf 86' lang='lat' dir='ltr'>autem</span> <span class='ocrx_word' id='word_1_216' title='bbox 1451 2786 1496 2829; x_wconf 88' lang='lat' dir='ltr'>in</span> 
     </span>
     <span class='ocr_line' id='line_1_34' title="bbox 244 2860 1496 2918; baseline -0.002 -13"><span class='ocrx_word' id='word_1_217' title='bbox 244 2861 431 2912; x_wconf 86' lang='lat' dir='ltr'>duobus,</span> <span class='ocrx_word' id='word_1_218' title='bbox 454 2867 496 2905; x_wconf 90' lang='lat' dir='ltr'>et</span> <span class='ocrx_word' id='word_1_219' title='bbox 522 2860 679 2905; x_wconf 89' lang='lat' dir='ltr'>dieunt</span> <span class='ocrx_word' id='word_1_220' title='bbox 716 2861 904 2918; x_wconf 86' lang='lat' dir='ltr'>primum</span> <span class='ocrx_word' id='word_1_221' title='bbox 947 2860 1137 2914; x_wconf 77' lang='lat' dir='ltr'>Samuel,</span> <span class='ocrx_word' id='word_1_222' title='bbox 1164 2873 1189 2904; x_wconf 89' lang='lat' dir='ltr'>a</span> <span class='ocrx_word' id='word_1_223' title='bbox 1206 2861 1381 2906; x_wconf 84' lang='lat' dir='ltr'>nomine</span> <span class='ocrx_word' id='word_1_224' title='bbox 1417 2872 1496 2904; x_wconf 43' lang='lat' dir='ltr'>aua</span> 
     </span>
     <span class='ocr_line' id='line_1_35' title="bbox 243 2932 1493 2991; baseline -0.002 -15"><span class='ocrx_word' id='word_1_225' title='bbox 243 2932 403 2986; x_wconf 84' lang='lat' dir='ltr'>ctoris;</span> <span class='ocrx_word' id='word_1_226' title='bbox 422 2933 663 2981; x_wconf 85' lang='lat' dir='ltr'>secuudum</span> <span class='ocrx_word' id='word_1_227' title='bbox 681 2940 839 2977; x_wconf 87' lang='lat' dir='ltr'>vocant</span> <span class='ocrx_word' id='word_1_228' title='bbox 864 2932 1111 2991; x_wconf 68' lang='lat' dir='ltr'>blelachim,</span> <span class='ocrx_word' id='word_1_229' title='bbox 1130 2933 1172 2975; x_wconf 87' lang='lat' dir='ltr'>id</span> <span class='ocrx_word' id='word_1_230' title='bbox 1189 2939 1256 2976; x_wconf 89' lang='lat' dir='ltr'>est</span> <span class='ocrx_word' id='word_1_231' title='bbox 1281 2946 1438 2990; x_wconf 65' lang='lat' dir='ltr'>regum.</span> <span class='ocrx_word' id='word_1_232' title='bbox 1469 2943 1493 2974; x_wconf 85' lang='lat' dir='ltr'>a</span> 
     </span>
     <span class='ocr_line' id='line_1_36' title="bbox 241 3004 1490 3063; baseline -0.003 -12"><span class='ocrx_word' id='word_1_233' title='bbox 241 3004 438 3057; x_wconf 78' lang='lat' dir='ltr'>materia,</span> <span class='ocrx_word' id='word_1_234' title='bbox 472 3005 653 3062; x_wconf 82' lang='lat' dir='ltr'>quidam</span> <span class='ocrx_word' id='word_1_235' title='bbox 710 3012 870 3055; x_wconf 78' lang='lat' dir='ltr'>vocant</span> <span class='ocrx_word' id='word_1_236' title='bbox 912 3006 1174 3055; x_wconf 81' lang='lat' dir='ltr'>Melachoth,</span> <span class='ocrx_word' id='word_1_237' title='bbox 1215 3007 1328 3063; x_wconf 84' lang='lat' dir='ltr'>quod</span> <span class='ocrx_word' id='word_1_238' title='bbox 1363 3011 1490 3051; x_wconf 83' lang='lat' dir='ltr'>sonat</span> 
     </span>
     <span class='ocr_line' id='line_1_37' title="bbox 243 3077 1495 3136; baseline 0 -16"><span class='ocrx_word' id='word_1_239' title='bbox 243 3090 478 3134; x_wconf 66' lang='lat' dir='ltr'>regnorum,</span> <span class='ocrx_word' id='word_1_240' title='bbox 510 3077 586 3122; x_wconf 83' lang='lat' dir='ltr'>sed</span> <span class='ocrx_word' id='word_1_241' title='bbox 610 3078 779 3122; x_wconf 84' lang='lat' dir='ltr'>vitiose.</span> <span class='ocrx_word' id='word_1_242' title='bbox 805 3078 959 3136; x_wconf 80' lang='lat' dir='ltr'>Agitur</span> <span class='ocrx_word' id='word_1_243' title='bbox 992 3077 1109 3122; x_wconf 88' lang='lat' dir='ltr'>enim</span> <span class='ocrx_word' id='word_1_244' title='bbox 1148 3078 1192 3121; x_wconf 82' lang='lat' dir='ltr'>in</span> <span class='ocrx_word' id='word_1_245' title='bbox 1226 3090 1280 3121; x_wconf 88' lang='lat' dir='ltr'>eo</span> <span class='ocrx_word' id='word_1_246' title='bbox 1313 3077 1367 3121; x_wconf 87' lang='lat' dir='ltr'>de</span> <span class='ocrx_word' id='word_1_247' title='bbox 1405 3089 1495 3120; x_wconf 86' lang='lat' dir='ltr'>uuo</span> 
     </span>
     <span class='ocr_line' id='line_1_38' title="bbox 242 3145 1494 3205; baseline -0.004 -13"><span class='ocrx_word' id='word_1_248' title='bbox 242 3160 376 3205; x_wconf 73' lang='lat' dir='ltr'>regno</span> <span class='ocrx_word' id='word_1_249' title='bbox 397 3146 643 3191; x_wconf 80' lang='lat' dir='ltr'>Judaeorum</span> <span class='ocrx_word' id='word_1_250' title='bbox 664 3154 849 3199; x_wconf 87' lang='lat' dir='ltr'>tantum,</span> <span class='ocrx_word' id='word_1_251' title='bbox 874 3154 915 3191; x_wconf 88' lang='lat' dir='ltr'>et</span> <span class='ocrx_word' id='word_1_252' title='bbox 931 3148 986 3192; x_wconf 90' lang='lat' dir='ltr'>de</span> <span class='ocrx_word' id='word_1_253' title='bbox 1005 3147 1179 3203; x_wconf 81' lang='lat' dir='ltr'>regibus</span> <span class='ocrx_word' id='word_1_254' title='bbox 1196 3147 1308 3202; x_wconf 75' lang='lat' dir='ltr'>ejus,</span> <span class='ocrx_word' id='word_1_255' title='bbox 1325 3147 1425 3189; x_wconf 86' lang='lat' dir='ltr'>iicet</span> <span class='ocrx_word' id='word_1_256' title='bbox 1449 3145 1494 3188; x_wconf 84' lang='lat' dir='ltr'>in</span> 
     </span>
     <span class='ocr_line' id='line_1_39' title="bbox 241 3218 1493 3275; baseline -0.002 -12"><span class='ocrx_word' id='word_1_257' title='bbox 241 3219 330 3263; x_wconf 87' lang='lat' dir='ltr'>duo</span> <span class='ocrx_word' id='word_1_258' title='bbox 350 3220 542 3267; x_wconf 82' lang='lat' dir='ltr'>divisum</span> <span class='ocrx_word' id='word_1_259' title='bbox 581 3218 730 3263; x_wconf 80' lang='lat' dir='ltr'>fuerit.</span> <span class='ocrx_word' id='word_1_260' title='bbox 772 3219 972 3275; x_wconf 79' lang='lat' dir='ltr'>Scriptus</span> <span class='ocrx_word' id='word_1_261' title='bbox 1001 3226 1068 3262; x_wconf 88' lang='lat' dir='ltr'>est</span> <span class='ocrx_word' id='word_1_262' title='bbox 1118 3226 1260 3263; x_wconf 83' lang='lat' dir='ltr'>autem</span> <span class='ocrx_word' id='word_1_263' title='bbox 1286 3218 1493 3261; x_wconf 84' lang='lat' dir='ltr'>chronice</span> 
     </span>
     <span class='ocr_line' id='line_1_40' title="bbox 241 3292 1491 3349; baseline -0.002 -13"><span class='ocrx_word' id='word_1_264' title='bbox 241 3293 351 3337; x_wconf 87' lang='lat' dir='ltr'>liber</span> <span class='ocrx_word' id='word_1_265' title='bbox 378 3293 461 3337; x_wconf 81' lang='lat' dir='ltr'>iste</span> <span class='ocrx_word' id='word_1_266' title='bbox 496 3293 578 3336; x_wconf 89' lang='lat' dir='ltr'>sub</span> <span class='ocrx_word' id='word_1_267' title='bbox 602 3293 699 3343; x_wconf 81' lang='lat' dir='ltr'>istis</span> <span class='ocrx_word' id='word_1_268' title='bbox 737 3294 927 3348; x_wconf 72' lang='lat' dir='ltr'>regilius,</span> <span class='ocrx_word' id='word_1_269' title='bbox 962 3295 1034 3349; x_wconf 86' lang='lat' dir='ltr'>qui</span> <span class='ocrx_word' id='word_1_270' title='bbox 1068 3299 1320 3347; x_wconf 80' lang='lat' dir='ltr'>compactus</span> <span class='ocrx_word' id='word_1_271' title='bbox 1359 3292 1491 3336; x_wconf 86' lang='lat' dir='ltr'>estin</span> 
     </span>
     <span class='ocr_line' id='line_1_41' title="bbox 242 3364 1491 3421; baseline 0 -13"><span class='ocrx_word' id='word_1_272' title='bbox 242 3377 377 3410; x_wconf 84' lang='lat' dir='ltr'>unum</span> <span class='ocrx_word' id='word_1_273' title='bbox 394 3377 418 3408; x_wconf 89' lang='lat' dir='ltr'>a</span> <span class='ocrx_word' id='word_1_274' title='bbox 434 3364 638 3417; x_wconf 82' lang='lat' dir='ltr'>Jeremia,</span> <span class='ocrx_word' id='word_1_275' title='bbox 664 3365 780 3421; x_wconf 82' lang='lat' dir='ltr'>quod</span> <span class='ocrx_word' id='word_1_276' title='bbox 798 3366 954 3410; x_wconf 82' lang='lat' dir='ltr'>exinde</span> <span class='ocrx_word' id='word_1_277' title='bbox 977 3365 1238 3420; x_wconf 82' lang='lat' dir='ltr'>patet,qu0d</span> <span class='ocrx_word' id='word_1_278' title='bbox 1257 3365 1366 3408; x_wconf 85' lang='lat' dir='ltr'>idem</span> <span class='ocrx_word' id='word_1_279' title='bbox 1393 3364 1491 3408; x_wconf 64' lang='lat' dir='ltr'>linis</span> 
     </span>
     <span class='ocr_line' id='line_1_42' title="bbox 238 3433 1489 3490; baseline -0.001 -11"><span class='ocrx_word' id='word_1_280' title='bbox 238 3435 456 3490; x_wconf 70' lang='lat' dir='ltr'>esthuJus</span> <span class='ocrx_word' id='word_1_281' title='bbox 495 3436 609 3486; x_wconf 81' lang='lat' dir='ltr'>libri,</span> <span class='ocrx_word' id='word_1_282' title='bbox 637 3442 680 3480; x_wconf 88' lang='lat' dir='ltr'>et</span> <span class='ocrx_word' id='word_1_283' title='bbox 718 3435 932 3482; x_wconf 81' lang='lat' dir='ltr'>Jereniiae.</span> <span class='ocrx_word' id='word_1_284' title='bbox 959 3433 1023 3480; x_wconf 73' lang='lat' dir='ltr'>Au</span> <span class='ocrx_word' id='word_1_285' title='bbox 1067 3436 1489 3479; x_wconf 78' lang='lat' dir='ltr'>commendationem</span> 
     </span>
     <span class='ocr_line' id='line_1_43' title="bbox 241 3506 1490 3565; baseline 0 -15"><span class='ocrx_word' id='word_1_286' title='bbox 241 3513 386 3551; x_wconf 80' lang='lat' dir='ltr'>autem</span> <span class='ocrx_word' id='word_1_287' title='bbox 405 3506 577 3552; x_wconf 84' lang='lat' dir='ltr'>Samuel</span> <span class='ocrx_word' id='word_1_288' title='bbox 600 3508 878 3564; x_wconf 61' lang='lat' dir='ltr'>praemittitur</span> <span class='ocrx_word' id='word_1_289' title='bbox 892 3509 1211 3552; x_wconf 85' lang='lat' dir='ltr'>commendatio</span> <span class='ocrx_word' id='word_1_290' title='bbox 1234 3509 1374 3565; x_wconf 88' lang='lat' dir='ltr'>patris</span> <span class='ocrx_word' id='word_1_291' title='bbox 1395 3507 1490 3564; x_wconf 83' lang='lat' dir='ltr'>ejus</span> 
     </span>
     <span class='ocr_line' id='line_1_44' title="bbox 240 3579 640 3633; baseline 0 -8"><span class='ocrx_word' id='word_1_292' title='bbox 240 3579 286 3633; x_wconf 83' lang='lat' dir='ltr'>in</span> <span class='ocrx_word' id='word_1_293' title='bbox 308 3580 424 3625; x_wconf 84' lang='lat' dir='ltr'>hunc</span> <span class='ocrx_word' id='word_1_294' title='bbox 447 3581 640 3625; x_wconf 86' lang='lat' dir='ltr'>modum.</span> 
     </span>
    </p>
   </div>
   <div class='ocr_carea' id='block_1_7' title="bbox 469 3670 1241 3728">
    <p class='ocr_par' dir='ltr' id='par_1_10' title="bbox 469 3670 1241 3728">
     <span class='ocr_line' id='line_1_45' title="bbox 469 3670 1241 3728; baseline 0.004 -13"><span class='ocrx_word' id='word_1_295' title='bbox 469 3670 571 3715; x_wconf 64' lang='lat' dir='ltr'>Car.</span> <span class='ocrx_word' id='word_1_296' title='bbox 599 3671 651 3715; x_wconf 82' lang='lat'>11.</span> <span class='ocrx_word' id='word_1_297' title='bbox 676 3671 737 3715; x_wconf 83' lang='lat' dir='ltr'>De</span> <span class='ocrx_word' id='word_1_298' title='bbox 754 3671 994 3728; x_wconf 75' lang='lat' dir='ltr'>parentibus</span> <span class='ocrx_word' id='word_1_299' title='bbox 1015 3671 1241 3719; x_wconf 74' lang='lat' dir='ltr'>Samuelis.</span> 
     </span>
    </p>
   </div>
   <div class='ocr_carea' id='block_1_8' title="bbox 237 3757 1489 4468">
    <p class='ocr_par' dir='ltr' id='par_1_11' title="bbox 237 3757 1489 4468">
     <span class='ocr_line' id='line_1_46' title="bbox 294 3757 1487 3816; baseline 0.004 -14"><span class='ocrx_word' id='word_1_300' title='bbox 294 3757 395 3802; x_wconf 86' lang='lat' dir='ltr'>Fuit</span> <span class='ocrx_word' id='word_1_301' title='bbox 419 3758 485 3802; x_wconf 79' lang='lat' dir='ltr'>vir</span> <span class='ocrx_word' id='word_1_302' title='bbox 523 3771 637 3804; x_wconf 91' lang='lat' dir='ltr'>unus</span> <span class='ocrx_word' id='word_1_303' title='bbox 667 3758 722 3804; x_wconf 89' lang='lat' dir='ltr'>de</span> <span class='ocrx_word' id='word_1_304' title='bbox 763 3759 1227 3816; x_wconf 73' lang='lat' dir='ltr'>Ramathaimsopliim,</span> <span class='ocrx_word' id='word_1_305' title='bbox 1259 3761 1313 3805; x_wconf 88' lang='lat' dir='ltr'>de</span> <span class='ocrx_word' id='word_1_306' title='bbox 1338 3768 1487 3807; x_wconf 85' lang='lat' dir='ltr'>monte</span> 
     </span>
     <span class='ocr_line' id='line_1_47' title="bbox 238 3830 1484 3889; baseline 0.006 -17"><span class='ocrx_word' id='word_1_307' title='bbox 238 3830 462 3885; x_wconf 82' lang='lat' dir='ltr'>Ephraim,</span> <span class='ocrx_word' id='word_1_308' title='bbox 487 3836 531 3874; x_wconf 88' lang='lat' dir='ltr'>et</span> <span class='ocrx_word' id='word_1_309' title='bbox 550 3842 708 3879; x_wconf 85' lang='lat' dir='ltr'>nomen</span> <span class='ocrx_word' id='word_1_310' title='bbox 725 3831 820 3887; x_wconf 82' lang='lat' dir='ltr'>ejus</span> <span class='ocrx_word' id='word_1_311' title='bbox 835 3830 995 3875; x_wconf 83' lang='lat' dir='ltr'>Elcana</span> <span class='ocrx_word' id='word_1_312' title='bbox 1017 3831 1299 3887; x_wconf 79' lang='lat' dir='ltr'>Epliratliaeus</span> <span class='ocrx_word' id='word_1_313' title='bbox 1323 3832 1366 3885; x_wconf 85' lang='lat'>(1</span> <span class='ocrx_word' id='word_1_314' title='bbox 1384 3832 1484 3889; x_wconf 60' lang='lat' dir='ltr'>Rea.</span> 
     </span>
     <span class='ocr_line' id='line_1_48' title="bbox 239 3902 1488 3962; baseline 0.004 -16"><span class='ocrx_word' id='word_1_315' title='bbox 239 3903 290 3959; x_wconf 78' lang='grc' dir='ltr'>ι).</span> <span class='ocrx_word' id='word_1_316' title='bbox 313 3902 390 3946; x_wconf 81' lang='lat' dir='ltr'>Vir</span> <span class='ocrx_word' id='word_1_317' title='bbox 414 3903 527 3947; x_wconf 90' lang='lat' dir='ltr'>enim</span> <span class='ocrx_word' id='word_1_318' title='bbox 550 3905 729 3960; x_wconf 88' lang='lat' dir='ltr'>ponitur</span> <span class='ocrx_word' id='word_1_319' title='bbox 745 3904 818 3948; x_wconf 90' lang='lat' dir='ltr'>hic</span> <span class='ocrx_word' id='word_1_320' title='bbox 841 3918 929 3948; x_wconf 88' lang='lat' dir='ltr'>non</span> <span class='ocrx_word' id='word_1_321' title='bbox 954 3917 1033 3960; x_wconf 90' lang='lat' dir='ltr'>pro</span> <span class='ocrx_word' id='word_1_322' title='bbox 1061 3918 1187 3957; x_wconf 84' lang='lat' dir='ltr'>sexu,</span> <span class='ocrx_word' id='word_1_323' title='bbox 1224 3907 1297 3950; x_wconf 88' lang='lat' dir='ltr'>sed</span> <span class='ocrx_word' id='word_1_324' title='bbox 1322 3917 1402 3962; x_wconf 86' lang='lat' dir='ltr'>pro</span> <span class='ocrx_word' id='word_1_325' title='bbox 1420 3909 1488 3951; x_wconf 78' lang='lat' dir='ltr'>vi·</span> 
     </span>
     <span class='ocr_line' id='line_1_49' title="bbox 238 3977 1489 4035; baseline 0.004 -16"><span class='ocrx_word' id='word_1_326' title='bbox 238 3987 343 4031; x_wconf 69' lang='grc' dir='ltr'>κοτε</span> <span class='ocrx_word' id='word_1_327' title='bbox 364 3977 589 4028; x_wconf 85' lang='lat' dir='ltr'>virtutum,</span> <span class='ocrx_word' id='word_1_328' title='bbox 609 3989 696 4025; x_wconf 85' lang='lat' dir='ltr'>-nec</span> <span class='ocrx_word' id='word_1_329' title='bbox 719 3989 835 4022; x_wconf 86' lang='lat' dir='ltr'>unus</span> <span class='ocrx_word' id='word_1_330' title='bbox 853 3989 930 4034; x_wconf 86' lang='lat' dir='ltr'>pro</span> <span class='ocrx_word' id='word_1_331' title='bbox 958 3990 1156 4030; x_wconf 88' lang='lat' dir='ltr'>numero,</span> <span class='ocrx_word' id='word_1_332' title='bbox 1186 3978 1261 4023; x_wconf 86' lang='lat' dir='ltr'>sed</span> <span class='ocrx_word' id='word_1_333' title='bbox 1294 3991 1374 4035; x_wconf 88' lang='lat' dir='ltr'>pro</span> <span class='ocrx_word' id='word_1_334' title='bbox 1394 3991 1489 4024; x_wconf 85' lang='lat' dir='ltr'>sm·</span> 
     </span>
     <span class='ocr_line' id='line_1_50' title="bbox 238 4048 1485 4105; baseline 0.004 -15"><span class='ocrx_word' id='word_1_335' title='bbox 238 4048 466 4104; x_wconf 76' lang='lat' dir='ltr'>gularitate</span> <span class='ocrx_word' id='word_1_336' title='bbox 482 4048 708 4103; x_wconf 83' lang='lat' dir='ltr'>religionis</span> <span class='ocrx_word' id='word_1_337' title='bbox 727 4061 818 4105; x_wconf 78' lang='lat' dir='ltr'>prae</span> <span class='ocrx_word' id='word_1_338' title='bbox 841 4050 956 4094; x_wconf 87' lang='lat' dir='ltr'>aliis.</span> <span class='ocrx_word' id='word_1_339' title='bbox 984 4050 1151 4094; x_wconf 85' lang='lat' dir='ltr'>Dicitur</span> <span class='ocrx_word' id='word_1_340' title='bbox 1170 4056 1314 4093; x_wconf 86' lang='lat' dir='ltr'>autem</span> <span class='ocrx_word' id='word_1_341' title='bbox 1328 4052 1485 4096; x_wconf 75' lang='lat' dir='ltr'>civitas</span> 
     </span>
     <span class='ocr_line' id='line_1_51' title="bbox 237 4117 1485 4177; baseline 0.004 -16"><span class='ocrx_word' id='word_1_342' title='bbox 237 4119 334 4173; x_wconf 85' lang='lat' dir='ltr'>ejus</span> <span class='ocrx_word' id='word_1_343' title='bbox 351 4117 643 4170; x_wconf 81' lang='lat' dir='ltr'>Ramathaim,</span> <span class='ocrx_word' id='word_1_344' title='bbox 665 4131 761 4175; x_wconf 80' lang='lat' dir='ltr'>quae</span> <span class='ocrx_word' id='word_1_345' title='bbox 776 4120 829 4164; x_wconf 82' lang='lat' dir='ltr'>&#39;in</span> <span class='ocrx_word' id='word_1_346' title='bbox 867 4119 1102 4177; x_wconf 82' lang='lat' dir='ltr'>Evangelio</span> <span class='ocrx_word' id='word_1_347' title='bbox 1119 4121 1280 4165; x_wconf 87' lang='lat' dir='ltr'>dicitur</span> <span class='ocrx_word' id='word_1_348' title='bbox 1310 4121 1485 4166; x_wconf 80' lang='lat' dir='ltr'>Arima·</span> 
     </span>
     <span class='ocr_line' id='line_1_52' title="bbox 239 4190 1483 4249; baseline 0.003 -15"><span class='ocrx_word' id='word_1_349' title='bbox 239 4191 351 4235; x_wconf 72' lang='lat' dir='ltr'>thaea</span> <span class='ocrx_word' id='word_1_350' title='bbox 386 4190 558 4248; x_wconf 64' lang='lat' dir='ltr'>(Nauia.</span> <span class='ocrx_word' id='word_1_351' title='bbox 599 4192 752 4248; x_wconf 76' lang='lat' dir='ltr'>xxvii),</span> <span class='ocrx_word' id='word_1_352' title='bbox 782 4204 807 4236; x_wconf 88' lang='lat' dir='ltr'>a</span> <span class='ocrx_word' id='word_1_353' title='bbox 842 4192 1033 4249; x_wconf 84' lang='lat' dir='ltr'>Josepbo</span> <span class='ocrx_word' id='word_1_354' title='bbox 1076 4194 1238 4238; x_wconf 85' lang='lat' dir='ltr'>dicitur</span> <span class='ocrx_word' id='word_1_355' title='bbox 1276 4192 1483 4248; x_wconf 85' lang='lat' dir='ltr'>Ramath,</span> 
     </span>
     <span class='ocr_line' id='line_1_53' title="bbox 238 4264 1482 4322; baseline 0.003 -14"><span class='ocrx_word' id='word_1_356' title='bbox 238 4264 339 4320; x_wconf 81' lang='lat' dir='ltr'>quia</span> <span class='ocrx_word' id='word_1_357' title='bbox 370 4265 414 4312; x_wconf 85' lang='lat' dir='ltr'>iu</span> <span class='ocrx_word' id='word_1_358' title='bbox 451 4265 625 4310; x_wconf 83' lang='lat' dir='ltr'>excelso</span> <span class='ocrx_word' id='word_1_359' title='bbox 648 4266 732 4308; x_wconf 84' lang='lat' dir='ltr'>sita</span> <span class='ocrx_word' id='word_1_360' title='bbox 750 4270 859 4317; x_wconf 89' lang='lat' dir='ltr'>erat,</span> <span class='ocrx_word' id='word_1_361' title='bbox 890 4265 1071 4322; x_wconf 89' lang='lat' dir='ltr'>Sophim</span> <span class='ocrx_word' id='word_1_362' title='bbox 1113 4278 1216 4310; x_wconf 79' lang='lat' dir='ltr'>vero</span> <span class='ocrx_word' id='word_1_363' title='bbox 1251 4267 1482 4322; x_wconf 76' lang='lat' dir='ltr'>speculatio</span> 
     </span>
     <span class='ocr_line' id='line_1_54' title="bbox 238 4334 1485 4393; baseline 0.005 -15"><span class='ocrx_word' id='word_1_364' title='bbox 238 4334 569 4391; x_wconf 62' lang='lat' dir='ltr'>interpretatum</span> <span class='ocrx_word' id='word_1_365' title='bbox 594 4343 635 4380; x_wconf 86' lang='lat' dir='ltr'>et</span> <span class='ocrx_word' id='word_1_366' title='bbox 651 4341 717 4380; x_wconf 88' lang='lat' dir='ltr'>est</span> <span class='ocrx_word' id='word_1_367' title='bbox 733 4336 793 4380; x_wconf 84' lang='lat' dir='ltr'>&#39;rbi</span> <span class='ocrx_word' id='word_1_368' title='bbox 821 4337 1037 4393; x_wconf 79' lang='lat' dir='ltr'>genitivus</span> <span class='ocrx_word' id='word_1_369' title='bbox 1061 4349 1208 4391; x_wconf 87' lang='lat' dir='ltr'>casus,</span> <span class='ocrx_word' id='word_1_370' title='bbox 1233 4350 1284 4382; x_wconf 88' lang='lat' dir='ltr'>ac</span> <span class='ocrx_word' id='word_1_371' title='bbox 1304 4338 1342 4382; x_wconf 88' lang='lat' dir='ltr'>si</span> <span class='ocrx_word' id='word_1_372' title='bbox 1363 4339 1485 4384; x_wconf 82' lang='lat' dir='ltr'>dice-</span> 
     </span>
     <span class='ocr_line' id='line_1_55' title="bbox 239 4407 1483 4468; baseline 0.005 -17"><span class='ocrx_word' id='word_1_373' title='bbox 239 4415 358 4457; x_wconf 81' lang='lat' dir='ltr'>retur</span> <span class='ocrx_word' id='word_1_374' title='bbox 389 4409 442 4453; x_wconf 83' lang='lat' dir='ltr'>‹lc</span> <span class='ocrx_word' id='word_1_375' title='bbox 475 4407 748 4454; x_wconf 78' lang='lat' dir='ltr'>Ramathaim</span> <span class='ocrx_word' id='word_1_376' title='bbox 774 4410 1088 4466; x_wconf 70' lang='lat' dir='ltr'>speculationis,</span> <span class='ocrx_word' id='word_1_377' title='bbox 1114 4411 1215 4468; x_wconf 88' lang='lat' dir='ltr'>quia</span> <span class='ocrx_word' id='word_1_378' title='bbox 1243 4423 1296 4455; x_wconf 85' lang='lat' dir='ltr'>ex</span> <span class='ocrx_word' id='word_1_379' title='bbox 1321 4423 1371 4456; x_wconf 90' lang='lat' dir='ltr'>ea</span> <span class='ocrx_word' id='word_1_380' title='bbox 1397 4414 1483 4457; x_wconf 81' lang='lat' dir='ltr'>cir-</span> 
     </span>
    </p>
   </div>
   <div class='ocr_carea' id='block_1_9' title="bbox 1249 96 1793 144">
    <p class='ocr_par' dir='ltr' id='par_1_12' title="bbox 1249 96 1793 144">
     <span class='ocr_line' id='line_1_56' title="bbox 1249 96 1793 144; baseline 0.002 -1"><span class='ocrx_word' id='word_1_381' title='bbox 1249 97 1414 143; x_wconf 67' lang='lat' dir='ltr'>PETRI</span> <span class='ocrx_word' id='word_1_382' title='bbox 1443 96 1793 144; x_wconf 67' lang='lat' dir='ltr'>coatES&#39;ronts</span> 
     </span>
    </p>
   </div>
   <div class='ocr_carea' id='block_1_10' title="bbox 259 173 1563 248">
    <p class='ocr_par' dir='ltr' id='par_1_13' title="bbox 259 173 1563 248">
     <span class='ocr_line' id='line_1_57' title="bbox 259 173 1563 248; baseline -0.014 -6"><span class='ocrx_word' id='word_1_383' title='bbox 259 194 495 242; x_wconf 85' lang='lat' dir='ltr'>secundum</span> <span class='ocrx_word' id='word_1_384' title='bbox 538 173 734 238; x_wconf 53' lang='lat' dir='ltr'>&amp;versos</span> <span class='ocrx_word' id='word_1_385' title='bbox 775 204 919 242; x_wconf 80' lang='lat' dir='ltr'>casus,</span> <span class='ocrx_word' id='word_1_386' title='bbox 954 191 1214 247; x_wconf 73' lang='lat' dir='ltr'>quandoque</span> <span class='ocrx_word' id='word_1_387' title='bbox 1242 192 1335 248; x_wconf 86' lang='lat' dir='ltr'>ipse</span> <span class='ocrx_word' id='word_1_388' title='bbox 1372 188 1501 248; x_wconf 69' lang='lat' dir='ltr'>repuz.</span> <span class='ocrx_word' id='word_1_389' title='bbox 1526 198 1563 242; x_wconf 62' lang='grc' dir='ltr'><strong>Α</strong></span> 
     </span>
    </p>
   </div>
   <div class='ocr_carea' id='block_1_11' title="bbox 2726 95 2859 155">
    <p class='ocr_par' dir='ltr' id='par_1_14' title="bbox 2726 95 2859 155">
     <span class='ocr_line' id='line_1_58' title="bbox 2726 95 2859 155; baseline -0.015 0"><span class='ocrx_word' id='word_1_390' title='bbox 2726 95 2859 155; x_wconf 65' lang='lat' dir='ltr'>twa?</span> 
     </span>
    </p>
   </div>
   <div class='ocr_carea' id='block_1_12' title="bbox 1586 193 2924 685">
    <p class='ocr_par' dir='ltr' id='par_1_15' title="bbox 1586 193 2924 685">
     <span class='ocr_line' id='line_1_59' title="bbox 1643 193 2840 256; baseline 0.011 -21"><span class='ocrx_word' id='word_1_391' title='bbox 1643 193 1869 237; x_wconf 77' lang='lat' dir='ltr'>“‘Additio</span> <span class='ocrx_word' id='word_1_392' title='bbox 1892 197 1934 240; x_wconf 80' lang='lat'>3.</span> <span class='ocrx_word' id='word_1_393' title='bbox 1969 195 2205 253; x_wconf 82' lang='lat' dir='ltr'>Opiniones</span> <span class='ocrx_word' id='word_1_394' title='bbox 2235 199 2381 255; x_wconf 86' lang='lat' dir='ltr'>plures</span> <span class='ocrx_word' id='word_1_395' title='bbox 2430 207 2666 256; x_wconf 88' lang='lat' dir='ltr'>ponuntur.</span> <span class='ocrx_word' id='word_1_396' title='bbox 2715 201 2840 248; x_wconf 86' lang='lat' dir='ltr'>Unde</span> 
     </span>
     <span class='ocr_line' id='line_1_60' title="bbox 1591 263 2924 329; baseline 0.01 -21"><span class='ocrx_word' id='word_1_397' title='bbox 1591 263 1761 317; x_wconf 83' lang='lat' dir='ltr'>civitas,</span> <span class='ocrx_word' id='word_1_398' title='bbox 1798 279 1894 323; x_wconf 82' lang='lat' dir='ltr'>quae</span> <span class='ocrx_word' id='word_1_399' title='bbox 1916 281 2032 312; x_wconf 87' lang='lat' dir='ltr'>nunc</span> <span class='ocrx_word' id='word_1_400' title='bbox 2065 269 2312 316; x_wconf 81' lang='lat' dir='ltr'>Bethlehem</span> <span class='ocrx_word' id='word_1_401' title='bbox 2345 272 2521 326; x_wconf 88' lang='lat' dir='ltr'>dicitur,</span> <span class='ocrx_word' id='word_1_402' title='bbox 2546 275 2668 329; x_wconf 84' lang='lat' dir='ltr'>prius</span> <span class='ocrx_word' id='word_1_403' title='bbox 2684 281 2838 319; x_wconf 74' lang='lat' dir='ltr'>vocata</span> <span class='ocrx_word' id='word_1_404' title='bbox 2867 269 2871 271; x_wconf 45' lang='grc'>“</span> <span class='ocrx_word' id='word_1_405' title='bbox 2922 319 2924 322; x_wconf 88' lang='grc'><strong>,</strong></span> 
     </span>
     <span class='ocr_line' id='line_1_61' title="bbox 1590 334 2922 405; baseline 0.012 -28"><span class='ocrx_word' id='word_1_406' title='bbox 1590 334 1670 379; x_wconf 80' lang='lat' dir='ltr'>suit</span> <span class='ocrx_word' id='word_1_407' title='bbox 1698 337 1910 393; x_wconf 87' lang='lat' dir='ltr'>Ephrata,</span> <span class='ocrx_word' id='word_1_408' title='bbox 1939 342 2177 405; x_wconf 84' lang='lat' dir='ltr'>secundum</span> <span class='ocrx_word' id='word_1_409' title='bbox 2206 345 2386 399; x_wconf 85' lang='lat' dir='ltr'>primam</span> <span class='ocrx_word' id='word_1_410' title='bbox 2413 346 2659 400; x_wconf 85' lang='lat' dir='ltr'>opinionem</span> <span class='ocrx_word' id='word_1_411' title='bbox 2690 347 2838 392; x_wconf 86' lang='lat' dir='ltr'>‹licen-</span> <span class='ocrx_word' id='word_1_412' title='bbox 2866 387 2867 390; x_wconf 69' lang='grc'>,</span> <span class='ocrx_word' id='word_1_413' title='bbox 2920 394 2922 397; x_wconf 77' lang='grc'><strong>,</strong></span> 
     </span>
     <span class='ocr_line' id='line_1_62' title="bbox 1589 402 2924 474; baseline 0.009 -24"><span class='ocrx_word' id='word_1_414' title='bbox 1589 414 1692 460; x_wconf 91' lang='lat' dir='ltr'>tem,</span> <span class='ocrx_word' id='word_1_415' title='bbox 1716 409 1894 454; x_wconf 81' lang='lat' dir='ltr'>Mariam</span> <span class='ocrx_word' id='word_1_416' title='bbox 1925 424 2118 456; x_wconf 87' lang='lat' dir='ltr'>sororem</span> <span class='ocrx_word' id='word_1_417' title='bbox 2146 413 2281 470; x_wconf 84' lang='lat' dir='ltr'>Moysi</span> <span class='ocrx_word' id='word_1_418' title='bbox 2306 416 2560 459; x_wconf 77' lang='lat' dir='ltr'>translatam</span> <span class='ocrx_word' id='word_1_419' title='bbox 2589 417 2705 471; x_wconf 89' lang='lat' dir='ltr'>illuc,</span> <span class='ocrx_word' id='word_1_420' title='bbox 2733 419 2836 474; x_wconf 86' lang='lat' dir='ltr'>quia</span> <span class='ocrx_word' id='word_1_421' title='bbox 2920 402 2924 427; x_wconf 63' lang='lat'>³</span> 
     </span>
     <span class='ocr_line' id='line_1_63' title="bbox 1588 482 2837 544; baseline 0.008 -20"><span class='ocrx_word' id='word_1_422' title='bbox 1588 487 1759 525; x_wconf 86' lang='lat' dir='ltr'>mortua</span> <span class='ocrx_word' id='word_1_423' title='bbox 1796 482 1876 528; x_wconf 81' lang='lat' dir='ltr'>suit</span> <span class='ocrx_word' id='word_1_424' title='bbox 1908 484 1953 527; x_wconf 92' lang='lat' dir='ltr'>in</span> <span class='ocrx_word' id='word_1_425' title='bbox 1991 486 2180 530; x_wconf 85' lang='lat' dir='ltr'>deserto.</span> <span class='ocrx_word' id='word_1_426' title='bbox 2215 485 2503 544; x_wconf 81' lang='lat' dir='ltr'>Hieronymus</span> <span class='ocrx_word' id='word_1_427' title='bbox 2542 494 2684 532; x_wconf 87' lang='lat' dir='ltr'>tamen</span> <span class='ocrx_word' id='word_1_428' title='bbox 2715 491 2837 543; x_wconf 84' lang='lat' dir='ltr'>dicit,</span> 
     </span>
     <span class='ocr_line' id='line_1_64' title="bbox 1587 554 2920 618; baseline 0.009 -22"><span class='ocrx_word' id='word_1_429' title='bbox 1587 554 1702 608; x_wconf 89' lang='lat' dir='ltr'>quod</span> <span class='ocrx_word' id='word_1_430' title='bbox 1728 554 1859 600; x_wconf 87' lang='lat' dir='ltr'>Caleb</span> <span class='ocrx_word' id='word_1_431' title='bbox 1882 559 2073 614; x_wconf 83' lang='lat' dir='ltr'>suscepit</span> <span class='ocrx_word' id='word_1_432' title='bbox 2093 559 2146 603; x_wconf 91' lang='lat' dir='ltr'>de</span> <span class='ocrx_word' id='word_1_433' title='bbox 2164 559 2370 617; x_wconf 78' lang='lat' dir='ltr'>Eplirata,</span> <span class='ocrx_word' id='word_1_434' title='bbox 2393 559 2483 603; x_wconf 79' lang='lat' dir='ltr'>Bur</span> <span class='ocrx_word' id='word_1_435' title='bbox 2508 562 2648 607; x_wconf 78' lang='lat' dir='ltr'>virum</span> <span class='ocrx_word' id='word_1_436' title='bbox 2673 560 2836 618; x_wconf 79' lang='lat' dir='ltr'>Mariae,</span> <span class='ocrx_word' id='word_1_437' title='bbox 2914 567 2920 602; x_wconf 73' lang='grc' dir='ltr'>ἴ·</span> 
     </span>
     <span class='ocr_line' id='line_1_65' title="bbox 1586 627 2135 685; baseline 0.009 -13"><span class='ocrx_word' id='word_1_438' title='bbox 1586 635 1628 672; x_wconf 90' lang='lat' dir='ltr'>et</span> <span class='ocrx_word' id='word_1_439' title='bbox 1652 627 1745 672; x_wconf 83' lang='lat' dir='ltr'>llur</span> <span class='ocrx_word' id='word_1_440' title='bbox 1763 631 1910 685; x_wconf 78' lang='lat' dir='ltr'>genuit</span> <span class='ocrx_word' id='word_1_441' title='bbox 1927 630 2135 677; x_wconf 87' lang='lat' dir='ltr'>Bezeleel.</span> 
     </span>
    </p>
   </div>
   <div class='ocr_carea' id='block_1_13' title="bbox 1583 715 2921 1070">
    <p class='ocr_par' dir='ltr' id='par_1_16' title="bbox 1583 715 2921 1070">
     <span class='ocr_line' id='line_1_66' title="bbox 1642 715 2921 776; baseline 0.007 -15"><span class='ocrx_word' id='word_1_442' title='bbox 1642 719 1885 762; x_wconf 76' lang='lat' dir='ltr'>&#39;&#39;⁵‘Additio</span> <span class='ocrx_word' id='word_1_443' title='bbox 1903 720 1945 764; x_wconf 71' lang='lat'>4.</span> <span class='ocrx_word' id='word_1_444' title='bbox 1982 721 2092 765; x_wconf 87' lang='lat' dir='ltr'>Cum</span> <span class='ocrx_word' id='word_1_445' title='bbox 2128 729 2246 766; x_wconf 86' lang='lat' dir='ltr'>terra</span> <span class='ocrx_word' id='word_1_446' title='bbox 2268 722 2340 766; x_wconf 90' lang='lat' dir='ltr'>illa</span> <span class='ocrx_word' id='word_1_447' title='bbox 2358 723 2623 768; x_wconf 86' lang='lat' dir='ltr'>calidissima</span> <span class='ocrx_word' id='word_1_448' title='bbox 2650 723 2725 776; x_wconf 84' lang='lat' dir='ltr'>sit,</span> <span class='ocrx_word' id='word_1_449' title='bbox 2756 724 2839 769; x_wconf 88' lang='lat' dir='ltr'>ho-</span> <span class='ocrx_word' id='word_1_450' title='bbox 2866 715 2867 722; x_wconf 38' lang='lat'>¹</span> <span class='ocrx_word' id='word_1_451' title='bbox 2919 743 2921 746; x_wconf 95' lang='lat'>·</span> 
     </span>
     <span class='ocr_line' id='line_1_67' title="bbox 1589 792 2840 850; baseline 0.008 -17"><span class='ocrx_word' id='word_1_452' title='bbox 1589 792 1725 835; x_wconf 81' lang='lat' dir='ltr'>mines</span> <span class='ocrx_word' id='word_1_453' title='bbox 1745 793 1936 850; x_wconf 85' lang='lat' dir='ltr'>regionis</span> <span class='ocrx_word' id='word_1_454' title='bbox 1955 795 2071 839; x_wconf 90' lang='lat' dir='ltr'>illius</span> <span class='ocrx_word' id='word_1_455' title='bbox 2091 801 2243 839; x_wconf 90' lang='lat' dir='ltr'>contra</span> <span class='ocrx_word' id='word_1_456' title='bbox 2266 797 2504 840; x_wconf 84' lang='lat' dir='ltr'>remedium</span> <span class='ocrx_word' id='word_1_457' title='bbox 2518 804 2651 843; x_wconf 85' lang='lat' dir='ltr'>aestus</span> <span class='ocrx_word' id='word_1_458' title='bbox 2669 798 2712 841; x_wconf 86' lang='lat' dir='ltr'>in</span> <span class='ocrx_word' id='word_1_459' title='bbox 2732 809 2840 843; x_wconf 85' lang='lat' dir='ltr'>con·</span> 
     </span>
     <span class='ocr_line' id='line_1_68' title="bbox 1584 865 2858 925; baseline 0.005 -19"><span class='ocrx_word' id='word_1_460' title='bbox 1584 865 1787 910; x_wconf 84' lang='lat' dir='ltr'>dimentis</span> <span class='ocrx_word' id='word_1_461' title='bbox 1820 866 1911 911; x_wconf 91' lang='lat' dir='ltr'>suis</span> <span class='ocrx_word' id='word_1_462' title='bbox 1954 874 2094 920; x_wconf 88' lang='lat' dir='ltr'>aceto,</span> <span class='ocrx_word' id='word_1_463' title='bbox 2120 868 2235 923; x_wconf 88' lang='lat' dir='ltr'>quod</span> <span class='ocrx_word' id='word_1_464' title='bbox 2266 867 2471 924; x_wconf 80' lang='lat' dir='ltr'>frigidum</span> <span class='ocrx_word' id='word_1_465' title='bbox 2507 875 2590 920; x_wconf 89' lang='lat' dir='ltr'>est,</span> <span class='ocrx_word' id='word_1_466' title='bbox 2636 875 2858 925; x_wconf 64' lang='lat' dir='ltr'>utuntur.2</span> 
     </span>
     <span class='ocr_line' id='line_1_69' title="bbox 1583 928 2858 998; baseline 0.006 -19"><span class='ocrx_word' id='word_1_467' title='bbox 1583 936 1811 981; x_wconf 87' lang='lat' dir='ltr'>Contraria</span> <span class='ocrx_word' id='word_1_468' title='bbox 1836 940 1951 985; x_wconf 89' lang='lat' dir='ltr'>enim</span> <span class='ocrx_word' id='word_1_469' title='bbox 1974 941 2208 984; x_wconf 83' lang='lat' dir='ltr'>contrariis</span> <span class='ocrx_word' id='word_1_470' title='bbox 2226 946 2452 993; x_wconf 86' lang='lat' dir='ltr'>curantur,</span> <span class='ocrx_word' id='word_1_471' title='bbox 2478 942 2681 998; x_wconf 83' lang='lat' dir='ltr'>quoniam</span> <span class='ocrx_word' id='word_1_472' title='bbox 2706 928 2858 987; x_wconf 62' lang='lat' dir='ltr'>etiamv</span> 
     </span>
     <span class='ocr_line' id='line_1_70' title="bbox 1583 1011 2289 1070; baseline 0.006 -16"><span class='ocrx_word' id='word_1_473' title='bbox 1583 1011 1878 1057; x_wconf 86' lang='lat' dir='ltr'>calidissimus</span> <span class='ocrx_word' id='word_1_474' title='bbox 1893 1019 2028 1058; x_wconf 85' lang='lat' dir='ltr'>aestus</span> <span class='ocrx_word' id='word_1_475' title='bbox 2050 1013 2289 1070; x_wconf 83' lang='lat' dir='ltr'>mitigatur.</span> 
     </span>
    </p>
   </div>
   <div class='ocr_carea' id='block_1_14' title="bbox 1637 1103 2883 1167">
    <p class='ocr_par' dir='ltr' id='par_1_17' title="bbox 1637 1103 2883 1167">
     <span class='ocr_line' id='line_1_71' title="bbox 1637 1103 2883 1167; baseline 0.002 -22"><span class='ocrx_word' id='word_1_476' title='bbox 1637 1105 1722 1120; x_wconf 75' lang='lat'>····</span> <span class='ocrx_word' id='word_1_477' title='bbox 1726 1103 1899 1146; x_wconf 76' lang='lat' dir='ltr'>Additio</span> <span class='ocrx_word' id='word_1_478' title='bbox 1917 1104 1959 1148; x_wconf 80' lang='lat'>5.</span> <span class='ocrx_word' id='word_1_479' title='bbox 1996 1103 2230 1148; x_wconf 79' lang='lat' dir='ltr'>Arconium</span> <span class='ocrx_word' id='word_1_480' title='bbox 2265 1103 2427 1148; x_wconf 89' lang='lat' dir='ltr'>dictum</span> <span class='ocrx_word' id='word_1_481' title='bbox 2461 1108 2526 1148; x_wconf 89' lang='lat' dir='ltr'>est</span> <span class='ocrx_word' id='word_1_482' title='bbox 2555 1103 2607 1147; x_wconf 83' lang='lat' dir='ltr'>ab</span> <span class='ocrx_word' id='word_1_483' title='bbox 2630 1105 2836 1155; x_wconf 84' lang='lat' dir='ltr'>arcendo,</span> <span class='ocrx_word' id='word_1_484' title='bbox 2881 1163 2883 1167; x_wconf 23' lang='grc' dir='ltr'>ι</span> 
     </span>
    </p>
   </div>
   <div class='ocr_carea' id='block_1_15' title="bbox 1577 1171 2921 1991">
    <p class='ocr_par' dir='ltr' id='par_1_18' title="bbox 1583 1171 2616 1234">
     <span class='ocr_line' id='line_1_72' title="bbox 1583 1171 2616 1234; baseline 0.002 -15"><span class='ocrx_word' id='word_1_485' title='bbox 1583 1177 1686 1232; x_wconf 68' lang='lat' dir='ltr'>quia</span> <span class='ocrx_word' id='word_1_486' title='bbox 1713 1177 1880 1232; x_wconf 82' lang='lat' dir='ltr'>gelimae</span> <span class='ocrx_word' id='word_1_487' title='bbox 1902 1178 1958 1221; x_wconf 88' lang='lat' dir='ltr'>ibi</span> <span class='ocrx_word' id='word_1_488' title='bbox 1987 1184 2191 1222; x_wconf 86' lang='lat' dir='ltr'>arcentur</span> <span class='ocrx_word' id='word_1_489' title='bbox 2207 1178 2411 1234; x_wconf 86' lang='lat' dir='ltr'>quaelibet</span> <span class='ocrx_word' id='word_1_490' title='bbox 2431 1178 2484 1220; x_wconf 88' lang='lat' dir='ltr'>ab</span> <span class='ocrx_word' id='word_1_491' title='bbox 2515 1171 2616 1221; x_wconf 87' lang='lat' dir='ltr'>alia.</span> 
     </span>
    </p>

    <p class='ocr_par' dir='ltr' id='par_1_19' title="bbox 1577 1236 2921 1991">
     <span class='ocr_line' id='line_1_73' title="bbox 1638 1236 2883 1313; baseline 0 -3"><span class='ocrx_word' id='word_1_492' title='bbox 1638 1270 1743 1286; x_wconf 75' lang='lat'><strong>······</strong></span> <span class='ocrx_word' id='word_1_493' title='bbox 1745 1266 1917 1310; x_wconf 77' lang='lat' dir='ltr'>Addin‘o</span> <span class='ocrx_word' id='word_1_494' title='bbox 1927 1267 1970 1312; x_wconf 84' lang='lat'>6.</span> <span class='ocrx_word' id='word_1_495' title='bbox 1983 1265 2147 1312; x_wconf 87' lang='lat' dir='ltr'>Sensus</span> <span class='ocrx_word' id='word_1_496' title='bbox 2157 1268 2386 1312; x_wconf 82' lang='lat' dir='ltr'>verborum</span> <span class='ocrx_word' id='word_1_497' title='bbox 2398 1266 2579 1311; x_wconf 69' lang='lat' dir='ltr'>loannis</span> <span class='ocrx_word' id='word_1_498' title='bbox 2598 1266 2838 1313; x_wconf 82' lang='lat' dir='ltr'>secundum</span> <span class='ocrx_word' id='word_1_499' title='bbox 2871 1236 2883 1288; x_wconf 57' lang='lat'><em>3</em></span> 
     </span>
     <span class='ocr_line' id='line_1_74' title="bbox 1587 1334 2882 1396; baseline -0.002 -12"><span class='ocrx_word' id='word_1_500' title='bbox 1587 1351 1717 1384; x_wconf 86' lang='lat' dir='ltr'>unam</span> <span class='ocrx_word' id='word_1_501' title='bbox 1736 1339 2050 1395; x_wconf 84' lang='lat' dir='ltr'>expositionem</span> <span class='ocrx_word' id='word_1_502' title='bbox 2069 1340 2108 1384; x_wconf 88' lang='lat' dir='ltr'>is</span> <span class='ocrx_word' id='word_1_503' title='bbox 2119 1345 2217 1384; x_wconf 84' lang='lat' dir='ltr'>est:</span> <span class='ocrx_word' id='word_1_504' title='bbox 2242 1339 2483 1384; x_wconf 79' lang='lat' dir='ltr'>Putabatur</span> <span class='ocrx_word' id='word_1_505' title='bbox 2498 1338 2686 1384; x_wconf 72' lang='lat' dir='ltr'>loannes</span> <span class='ocrx_word' id='word_1_506' title='bbox 2707 1351 2840 1396; x_wconf 84' lang='lat' dir='ltr'>spon-</span> <span class='ocrx_word' id='word_1_507' title='bbox 2876 1334 2882 1394; x_wconf 63' lang='grc' dir='ltr'>ξ</span> 
     </span>
     <span class='ocr_line' id='line_1_75' title="bbox 1584 1402 2881 1471; baseline -0.002 -9"><span class='ocrx_word' id='word_1_508' title='bbox 1584 1429 1661 1462; x_wconf 87' lang='lat' dir='ltr'>sus</span> <span class='ocrx_word' id='word_1_509' title='bbox 1685 1427 1870 1471; x_wconf 70' lang='lat' dir='ltr'>sponsae,</span> <span class='ocrx_word' id='word_1_510' title='bbox 1895 1415 1938 1460; x_wconf 93' lang='lat' dir='ltr'>id</span> <span class='ocrx_word' id='word_1_511' title='bbox 1959 1423 2026 1461; x_wconf 87' lang='lat' dir='ltr'>est</span> <span class='ocrx_word' id='word_1_512' title='bbox 2047 1416 2269 1468; x_wconf 86' lang='lat' dir='ltr'>Ecclesiae,</span> <span class='ocrx_word' id='word_1_513' title='bbox 2295 1426 2338 1461; x_wconf 89' lang='lat' dir='ltr'>et</span> <span class='ocrx_word' id='word_1_514' title='bbox 2362 1416 2443 1460; x_wconf 82' lang='lat' dir='ltr'>suit</span> <span class='ocrx_word' id='word_1_515' title='bbox 2466 1416 2754 1468; x_wconf 88' lang='lat' dir='ltr'>consuetudo,</span> <span class='ocrx_word' id='word_1_516' title='bbox 2770 1423 2838 1470; x_wconf 85' lang='lat' dir='ltr'>ut,</span> <span class='ocrx_word' id='word_1_517' title='bbox 2880 1402 2881 1406; x_wconf 27' lang='lat'>¹</span> 
     </span>
     <span class='ocr_line' id='line_1_76' title="bbox 1584 1477 2840 1546; baseline 0.002 -13"><span class='ocrx_word' id='word_1_518' title='bbox 1584 1495 1758 1537; x_wconf 82' lang='lat' dir='ltr'>mortuo</span> <span class='ocrx_word' id='word_1_519' title='bbox 1792 1500 1882 1534; x_wconf 85' lang='lat' dir='ltr'>uno</span> <span class='ocrx_word' id='word_1_520' title='bbox 1907 1490 2002 1536; x_wconf 91' lang='lat' dir='ltr'>sine</span> <span class='ocrx_word' id='word_1_521' title='bbox 2023 1491 2161 1546; x_wconf 87' lang='lat' dir='ltr'>prole,</span> <span class='ocrx_word' id='word_1_522' title='bbox 2190 1502 2370 1535; x_wconf 78' lang='lat' dir='ltr'>uxorem</span> <span class='ocrx_word' id='word_1_523' title='bbox 2403 1490 2499 1546; x_wconf 83' lang='lat' dir='ltr'>ejus</span> <span class='ocrx_word' id='word_1_524' title='bbox 2511 1477 2702 1534; x_wconf 41' lang='lat' dir='ltr'>‘duceret</span> <span class='ocrx_word' id='word_1_525' title='bbox 2737 1501 2840 1546; x_wconf 86' lang='lat' dir='ltr'>pro·-</span> 
     </span>
     <span class='ocr_line' id='line_1_77' title="bbox 1581 1558 2879 1620; baseline 0.001 -15"><span class='ocrx_word' id='word_1_526' title='bbox 1581 1562 1786 1619; x_wconf 81' lang='lat' dir='ltr'>pinquior</span> <span class='ocrx_word' id='word_1_527' title='bbox 1820 1562 1919 1618; x_wconf 72' lang='lat' dir='ltr'>eiua</span> <span class='ocrx_word' id='word_1_528' title='bbox 1947 1568 2181 1620; x_wconf 35' lang='lat' dir='ltr'>cognatus..</span> <span class='ocrx_word' id='word_1_529' title='bbox 2203 1562 2329 1617; x_wconf 86' lang='lat' dir='ltr'>Quod</span> <span class='ocrx_word' id='word_1_530' title='bbox 2353 1562 2390 1606; x_wconf 89' lang='lat' dir='ltr'>si</span> <span class='ocrx_word' id='word_1_531' title='bbox 2429 1562 2562 1606; x_wconf 89' lang='lat' dir='ltr'>nollet</span> <span class='ocrx_word' id='word_1_532' title='bbox 2593 1562 2835 1617; x_wconf 80' lang='lat' dir='ltr'>proximus,</span> <span class='ocrx_word' id='word_1_533' title='bbox 2868 1558 2879 1598; x_wconf 79' lang='lat'>.³</span> 
     </span>
     <span class='ocr_line' id='line_1_78' title="bbox 1579 1636 2915 1694; baseline -0.001 -11"><span class='ocrx_word' id='word_1_534' title='bbox 1579 1651 1677 1684; x_wconf 85' lang='lat' dir='ltr'>eum</span> <span class='ocrx_word' id='word_1_535' title='bbox 1697 1637 2005 1690; x_wconf 72' lang='lat' dir='ltr'>discalceabat,</span> <span class='ocrx_word' id='word_1_536' title='bbox 2027 1644 2070 1682; x_wconf 85' lang='lat' dir='ltr'>ct</span> <span class='ocrx_word' id='word_1_537' title='bbox 2087 1638 2210 1682; x_wconf 76' lang='lat' dir='ltr'>duxit</span> <span class='ocrx_word' id='word_1_538' title='bbox 2232 1650 2343 1686; x_wconf 80' lang='lat' dir='ltr'>eam.</span> <span class='ocrx_word' id='word_1_539' title='bbox 2362 1636 2474 1681; x_wconf 87' lang='lat' dir='ltr'>Dicit</span> <span class='ocrx_word' id='word_1_540' title='bbox 2495 1649 2598 1694; x_wconf 85' lang='lat' dir='ltr'>ergo</span> <span class='ocrx_word' id='word_1_541' title='bbox 2614 1637 2834 1683; x_wconf 85' lang='lat' dir='ltr'>Joannes:</span> <span class='ocrx_word' id='word_1_542' title='bbox 2914 1646 2915 1649; x_wconf 76' lang='grc'>’</span> 
     </span>
     <span class='ocr_line' id='line_1_79' title="bbox 1580 1709 2854 1769; baseline -0.003 -14"><span class='ocrx_word' id='word_1_543' title='bbox 1580 1711 1674 1756; x_wconf 83' lang='lat' dir='ltr'>Non</span> <span class='ocrx_word' id='word_1_544' title='bbox 1694 1725 1797 1757; x_wconf 83' lang='lat' dir='ltr'>sum</span> <span class='ocrx_word' id='word_1_545' title='bbox 1831 1724 1910 1769; x_wconf 81' lang='lat' dir='ltr'>ego</span> <span class='ocrx_word' id='word_1_546' title='bbox 1936 1723 2141 1768; x_wconf 80' lang='lat' dir='ltr'>sponsus.</span> <span class='ocrx_word' id='word_1_547' title='bbox 2178 1710 2255 1756; x_wconf 87' lang='lat' dir='ltr'>sed</span> <span class='ocrx_word' id='word_1_548' title='bbox 2287 1710 2506 1762; x_wconf 80' lang='lat' dir='ltr'>Christus,</span> <span class='ocrx_word' id='word_1_549' title='bbox 2538 1711 2664 1766; x_wconf 73' lang='lat' dir='ltr'>cujus</span> <span class='ocrx_word' id='word_1_550' title='bbox 2699 1709 2854 1768; x_wconf 56' lang='lat' dir='ltr'>corri-⁴</span> 
     </span>
     <span class='ocr_line' id='line_1_80' title="bbox 1577 1782 2838 1847; baseline -0.002 -18"><span class='ocrx_word' id='word_1_551' title='bbox 1577 1786 1693 1843; x_wconf 59' lang='lat' dir='ltr'>glani</span> <span class='ocrx_word' id='word_1_552' title='bbox 1723 1785 2008 1847; x_wconf 73' lang='lat' dir='ltr'>calceamenti</span> <span class='ocrx_word' id='word_1_553' title='bbox 2042 1798 2130 1829; x_wconf 88' lang='lat' dir='ltr'>non</span> <span class='ocrx_word' id='word_1_554' title='bbox 2164 1797 2262 1829; x_wconf 87' lang='lat' dir='ltr'>sum</span> <span class='ocrx_word' id='word_1_555' title='bbox 2285 1784 2444 1840; x_wconf 77' lang='lat' dir='ltr'>dignus</span> <span class='ocrx_word' id='word_1_556' title='bbox 2469 1785 2652 1834; x_wconf 86' lang='lat' dir='ltr'>solvere,</span> <span class='ocrx_word' id='word_1_557' title='bbox 2680 1789 2728 1827; x_wconf 89' lang='lat' dir='ltr'>ut</span> <span class='ocrx_word' id='word_1_558' title='bbox 2754 1782 2838 1827; x_wconf 88' lang='lat' dir='ltr'>du-</span> 
     </span>
     <span class='ocr_line' id='line_1_81' title="bbox 1582 1858 2921 1916; baseline -0.001 -13"><span class='ocrx_word' id='word_1_559' title='bbox 1582 1870 1679 1905; x_wconf 85' lang='lat' dir='ltr'>cam</span> <span class='ocrx_word' id='word_1_560' title='bbox 1718 1859 1815 1915; x_wconf 72' lang='lat' dir='ltr'>eius</span> <span class='ocrx_word' id='word_1_561' title='bbox 1857 1871 2091 1916; x_wconf 84' lang='lat' dir='ltr'>sponsam;</span> <span class='ocrx_word' id='word_1_562' title='bbox 2130 1871 2217 1903; x_wconf 90' lang='lat' dir='ltr'>non</span> <span class='ocrx_word' id='word_1_563' title='bbox 2249 1864 2395 1902; x_wconf 81' lang='lat' dir='ltr'>tamen</span> <span class='ocrx_word' id='word_1_564' title='bbox 2433 1859 2524 1914; x_wconf 85' lang='lat' dir='ltr'>ipse</span> <span class='ocrx_word' id='word_1_565' title='bbox 2548 1858 2838 1904; x_wconf 83' lang='lat' dir='ltr'>discalceabat</span> <span class='ocrx_word' id='word_1_566' title='bbox 2860 1859 2868 1876; x_wconf 73' lang='lat'>³</span> <span class='ocrx_word' id='word_1_567' title='bbox 2920 1879 2921 1883; x_wconf 60' lang='lat'><em>=</em></span> 
     </span>
     <span class='ocr_line' id='line_1_82' title="bbox 1583 1923 2918 1991; baseline -0.001 -12"><span class='ocrx_word' id='word_1_568' title='bbox 1583 1933 1882 1991; x_wconf 75' lang='lat' dir='ltr'>repudiantem</span> <span class='ocrx_word' id='word_1_569' title='bbox 1908 1931 2072 1979; x_wconf 86' lang='lat' dir='ltr'>ducens</span> <span class='ocrx_word' id='word_1_570' title='bbox 2093 1944 2206 1979; x_wconf 88' lang='lat' dir='ltr'>eam.</span> <span class='ocrx_word' id='word_1_571' title='bbox 2230 1931 2354 1986; x_wconf 84' lang='lat' dir='ltr'>Quod</span> <span class='ocrx_word' id='word_1_572' title='bbox 2378 1937 2499 1977; x_wconf 88' lang='lat' dir='ltr'>notat</span> <span class='ocrx_word' id='word_1_573' title='bbox 2521 1932 2610 1978; x_wconf 90' lang='lat' dir='ltr'>hic.</span> <span class='ocrx_word' id='word_1_574' title='bbox 2915 1923 2918 1925; x_wconf 53' lang='grc'><strong><em>’</em></strong></span> 
     </span>
    </p>
   </div>
   <div class='ocr_carea' id='block_1_16' title="bbox 2851 0 2924 4352">
    <p class='ocr_par' dir='ltr' id='par_1_20' title="bbox 2851 0 2924 4352">
     <span class='ocr_line' id='line_1_83' title="bbox 2851 0 2924 965; baseline 0 -148"><span class='ocrx_word' id='word_1_575' title='bbox 2851 0 2924 965; x_wconf 95' lang='lat' dir='ltr'>    </span> 
     </span>
     <span class='ocr_line' id='line_1_84' title="bbox 2851 965 2924 4352; baseline 0 -2674"><span class='ocrx_word' id='word_1_576' title='bbox 2851 965 2924 4352; x_wconf 95' lang='lat' dir='ltr'>     </span> 
     </span>
    </p>
   </div>
   <div class='ocr_carea' id='block_1_17' title="bbox 1526 1261 1560 1304">
    <p class='ocr_par' dir='ltr' id='par_1_21' title="bbox 1526 1261 1560 1304">
     <span class='ocr_line' id='line_1_85' title="bbox 1526 1261 1560 1304; baseline 0 0"><span class='ocrx_word' id='word_1_577' title='bbox 1526 1261 1560 1304; x_wconf 85' lang='grc' dir='ltr'>Β</span> 
     </span>
    </p>
   </div>
   <div class='ocr_carea' id='block_1_18' title="bbox 1514 2634 2924 3937">
    <p class='ocr_par' dir='ltr' id='par_1_22' title="bbox 1523 2634 2924 3716">
     <span class='ocr_line' id='line_1_86' title="bbox 1523 2634 2918 2697; baseline -0.006 -11"><span class='ocrx_word' id='word_1_578' title='bbox 1523 2650 1556 2695; x_wconf 86' lang='lat' dir='ltr'>c</span> <span class='ocrx_word' id='word_1_579' title='bbox 1584 2640 1835 2697; x_wconf 73' lang='lat' dir='ltr'>criuijacens</span> <span class='ocrx_word' id='word_1_580' title='bbox 1871 2639 1990 2697; x_wconf 81' lang='lat' dir='ltr'>regio</span> <span class='ocrx_word' id='word_1_581' title='bbox 2026 2640 2155 2694; x_wconf 79' lang='lat' dir='ltr'>longe</span> <span class='ocrx_word' id='word_1_582' title='bbox 2189 2635 2326 2681; x_wconf 87' lang='lat' dir='ltr'>videri</span> <span class='ocrx_word' id='word_1_583' title='bbox 2367 2642 2554 2692; x_wconf 85' lang='lat' dir='ltr'>poterat,</span> <span class='ocrx_word' id='word_1_584' title='bbox 2598 2634 2663 2680; x_wconf 80' lang='lat' dir='ltr'>sic</span> <span class='ocrx_word' id='word_1_585' title='bbox 2698 2635 2830 2679; x_wconf 81' lang='lat' dir='ltr'>tradit</span> <span class='ocrx_word' id='word_1_586' title='bbox 2909 2685 2918 2695; x_wconf 34' lang='lat' dir='ltr'><strong><em>J</em></strong></span> 
     </span>
     <span class='ocr_line' id='line_1_87' title="bbox 1577 2707 2924 2769; baseline -0.005 -13"><span class='ocrx_word' id='word_1_587' title='bbox 1577 2712 1883 2769; x_wconf 82' lang='lat' dir='ltr'>Hieronymus.</span> <span class='ocrx_word' id='word_1_588' title='bbox 1914 2710 1999 2754; x_wconf 84' lang='lat' dir='ltr'>Alii</span> <span class='ocrx_word' id='word_1_589' title='bbox 2037 2707 2312 2766; x_wconf 80' lang='lat' dir='ltr'>distinguunt</span> <span class='ocrx_word' id='word_1_590' title='bbox 2351 2710 2414 2753; x_wconf 89' lang='lat' dir='ltr'>sic</span> <span class='ocrx_word' id='word_1_591' title='bbox 2457 2708 2511 2751; x_wconf 89' lang='lat' dir='ltr'>de</span> <span class='ocrx_word' id='word_1_592' title='bbox 2539 2707 2828 2752; x_wconf 82' lang='lat' dir='ltr'>Ramathaim·-</span> <span class='ocrx_word' id='word_1_593' title='bbox 2921 2720 2924 2721; x_wconf 59' lang='grc'>’</span> 
     </span>
     <span class='ocr_line' id='line_1_88' title="bbox 1577 2778 2825 2843; baseline -0.007 -11"><span class='ocrx_word' id='word_1_594' title='bbox 1577 2778 1765 2843; x_wconf 84' lang='lat' dir='ltr'>sophim.</span> <span class='ocrx_word' id='word_1_595' title='bbox 1802 2783 1899 2828; x_wconf 83' lang='lat' dir='ltr'>Non</span> <span class='ocrx_word' id='word_1_596' title='bbox 1941 2788 2009 2828; x_wconf 90' lang='lat' dir='ltr'>est</span> <span class='ocrx_word' id='word_1_597' title='bbox 2050 2789 2194 2827; x_wconf 83' lang='lat' dir='ltr'>autern</span> <span class='ocrx_word' id='word_1_598' title='bbox 2243 2794 2369 2826; x_wconf 89' lang='lat' dir='ltr'>mons</span> <span class='ocrx_word' id='word_1_599' title='bbox 2415 2779 2619 2838; x_wconf 79' lang='lat' dir='ltr'>Ephraim</span> <span class='ocrx_word' id='word_1_600' title='bbox 2666 2792 2825 2824; x_wconf 89' lang='lat' dir='ltr'>nomen</span> 
     </span>
     <span class='ocr_line' id='line_1_89' title="bbox 1577 2852 2825 2916; baseline -0.004 -14"><span class='ocrx_word' id='word_1_601' title='bbox 1577 2859 1755 2910; x_wconf 88' lang='lat' dir='ltr'>montis,</span> <span class='ocrx_word' id='word_1_602' title='bbox 1776 2857 1854 2902; x_wconf 86' lang='lat' dir='ltr'>sed</span> <span class='ocrx_word' id='word_1_603' title='bbox 1879 2852 2087 2916; x_wconf 78' lang='lat' dir='ltr'>regionis.</span> <span class='ocrx_word' id='word_1_604' title='bbox 2106 2855 2230 2900; x_wconf 91' lang='lat' dir='ltr'>Unde</span> <span class='ocrx_word' id='word_1_605' title='bbox 2267 2855 2314 2898; x_wconf 92' lang='lat' dir='ltr'>in</span> <span class='ocrx_word' id='word_1_606' title='bbox 2352 2854 2636 2916; x_wconf 81' lang='lat' dir='ltr'>sequentibus</span> <span class='ocrx_word' id='word_1_607' title='bbox 2662 2853 2737 2898; x_wconf 88' lang='lat' dir='ltr'>ubi</span> <span class='ocrx_word' id='word_1_608' title='bbox 2760 2853 2825 2897; x_wconf 85' lang='lat' dir='ltr'>le-</span> 
     </span>
     <span class='ocr_line' id='line_1_90' title="bbox 1575 2923 2826 2990; baseline -0.005 -14"><span class='ocrx_word' id='word_1_609' title='bbox 1575 2934 1693 2990; x_wconf 81' lang='lat' dir='ltr'>gitur</span> <span class='ocrx_word' id='word_1_610' title='bbox 1715 2933 1768 2976; x_wconf 87' lang='lat' dir='ltr'>dc</span> <span class='ocrx_word' id='word_1_611' title='bbox 1792 2931 2022 2976; x_wconf 89' lang='lat' dir='ltr'>duodecim</span> <span class='ocrx_word' id='word_1_612' title='bbox 2053 2929 2273 2987; x_wconf 83' lang='lat' dir='ltr'>praesectis</span> <span class='ocrx_word' id='word_1_613' title='bbox 2298 2929 2542 2988; x_wconf 77' lang='lat' dir='ltr'>regionum,</span> <span class='ocrx_word' id='word_1_614' title='bbox 2560 2927 2636 2983; x_wconf 86' lang='lat' dir='ltr'>qui</span> <span class='ocrx_word' id='word_1_615' title='bbox 2673 2923 2826 2970; x_wconf 79' lang='lat' dir='ltr'>minis·</span> 
     </span>
     <span class='ocr_line' id='line_1_91' title="bbox 1575 3000 2924 3061; baseline -0.005 -13"><span class='ocrx_word' id='word_1_616' title='bbox 1575 3007 1749 3052; x_wconf 72' lang='lat' dir='ltr'>trabant</span> <span class='ocrx_word' id='word_1_617' title='bbox 1788 3003 2013 3049; x_wconf 81' lang='lat' dir='ltr'>Salomoni</span> <span class='ocrx_word' id='word_1_618' title='bbox 2059 3015 2138 3061; x_wconf 89' lang='lat' dir='ltr'>per</span> <span class='ocrx_word' id='word_1_619' title='bbox 2173 3002 2372 3058; x_wconf 83' lang='lat' dir='ltr'>singulos</span> <span class='ocrx_word' id='word_1_620' title='bbox 2410 3013 2606 3054; x_wconf 85' lang='lat' dir='ltr'>menses;</span> <span class='ocrx_word' id='word_1_621' title='bbox 2649 3000 2828 3056; x_wconf 89' lang='lat' dir='ltr'>ponitur</span> <span class='ocrx_word' id='word_1_622' title='bbox 2919 3020 2924 3026; x_wconf 84' lang='lat'><em>—</em></span> 
     </span>
     <span class='ocr_line' id='line_1_92' title="bbox 1574 3071 2827 3133; baseline -0.003 -14"><span class='ocrx_word' id='word_1_623' title='bbox 1574 3077 1743 3122; x_wconf 85' lang='lat' dir='ltr'>Dcchar</span> <span class='ocrx_word' id='word_1_624' title='bbox 1773 3075 2004 3133; x_wconf 71' lang='lat' dir='ltr'>praefectus</span> <span class='ocrx_word' id='word_1_625' title='bbox 2033 3075 2194 3119; x_wconf 83' lang='lat' dir='ltr'>montis</span> <span class='ocrx_word' id='word_1_626' title='bbox 2218 3073 2436 3130; x_wconf 79' lang='lat' dir='ltr'>EphraIm.</span> <span class='ocrx_word' id='word_1_627' title='bbox 2464 3071 2564 3116; x_wconf 84' lang='lat' dir='ltr'>Fuit</span> <span class='ocrx_word' id='word_1_628' title='bbox 2584 3077 2726 3116; x_wconf 87' lang='lat' dir='ltr'>autem</span> <span class='ocrx_word' id='word_1_629' title='bbox 2752 3071 2827 3115; x_wconf 83' lang='lat' dir='ltr'>El-</span> 
     </span>
     <span class='ocr_line' id='line_1_93' title="bbox 1574 3134 2824 3194; baseline -0.005 -1"><span class='ocrx_word' id='word_1_630' title='bbox 1574 3162 1682 3193; x_wconf 84' lang='lat' dir='ltr'>cana</span> <span class='ocrx_word' id='word_1_631' title='bbox 1699 3148 1849 3192; x_wconf 86' lang='lat' dir='ltr'>Levita</span> <span class='ocrx_word' id='word_1_632' title='bbox 1879 3159 2024 3192; x_wconf 88' lang='lat' dir='ltr'>nonus</span> <span class='ocrx_word' id='word_1_633' title='bbox 2050 3146 2246 3191; x_wconf 89' lang='lat' dir='ltr'>decimus</span> <span class='ocrx_word' id='word_1_634' title='bbox 2276 3157 2298 3188; x_wconf 89' lang='lat' dir='ltr'>a</span> <span class='ocrx_word' id='word_1_635' title='bbox 2329 3144 2450 3194; x_wconf 86' lang='lat' dir='ltr'>Levi,</span> <span class='ocrx_word' id='word_1_636' title='bbox 2475 3134 2746 3188; x_wconf 85' lang='lat' dir='ltr'>descendens</span> <span class='ocrx_word' id='word_1_637' title='bbox 2768 3144 2824 3187; x_wconf 81' lang='lat' dir='ltr'>ah</span> 
     </span>
     <span class='ocr_line' id='line_1_94' title="bbox 1574 3215 2920 3278; baseline -0.004 -13"><span class='ocrx_word' id='word_1_638' title='bbox 1574 3233 1625 3266; x_wconf 90' lang='lat' dir='ltr'>eo</span> <span class='ocrx_word' id='word_1_639' title='bbox 1649 3233 1726 3278; x_wconf 87' lang='lat' dir='ltr'>per</span> <span class='ocrx_word' id='word_1_640' title='bbox 1747 3219 1906 3271; x_wconf 86' lang='lat' dir='ltr'>Caath,</span> <span class='ocrx_word' id='word_1_641' title='bbox 1935 3226 1978 3263; x_wconf 90' lang='lat' dir='ltr'>et</span> <span class='ocrx_word' id='word_1_642' title='bbox 2011 3218 2132 3263; x_wconf 87' lang='lat' dir='ltr'>Isaar</span> <span class='ocrx_word' id='word_1_643' title='bbox 2167 3223 2212 3262; x_wconf 90' lang='lat' dir='ltr'>et</span> <span class='ocrx_word' id='word_1_644' title='bbox 2243 3218 2371 3262; x_wconf 91' lang='lat' dir='ltr'>Core.</span> <span class='ocrx_word' id='word_1_645' title='bbox 2399 3216 2523 3278; x_wconf 81' lang='lat' dir='ltr'>Unde</span> <span class='ocrx_word' id='word_1_646' title='bbox 2561 3221 2678 3274; x_wconf 88' lang='lat' dir='ltr'>patet</span> <span class='ocrx_word' id='word_1_647' title='bbox 2705 3215 2822 3273; x_wconf 85' lang='lat' dir='ltr'>quod</span> <span class='ocrx_word' id='word_1_648' title='bbox 2919 3267 2920 3272; x_wconf 13' lang='lat'>¹</span> 
     </span>
     <span class='ocr_line' id='line_1_95' title="bbox 1576 3289 2904 3349; baseline -0.003 -12"><span class='ocrx_word' id='word_1_649' title='bbox 1576 3292 1748 3338; x_wconf 86' lang='lat' dir='ltr'>Samuel</span> <span class='ocrx_word' id='word_1_650' title='bbox 1781 3306 1870 3336; x_wconf 91' lang='lat' dir='ltr'>non</span> <span class='ocrx_word' id='word_1_651' title='bbox 1898 3292 1978 3335; x_wconf 80' lang='lat' dir='ltr'>luit</span> <span class='ocrx_word' id='word_1_652' title='bbox 2011 3290 2238 3342; x_wconf 82' lang='lat' dir='ltr'>Aarouita,</span> <span class='ocrx_word' id='word_1_653' title='bbox 2259 3296 2303 3335; x_wconf 91' lang='lat' dir='ltr'>et</span> <span class='ocrx_word' id='word_1_654' title='bbox 2326 3291 2488 3334; x_wconf 86' lang='lat' dir='ltr'>dicitur</span> <span class='ocrx_word' id='word_1_655' title='bbox 2515 3289 2819 3346; x_wconf 78' lang='lat' dir='ltr'>Ephrathaeus.</span> <span class='ocrx_word' id='word_1_656' title='bbox 2900 3290 2904 3349; x_wconf 62' lang='lat' dir='ltr'>f</span> 
     </span>
     <span class='ocr_line' id='line_1_96' title="bbox 1574 3359 2903 3412; baseline -0.002 -2"><span class='ocrx_word' id='word_1_657' title='bbox 1574 3367 1615 3410; x_wconf 89' lang='lat' dir='ltr'>id</span> <span class='ocrx_word' id='word_1_658' title='bbox 1640 3375 1706 3411; x_wconf 87' lang='lat' dir='ltr'>est</span> <span class='ocrx_word' id='word_1_659' title='bbox 1728 3365 2025 3410; x_wconf 84' lang='lat' dir='ltr'>Betleliemita.</span> <span class='ocrx_word' id='word_1_660' title='bbox 2046 3363 2144 3408; x_wconf 84' lang='lat' dir='ltr'>Fuit</span> <span class='ocrx_word' id='word_1_661' title='bbox 2165 3364 2279 3408; x_wconf 89' lang='lat' dir='ltr'>enim</span> <span class='ocrx_word' id='word_1_662' title='bbox 2303 3362 2540 3412; x_wconf 84' lang='lat' dir='ltr'>secundum</span> <span class='ocrx_word' id='word_1_663' title='bbox 2564 3367 2744 3406; x_wconf 81' lang='lat' dir='ltr'>matrem</span> <span class='ocrx_word' id='word_1_664' title='bbox 2766 3361 2821 3408; x_wconf 78' lang='lat' dir='ltr'>de</span> <span class='ocrx_word' id='word_1_665' title='bbox 2901 3359 2903 3366; x_wconf 58' lang='lat'><strong><em>⁴</em></strong></span> 
     </span>
     <span class='ocr_line' id='line_1_97' title="bbox 1574 3434 2907 3497; baseline -0.004 -14"><span class='ocrx_word' id='word_1_666' title='bbox 1574 3441 1689 3484; x_wconf 89' lang='lat' dir='ltr'>tribu</span> <span class='ocrx_word' id='word_1_667' title='bbox 1714 3439 1840 3484; x_wconf 87' lang='lat' dir='ltr'>Juda.</span> <span class='ocrx_word' id='word_1_668' title='bbox 1873 3437 1997 3483; x_wconf 88' lang='lat' dir='ltr'>Unde</span> <span class='ocrx_word' id='word_1_669' title='bbox 2034 3443 2183 3494; x_wconf 83' lang='lat' dir='ltr'>pastea</span> <span class='ocrx_word' id='word_1_670' title='bbox 2214 3437 2388 3482; x_wconf 87' lang='lat' dir='ltr'>Samuel</span> <span class='ocrx_word' id='word_1_671' title='bbox 2421 3436 2566 3495; x_wconf 76' lang='lat' dir='ltr'>posuit</span> <span class='ocrx_word' id='word_1_672' title='bbox 2603 3448 2737 3490; x_wconf 85' lang='lat' dir='ltr'>unum</span> <span class='ocrx_word' id='word_1_673' title='bbox 2765 3434 2819 3493; x_wconf 85' lang='lat' dir='ltr'>de</span> <span class='ocrx_word' id='word_1_674' title='bbox 2904 3495 2907 3497; x_wconf 17' lang='grc' dir='ltr'><strong><em>Δ</em></strong></span> 
     </span>
     <span class='ocr_line' id='line_1_98' title="bbox 1573 3510 2924 3570; baseline -0.003 -13"><span class='ocrx_word' id='word_1_675' title='bbox 1573 3513 1674 3558; x_wconf 83' lang='lat' dir='ltr'>liliis</span> <span class='ocrx_word' id='word_1_676' title='bbox 1697 3513 1996 3570; x_wconf 87' lang='lat' dir='ltr'>suisjudicem</span> <span class='ocrx_word' id='word_1_677' title='bbox 2014 3512 2059 3556; x_wconf 92' lang='lat' dir='ltr'>in</span> <span class='ocrx_word' id='word_1_678' title='bbox 2081 3510 2331 3556; x_wconf 86' lang='lat' dir='ltr'>Bethlehem</span> <span class='ocrx_word' id='word_1_679' title='bbox 2356 3515 2563 3567; x_wconf 80' lang='lat' dir='ltr'>tanquam</span> <span class='ocrx_word' id='word_1_680' title='bbox 2580 3510 2693 3559; x_wconf 79' lang='lat' dir='ltr'>inter</span> <span class='ocrx_word' id='word_1_681' title='bbox 2714 3521 2819 3553; x_wconf 81' lang='lat' dir='ltr'>con-</span> <span class='ocrx_word' id='word_1_682' title='bbox 2920 3549 2924 3558; x_wconf 88' lang='grc'><em>,</em></span> 
     </span>
     <span class='ocr_line' id='line_1_99' title="bbox 1571 3576 2902 3642; baseline -0.004 -12"><span class='ocrx_word' id='word_1_683' title='bbox 1571 3587 1771 3631; x_wconf 87' lang='lat' dir='ltr'>tribules.</span> <span class='ocrx_word' id='word_1_684' title='bbox 1794 3586 1847 3629; x_wconf 84' lang='lat' dir='ltr'>Et</span> <span class='ocrx_word' id='word_1_685' title='bbox 1864 3591 1966 3630; x_wconf 86' lang='lat' dir='ltr'>nota</span> <span class='ocrx_word' id='word_1_686' title='bbox 1987 3583 2102 3642; x_wconf 91' lang='lat' dir='ltr'>quod</span> <span class='ocrx_word' id='word_1_687' title='bbox 2131 3583 2308 3641; x_wconf 86' lang='lat' dir='ltr'>quidam</span> <span class='ocrx_word' id='word_1_688' title='bbox 2342 3585 2425 3627; x_wconf 81' lang='lat' dir='ltr'>tria</span> <span class='ocrx_word' id='word_1_689' title='bbox 2449 3576 2626 3630; x_wconf 74' lang='lat' dir='ltr'>nentina</span> <span class='ocrx_word' id='word_1_690' title='bbox 2661 3582 2823 3629; x_wconf 66' lang='lat' dir='ltr'>distin·</span> <span class='ocrx_word' id='word_1_691' title='bbox 2900 3576 2902 3578; x_wconf 69' lang='grc'><strong>’</strong></span> 
     </span>
     <span class='ocr_line' id='line_1_100' title="bbox 1571 3655 2818 3716; baseline -0.002 -13"><span class='ocrx_word' id='word_1_692' title='bbox 1571 3667 1709 3716; x_wconf 81' lang='lat' dir='ltr'>guunt</span> <span class='ocrx_word' id='word_1_693' title='bbox 1737 3660 1828 3704; x_wconf 89' lang='lat' dir='ltr'>sic:</span> <span class='ocrx_word' id='word_1_694' title='bbox 1850 3658 2077 3703; x_wconf 77' lang='lat' dir='ltr'>Effrataeus</span> <span class='ocrx_word' id='word_1_695' title='bbox 2113 3658 2169 3701; x_wconf 88' lang='lat' dir='ltr'>ad</span> <span class='ocrx_word' id='word_1_696' title='bbox 2203 3656 2380 3701; x_wconf 77' lang='lat' dir='ltr'>Effraim</span> <span class='ocrx_word' id='word_1_697' title='bbox 2403 3657 2601 3704; x_wconf 83' lang='lat' dir='ltr'>scribunt</span> <span class='ocrx_word' id='word_1_698' title='bbox 2622 3667 2701 3712; x_wconf 91' lang='lat' dir='ltr'>per</span> <span class='ocrx_word' id='word_1_699' title='bbox 2728 3655 2818 3701; x_wconf 80' lang='lat' dir='ltr'>duo</span> 
     </span>
    </p>

    <p class='ocr_par' dir='ltr' id='par_1_23' title="bbox 1514 3726 2845 3937">
     <span class='ocr_line' id='line_1_101' title="bbox 1514 3726 2816 3789; baseline 0.001 -18"><span class='ocrx_word' id='word_1_700' title='bbox 1514 3727 1549 3771; x_wconf 90' lang='lat' dir='ltr'>D</span> <span class='ocrx_word' id='word_1_701' title='bbox 1572 3733 1628 3788; x_wconf 81' lang='lat' dir='ltr'>ff‚·</span> <span class='ocrx_word' id='word_1_702' title='bbox 1653 3730 1966 3788; x_wconf 81' lang='lat' dir='ltr'>Euphrathaeus</span> <span class='ocrx_word' id='word_1_703' title='bbox 1983 3729 2037 3773; x_wconf 87' lang='lat' dir='ltr'>ad</span> <span class='ocrx_word' id='word_1_704' title='bbox 2054 3729 2262 3786; x_wconf 87' lang='lat' dir='ltr'>Ephrata,</span> <span class='ocrx_word' id='word_1_705' title='bbox 2281 3739 2357 3785; x_wconf 91' lang='lat' dir='ltr'>per</span> <span class='ocrx_word' id='word_1_706' title='bbox 2368 3727 2447 3789; x_wconf 74' lang='lat' dir='ltr'>ph:</span> <span class='ocrx_word' id='word_1_707' title='bbox 2468 3727 2749 3789; x_wconf 81' lang='lat' dir='ltr'>Ephrathaeus</span> <span class='ocrx_word' id='word_1_708' title='bbox 2761 3726 2816 3772; x_wconf 78' lang='lat' dir='ltr'>ad</span> 
     </span>
     <span class='ocr_line' id='line_1_102' title="bbox 1567 3801 2845 3860; baseline -0.002 -13"><span class='ocrx_word' id='word_1_709' title='bbox 1567 3804 1840 3860; x_wconf 87' lang='lat' dir='ltr'>Euphraten,</span> <span class='ocrx_word' id='word_1_710' title='bbox 1886 3803 2003 3859; x_wconf 88' lang='lat' dir='ltr'>quod</span> <span class='ocrx_word' id='word_1_711' title='bbox 2034 3806 2102 3846; x_wconf 89' lang='lat' dir='ltr'>est</span> <span class='ocrx_word' id='word_1_712' title='bbox 2147 3801 2346 3857; x_wconf 72' lang='lat' dir='ltr'>frugifer,</span> <span class='ocrx_word' id='word_1_713' title='bbox 2371 3813 2449 3858; x_wconf 91' lang='lat' dir='ltr'>per</span> <span class='ocrx_word' id='word_1_714' title='bbox 2477 3813 2544 3854; x_wconf 80' lang='lat' dir='ltr'>eu,</span> <span class='ocrx_word' id='word_1_715' title='bbox 2570 3806 2614 3846; x_wconf 88' lang='lat' dir='ltr'>et</span> <span class='ocrx_word' id='word_1_716' title='bbox 2647 3806 2731 3852; x_wconf 89' lang='lat' dir='ltr'>est,</span> <span class='ocrx_word' id='word_1_717' title='bbox 2769 3803 2816 3851; x_wconf 75' lang='lat' dir='ltr'>ut</span> <span class='ocrx_word' id='word_1_718' title='bbox 2841 3804 2845 3814; x_wconf 75' lang='lat'><strong>⁴</strong></span> 
     </span>
     <span class='ocr_line' id='line_1_103' title="bbox 1567 3873 2580 3937; baseline -0.004 -15"><span class='ocrx_word' id='word_1_719' title='bbox 1567 3877 1735 3929; x_wconf 86' lang='lat' dir='ltr'>dicunt,</span> <span class='ocrx_word' id='word_1_720' title='bbox 1761 3876 1975 3921; x_wconf 85' lang='lat' dir='ltr'>terminus</span> <span class='ocrx_word' id='word_1_721' title='bbox 1994 3874 2150 3919; x_wconf 79' lang='lat' dir='ltr'>Judaeae</span> <span class='ocrx_word' id='word_1_722' title='bbox 2162 3873 2290 3931; x_wconf 78' lang='lat' dir='ltr'>Juxta</span> <span class='ocrx_word' id='word_1_723' title='bbox 2314 3873 2580 3937; x_wconf 83' lang='lat' dir='ltr'>Euphraten.</span> 
     </span>
    </p>
   </div>
   <div class='ocr_carea' id='block_1_19' title="bbox 1693 3964 2653 4011">
    <p class='ocr_par' dir='ltr' id='par_1_24' title="bbox 1693 3964 2653 4011">
     <span class='ocr_line' id='line_1_104' title="bbox 1693 3964 2653 4011; baseline -0.002 0"><span class='ocrx_word' id='word_1_724' title='bbox 1693 3967 1799 4011; x_wconf 63' lang='lat' dir='ltr'>Car.</span> <span class='ocrx_word' id='word_1_725' title='bbox 1818 3966 1886 4010; x_wconf 88' lang='lat'>111.</span> <span class='ocrx_word' id='word_1_726' title='bbox 1914 3966 1976 4011; x_wconf 81' lang='lat' dir='ltr'>De</span> <span class='ocrx_word' id='word_1_727' title='bbox 1998 3966 2223 4011; x_wconf 75' lang='lat' dir='ltr'>Pheneum</span> <span class='ocrx_word' id='word_1_728' title='bbox 2237 3972 2276 4009; x_wconf 79' lang='lat' dir='ltr'>et</span> <span class='ocrx_word' id='word_1_729' title='bbox 2292 3965 2416 4009; x_wconf 78' lang='lat' dir='ltr'>Anna</span> <span class='ocrx_word' id='word_1_730' title='bbox 2433 3964 2653 4009; x_wconf 70' lang='lat' dir='ltr'>uxoribus.</span> 
     </span>
    </p>
   </div>
   <div class='ocr_carea' id='block_1_20' title="bbox 1561 4052 2924 4514">
    <p class='ocr_par' dir='ltr' id='par_1_25' title="bbox 1561 4052 2924 4514">
     <span class='ocr_line' id='line_1_105' title="bbox 1628 4052 2915 4119; baseline -0.002 -21"><span class='ocrx_word' id='word_1_731' title='bbox 1628 4070 1645 4097; x_wconf 73' lang='lat' dir='ltr'>e</span> <span class='ocrx_word' id='word_1_732' title='bbox 1667 4055 1830 4101; x_wconf 82' lang='lat' dir='ltr'>Habuit</span> <span class='ocrx_word' id='word_1_733' title='bbox 1858 4064 2002 4102; x_wconf 87' lang='lat' dir='ltr'>autem</span> <span class='ocrx_word' id='word_1_734' title='bbox 2028 4058 2188 4103; x_wconf 86' lang='lat' dir='ltr'>Elcana</span> <span class='ocrx_word' id='word_1_735' title='bbox 2209 4058 2319 4115; x_wconf 73' lang='lat' dir='ltr'>duas</span> <span class='ocrx_word' id='word_1_736' title='bbox 2357 4064 2713 4108; x_wconf 69' lang='lat' dir='ltr'>uxoret.,nomen</span> <span class='ocrx_word' id='word_1_737' title='bbox 2733 4052 2812 4119; x_wconf 79' lang='lat' dir='ltr'>uni</span> <span class='ocrx_word' id='word_1_738' title='bbox 2858 4108 2862 4118; x_wconf 30' lang='grc' dir='ltr'><strong><em>ι</em></strong></span> <span class='ocrx_word' id='word_1_739' title='bbox 2914 4064 2915 4081; x_wconf 60' lang='lat'>¹</span> 
     </span>
     <span class='ocr_line' id='line_1_106' title="bbox 1563 4121 2861 4185; baseline -0.002 -13"><span class='ocrx_word' id='word_1_740' title='bbox 1563 4126 1705 4181; x_wconf 81' lang='lat' dir='ltr'>Anna,</span> <span class='ocrx_word' id='word_1_741' title='bbox 1731 4124 1774 4173; x_wconf 83' lang='lat' dir='ltr'>et</span> <span class='ocrx_word' id='word_1_742' title='bbox 1794 4141 1954 4174; x_wconf 83' lang='lat' dir='ltr'>nomeu</span> <span class='ocrx_word' id='word_1_743' title='bbox 1973 4131 2174 4175; x_wconf 82' lang='lat' dir='ltr'>secundae</span> <span class='ocrx_word' id='word_1_744' title='bbox 2195 4129 2430 4174; x_wconf 84' lang='lat' dir='ltr'>Phenenna</span> <span class='ocrx_word' id='word_1_745' title='bbox 2450 4128 2494 4185; x_wconf 90' lang='lat'>(1</span> <span class='ocrx_word' id='word_1_746' title='bbox 2517 4127 2615 4184; x_wconf 64' lang='grc' dir='ltr'>Περ.</span> <span class='ocrx_word' id='word_1_747' title='bbox 2641 4127 2693 4184; x_wconf 88' lang='grc' dir='ltr'>ι).</span> <span class='ocrx_word' id='word_1_748' title='bbox 2718 4142 2734 4170; x_wconf 68' lang='grc' dir='ltr'><em>ι</em></span> <span class='ocrx_word' id='word_1_749' title='bbox 2757 4121 2813 4170; x_wconf 68' lang='lat' dir='ltr'>m</span> <span class='ocrx_word' id='word_1_750' title='bbox 2859 4135 2861 4138; x_wconf 74' lang='grc'>’</span> 
     </span>
     <span class='ocr_line' id='line_1_107' title="bbox 1563 4191 2812 4250; baseline -0.002 -8"><span class='ocrx_word' id='word_1_751' title='bbox 1563 4211 1663 4243; x_wconf 88' lang='lat' dir='ltr'>cum</span> <span class='ocrx_word' id='word_1_752' title='bbox 1685 4199 1838 4244; x_wconf 86' lang='lat' dir='ltr'>debuit</span> <span class='ocrx_word' id='word_1_753' title='bbox 1868 4201 2015 4246; x_wconf 82' lang='lat' dir='ltr'>dicere</span> <span class='ocrx_word' id='word_1_754' title='bbox 2047 4202 2171 4246; x_wconf 82' lang='lat' dir='ltr'>alteri</span> <span class='ocrx_word' id='word_1_755' title='bbox 2208 4202 2263 4245; x_wconf 87' lang='lat' dir='ltr'>de</span> <span class='ocrx_word' id='word_1_756' title='bbox 2306 4201 2490 4250; x_wconf 82' lang='lat' dir='ltr'>duabus,</span> <span class='ocrx_word' id='word_1_757' title='bbox 2517 4199 2629 4243; x_wconf 83' lang='lat' dir='ltr'>dixit</span> <span class='ocrx_word' id='word_1_758' title='bbox 2653 4191 2812 4249; x_wconf 71' lang='lat' dir='ltr'>secun-⁷</span> 
     </span>
     <span class='ocr_line' id='line_1_108' title="bbox 1562 4255 2810 4330; baseline -0.002 -15"><span class='ocrx_word' id='word_1_759' title='bbox 1562 4272 1645 4324; x_wconf 79' lang='lat' dir='ltr'>dae,</span> <span class='ocrx_word' id='word_1_760' title='bbox 1687 4272 1874 4318; x_wconf 85' lang='lat' dir='ltr'>innuens</span> <span class='ocrx_word' id='word_1_761' title='bbox 1907 4274 2028 4330; x_wconf 84' lang='lat' dir='ltr'>quia,</span> <span class='ocrx_word' id='word_1_762' title='bbox 2051 4274 2151 4318; x_wconf 86' lang='lat' dir='ltr'>licet</span> <span class='ocrx_word' id='word_1_763' title='bbox 2183 4285 2313 4330; x_wconf 82' lang='lat' dir='ltr'>pares</span> <span class='ocrx_word' id='word_1_764' title='bbox 2358 4279 2507 4317; x_wconf 82' lang='lat' dir='ltr'>essent</span> <span class='ocrx_word' id='word_1_765' title='bbox 2540 4272 2584 4315; x_wconf 90' lang='lat' dir='ltr'>in</span> <span class='ocrx_word' id='word_1_766' title='bbox 2634 4255 2810 4314; x_wconf 66' lang='lat' dir='ltr'>nomin‘e</span> 
     </span>
     <span class='ocr_line' id='line_1_109' title="bbox 1562 4335 2807 4400; baseline -0.004 -12"><span class='ocrx_word' id='word_1_767' title='bbox 1562 4345 1735 4400; x_wconf 82' lang='lat' dir='ltr'>uxorio,</span> <span class='ocrx_word' id='word_1_768' title='bbox 1759 4351 1908 4391; x_wconf 87' lang='lat' dir='ltr'>tamen</span> <span class='ocrx_word' id='word_1_769' title='bbox 1921 4347 2016 4390; x_wconf 78' lang='lat' dir='ltr'>haec</span> <span class='ocrx_word' id='word_1_770' title='bbox 2035 4346 2224 4391; x_wconf 86' lang='lat' dir='ltr'>secunda</span> <span class='ocrx_word' id='word_1_771' title='bbox 2248 4351 2342 4389; x_wconf 85' lang='lat' dir='ltr'>erat</span> <span class='ocrx_word' id='word_1_772' title='bbox 2363 4346 2407 4388; x_wconf 87' lang='lat' dir='ltr'>in</span> <span class='ocrx_word' id='word_1_773' title='bbox 2425 4356 2570 4388; x_wconf 88' lang='lat' dir='ltr'>amore</span> <span class='ocrx_word' id='word_1_774' title='bbox 2592 4343 2688 4388; x_wconf 79' lang='lat' dir='ltr'>viri.</span> <span class='ocrx_word' id='word_1_775' title='bbox 2707 4335 2807 4386; x_wconf 62' lang='lat' dir='ltr'>Erat</span> 
     </span>
     <span class='ocr_line' id='line_1_110' title="bbox 1561 4387 2924 4514; baseline -0.004 -53"><span class='ocrx_word' id='word_1_776' title='bbox 1561 4422 1707 4462; x_wconf 89' lang='lat' dir='ltr'>autem</span> <span class='ocrx_word' id='word_1_777' title='bbox 1745 4417 1870 4462; x_wconf 83' lang='lat' dir='ltr'>Anna</span> <span class='ocrx_word' id='word_1_778' title='bbox 1897 4418 2198 4475; x_wconf 65' lang='lat' dir='ltr'>pulchra,&#39;sed</span> <span class='ocrx_word' id='word_1_779' title='bbox 2239 4419 2415 4469; x_wconf 85' lang='lat' dir='ltr'>sterilis,</span> <span class='ocrx_word' id='word_1_780' title='bbox 2435 4406 2669 4460; x_wconf 68' lang='lat' dir='ltr'>phenenua</span> <span class='ocrx_word' id='word_1_781' title='bbox 2704 4423 2807 4457; x_wconf 75' lang='lat' dir='ltr'>vero</span> <span class='ocrx_word' id='word_1_782' title='bbox 2848 4387 2861 4514; x_wconf 42' lang='grc' dir='ltr'><strong>ᾖ</strong></span> <span class='ocrx_word' id='word_1_783' title='bbox 2920 4413 2924 4423; x_wconf 87' lang='grc'><em>“</em></span> 
     </span>
    </p>
   </div>
   <div class='ocr_carea' id='block_1_21' title="bbox 2851 4522 2924 4588">
    <p class='ocr_par' dir='ltr' id='par_1_26' title="bbox 2851 4522 2924 4588">
     <span class='ocr_line' id='line_1_111' title="bbox 2851 4522 2924 4588; baseline 0 -58"><span class='ocrx_word' id='word_1_784' title='bbox 2851 4554 2859 4588; x_wconf 57' lang='lat'><strong>¹</strong></span> <span class='ocrx_word' id='word_1_785' title='bbox 2921 4522 2924 4530; x_wconf 88' lang='lat'>.</span> 
     </span>
    </p>
   </div>
  </div>
 </body>
</html>
