2924 4588
276 151 442 216 Cra*
570 164 598 200 ⁸

273 344 367 383 erat
390 337 692 381 candelabrum
713 347 764 379 ex
798 333 915 376 ferro
940 333 1114 375 calonis
1137 332 1279 373 aureis
1314 330 1511 383 superin-

272 411 402 454 ducto
420 390 652 458 sactumssi
680 407 804 450 fusile
829 405 929 458 suit;
950 406 987 449 si
1010 417 1110 447 vero
1129 403 1303 452 tinctile,
1346 402 1511 456 simpli-

271 484 377 526 citer
393 495 443 525 ex
467 494 570 525 auro
597 481 691 531 suit,
716 485 759 523 et
772 460 938 522 mall'eis
952 475 1383 521 mirabiliartilicioin
1402 476 1509 515 hauc

272 554 451 598 sormam
475 554 743 607 productum.
768 549 870 592 Erat
887 557 1044 599 autem,
1074 556 1120 591 ut
1150 549 1254 590 dicit
1277 547 1505 601 ¹Iosephus,

269 639 322 669 ex
343 625 611 679 septuaginta
653 623 848 679 partibus
888 624 1187 676 compositum,
1226 620 1266 661 in
1299 632 1380 660 una
1416 618 1509 660 basi

268 702 471 739 erectum.
498 695 569 739 Sic
595 697 636 737 in
655 695 815 743 hastili,
842 701 882 737 et
899 694 1086 738 brachiis
1105 699 1229 735 crant
1252 690 1405 733 calami
1433 692 1509 732 tri-

266 771 382 825 ginta
402 781 550 812 novcm
573 783 581 811 :
608 781 693 810 non
715 767 884 822 integri,
913 767 988 810 sed
1018 778 1068 810 ex
1109 766 1276 812 duabus
1298 765 1505 818 partibus.

266 842 310 885 In
339 841 492 892 medio,
516 842 586 884 ubi
608 846 750 897 partes
768 840 1072 895 jungebantur,
1091 846 1183 881 erat
1208 838 1417 892 sphzcrula
1438 850 1509 877 sua

266 916 495 969 perposita.
516 927 570 957 ne
588 914 792 968 junctura
808 914 1039 961 videretur,
1062 919 1098 955 et
1142 916 1366 966 putaretur
1395 910 1510 951 cala-

266 1000 361 1030 mus
387 999 520 1028 unus:
548 991 589 1028 et
626 986 684 1027 ita
712 990 834 1028 erant
869 984 1019 1026 calami
1045 984 1356 1038 quinquaginta
1392 986 1506 1028 octo,

264 1072 361 1102 cum
388 1059 562 1102 totidem
582 1058 838 1113 sphaerulis;
867 1057 1056 1112 quinque
1082 1063 1222 1110 partes
1239 1056 1283 1097 in
1321 1053 1414 1097 basi
1441 1064 1510 1096 se-

264 1135 377 1187 ptem
422 1130 663 1185 lampadum
690 1128 830 1171 sedes.
870 1126 1137 1181 Quocunque
1179 1125 1307 1167 modo
1350 1123 1508 1165 sactum

264 1200 454 1243 fueritin
479 1212 660 1248 summo,
707 1205 867 1252 septem
898 1197 1082 1240 habebat
1127 1196 1267 1250 capita
1309 1195 1505 1250 aequalia,

263 1284 391 1328 super
407 1286 501 1327 quae
524 1273 792 1327 ponebantur
815 1275 979 1325 septem
1003 1269 1188 1312 lucernae
1206 1279 1360 1310 aureae.
1388 1265 1506 1308 lnl'u-

1186 166 1254 208 An
1258 165 1351 208 Ain
1380 159 1734 208 PnAEtto-NSTR
1741 158 1970 206 ATENSts

271 269 428 322 jusque
446 265 599 308 calami
621 250 845 318 spluertffis
869 258 1066 302 voiubllis
1109 268 1214 310 supe
1216 256 1392 309 rposita.
1441 253 1512 296 Sic
1538 259 1568 302 Α
1594 253 1828 308 putandum
1855 253 2033 295 dubium
2057 252 2244 303 venisse,
2272 253 2386 308 quod
2405 261 2520 299 esset
2561 256 2604 298 in
2638 263 2849 302 sanetua-
2891 273 2905 298 ’ἢ

1593 325 1673 373 rio,
1694 330 1791 366 cum
1819 323 1987 366 liehraei
2009 322 2090 366 hoc
2108 324 2270 376 dicant,
2302 333 2343 369 et
2358 325 2571 382 Josephus
2595 329 2780 383 planius,
2798 337 2839 376 et
2902 347 2905 350 ⁴

1595 395 1729 449 prima
1751 395 1972 449 proportio
1993 395 2258 438 tabernaculi
2282 396 2391 440 sacta
2430 411 2454 440 a
2489 399 2621 444 Moise
2660 399 2839 448 innuat:

1593 467 1675 509 nisi
1695 467 1791 520 quia
1817 465 1974 509 Paulus
1996 467 2050 509 ad
2068 466 2269 512 Hebraeos
2285 469 2547 514 thuribulum
2569 484 2747 518 aureum
2766 487 2844 530 po-
2903 472 2905 487 ²

1591 539 1654 580 nit
1677 539 1788 579 intra
1817 538 1974 581 Sancta
1989 545 2236 583 sanctorum
2255 540 2402 598 (Hebr.
2426 556 2486 595 tx,
2507 543 2721 601 :oroma
2738 558 2845 591 saur
2900 559 2905 568 ²

1590 620 1702 658 osse,
1728 611 1842 664 quod
1870 610 1913 652 in
1939 613 2114 666 templo,
2136 613 2208 655 ubi
2231 614 2376 656 omnia
2409 617 2608 672 ampliata
2648 615 2837 671 suerunt,

1589 691 1630 724 et
1649 683 1949 738 multiplicata,
1976 694 2132 740 practer
2155 686 2289 731 altare
2303 699 2479 732 aureum
2498 691 2612 746 quod
2645 697 2739 735 erat
2765 705 2842 736 cx-

1590 763 1655 797 tra
1677 756 1834 806 velum,
1862 757 1915 798 ad
1933 758 2045 812 quod
2069 757 2135 800 bis
2155 757 2197 800 in
2218 758 2288 802 die
2313 767 2492 805 necesse
2527 770 2615 805 erat
2657 763 2839 819 ingredi,

1587 834 1679 871 erat
1720 829 2045 883 superadditum
2079 830 2345 874 thuribulum
2382 846 2426 876 m
2465 834 2629 885 abdito,
2667 836 2722 878 in·
2754 847 2842 891 quo

1588 911 1782 944 summus
1804 903 2007 946 sacerdos
2022 915 2198 959 prunas,
2214 910 2255 945 et
2270 906 2562 961 thymiamata,
2581 919 2674 963 quae
2692 920 2840 952 seeum

1591 971 1766 1022 serebat,
1793 973 1999 1024 adoleret,
2030 975 2202 1029 quando
2241 976 2295 1018 ad
2333 976 2536 1021 interiora
2562 980 2839 1037 contingebat

1588 1045 1729 1099 ipsum
1747 1049 1990 1099 penetrare.
2069 1090 2072 1094 ,

1641 1116 1785 1161 LXIII.
1811 1117 1871 1162 De
1893 1119 2022 1163 atriis
2041 1131 2142 1163 vero
2175 1121 2258 1164 hoc
2285 1122 2412 1166 modo
2447 1123 2615 1168 scribit.
2635 1124 2736 1168 Erat
2759 1137 2836 1170 au·

1588 1196 1671 1233 tem
1696 1190 1853 1233 atrium
1878 1192 1992 1234 circa
2014 1193 2340 1237 tabernaculum
2376 1195 2422 1239 in
2438 1195 2576 1242 latere
2601 1198 2842 1242 meridiano

1588 1269 1757 1306 centum
1774 1264 2017 1307 cubitorum
2033 1280 2045 1318 ς
2067 1267 2162 1310 etin
2178 1268 2416 1322 aquilonari
2428 1277 2621 1322 eentum
2637 1270 2680 1314 in
2693 1271 2838 1314 orien-

2755 167 2839 214 σεο
2886 139 2891 191 ἶ

261 1347 376 1388 soria
398 1347 524 1389 etium
545 1353 706 1400 septem
723 1356 776 1388 ex
794 1355 901 1386 auro
921 1348 1060 1392 erant,
1081 1342 1236 1397 quibus
1270 1340 1409 1383 oleum
1430 1342 1503 1382 lu-
1530 1331 1562 1377 Β
1587 1335 1659 1378 tali
1684 1348 1787 1380 vero
1804 1337 2132 1395 quinquaginta,
2152 1346 2194 1384 et
2218 1342 2395 1385 totidem
2424 1343 2466 1386 in
2488 1343 2772 1397 occidentali;
2794 1350 2838 1389 ct
2859 1370 2863 1375 ·

259 1417 402 1460 vernis
428 1415 746 1459 infundebatur.
771 1414 978 1470 Praecepit
995 1413 1122 1457 etiam
1140 1411 1343 1455 Dominus
1362 1409 1507 1454 offerri

259 1501 281 1530 a
308 1488 402 1532 filiis
421 1486 549 1532 Israel
572 1488 712 1532 oleum
755 1487 966 1530 olivarum
994 1486 1292 1541 purissimum,
1330 1484 1506 1539 piloque

258 1568 417 1604 tusum.
441 1560 530 1604 lloc
553 1560 667 1604 enim
691 1559 841 1616 purius
863 1565 944 1610 est,
970 1571 1098 1614 quam
1133 1570 1335 1608 nuceum,
1359 1557 1427 1600 vel
1452 1557 1504 1599 li-

257 1647 400 1685 neum,
424 1636 488 1679 vel
509 1635 792 1691 myrrhinum,
811 1634 875 1676 rel
900 1633 1182 1689 raphaninum
1204 1648 1212 1675 :
1242 1637 1288 1673 ut
1331 1641 1501 1687 semper

256 1709 425 1752 arderet
442 1721 494 1751 cx
509 1707 639 1764 374
658 1719 709 1750 eo
727 1707 900 1750 lucerna
926 1708 969 1748 iu
995 1705 1272 1749 tabernaculo
1306 1705 1500 1748 testimo-

255 1780 332 1831 nii,
350 1793 477 1834 quam
509 1780 803 1823 accendebant
819 1779 962 1823 Aaron
984 1787 1026 1824 et
1056 1779 1129 1822 filii
1156 1779 1250 1833 ejus
1294 1789 1494 1832 vespere;

252 1859 295 1895 et
311 1865 446 1906 usque
461 1865 584 1896 manc
601 1848 799 1895 lucebant
824 1865 952 1908 super
988 1853 1294 1895 candelabrum
1333 1857 1496 1907 septem

253 1927 436 1969 lucernae
460 1937 604 1969 coram
638 1925 841 1978 Domino;
877 1925 921 1967 in
959 1924 1029 1968 die
1056 1937 1160 1968 vero
1197 1930 1286 1967 tres
1311 1927 1491 1965 tautum.

251 1997 451 2054 Lychnus
474 1998 659 2041 lucernae
696 2008 909 2052 papyreus
941 2002 1047 2039 erat.
1074 1994 1337 2041 Cinceudula
1374 2006 1491 2044 vero,

250 2085 291 2135 q:
284 2082 379 2114 iam
402 2081 599 2126 mengum
623 2069 826 2119 diximus,
845 2080 991 2112 aurea
1030 2067 1325 2122 Erantqueihi
1363 2066 1495 2110 sorei-

249 2138 326 2200 pes
341 2155 392 2187 ex
407 2153 515 2185 auro
537 2141 590 2184 ad
612 2140 896 2197 emungenda,
899 2136 1299 2196 velexstinguenda
1318 2138 1491 2192 ticinen

252 2216 424 2267 vascula
446 2215 572 2259 etiam
594 2226 647 2258 ex
670 2225 776 2257 auro
796 2220 919 2257 erant
952 2203 1006 2257 ad
1040 2212 1402 2268 exstinguendum
1449 2211 1493 2255 in

249 2277 360 2346 aqua
376 2302 470 2345 quae
492 2289 845 2344 emungebantur,
870 2301 924 2332 ne
947 2279 1102 2332 tetrum
1128 2286 1357 2331 redderent
1393 2287 1495 2330 odo-

250 2370 354 2410 rem.
377 2362 510 2406 Omne
528 2363 694 2418 pondus
710 2360 819 2416 ejus,
846 2370 942 2403 cum
964 2360 1078 2403 vasis
1109 2360 1199 2403 suis
1237 2359 1388 2402 habuit
1426 2366 1491 2401 ta·
1531 2402 1547 2419 ,

1534 2432 1548 2450 ⁴
1571 2439 1757 2494 populus
1774 2440 2054 2495 reciperetur.
2083 2439 2129 2483 ln
2145 2440 2343 2484 eumdem
2365 2441 2538 2484 modum
2568 2442 2686 2492 latus
2704 2444 2828 2499 aqui-

250 2436 409 2481 lentum
434 2436 526 2479 auri
547 2435 602 2479 ad
625 2434 792 2491 pondus
812 2435 1062 2478 sanctuarii.
1083 2432 1183 2476 Tria
1223 2433 1335 2476 en‘nn
1358 2432 1490 2476 habe·

248 2509 352 2554 bant
368 2510 542 2553 talenta.
578 2508 716 2552 Minus
758 2507 1069 2564 quinquaginta
1110 2506 1335 2557 librarum,
1376 2505 1491 2561 quod

246 2587 314 2627 est
331 2583 590 2627 institorum.
617 2581 801 2625 Medium
842 2579 1128 2636 septuaginta,
1155 2578 1279 2635 quod‘
1305 2579 1491 2623 erat'ci-

246 2655 379 2698 vium.
399 2654 627 2705 Maximum
649 2660 821 2697 centum
837 2653 1005 2709 viginti,
1032 2652 1144 2708 quod
1169 2659 1261 2695 erat
1286 2657 1468 2696 sanctua

246 2727 314 2770 rii.
341 2725 501 2771 Tamen
516 2726 728 2784 Iosephus
741 2727 844 2770 dicit
863 2728 1003 2782 ipsum
1020 2720 1222 2769 habuisse
1236 2726 1377 2770 minas
1394 2737 1492 2770 cen·

246 2810 353 2854 tum,
375 2814 483 2859 quas
499 2800 663 2845 Hebraei
694 2801 912 2845 cinthares
957 2799 1122 2851 dicunt,
1160 2799 1308 2843 Graeca
1343 2800 1488 2856 lingua

246 2876 566 2932 interpretatum
586 2875 792 2919 talentum
816 2879 1102 2930 nuncupatur.
1130 2872 1321 2917 Positum
1342 2880 1487 2937 autem

243 2956 336 2991 erat
351 2948 405 2992 ad
429 2956 623 2993 austrum
646 2955 796 2992 contra
814 2961 1005 2994 mensam
1031 2962 1117 2993 non
1144 2956 1261 2994 recte
1293 2949 1484 3005 quidem,

246 3021 319 3065 sed
342 3022 527 3078 oblique.

300 3094 422 3139 Lxu.
448 3095 519 3139 Sic
550 3108 720 3152 quoquc
761 3097 908 3141 scribit
943 3096 995 3141 de
1025 3097 1149 3140 altari
1182 3097 1365 3142 incensi.
1397 3095 1487 3140 —Fa-

244 3173 359 3211 ctum
382 3174 448 3212 est
466 3169 546 3212 hoc
570 3177 702 3213 attare
726 3169 777 3213 de
799 3170 925 3226 lignis
945 3170 1083 3223 setim,
1115 3170 1276 3215 habens
1294 3171 1484 3214 cubitum

246 3241 534 3298 longitudinis,
558 3248 600 3286 et
623 3243 801 3286 alterum
820 3243 1075 3293 latitudinis,
1120 3242 1162 3285 id
1186 3249 1268 3293 est,
1301 3243 1344 3286 in
1380 3229 1488 3300 qua-

243 3312 386 3365 drum,
420 3319 463 3357 et
502 3314 610 3358 duos
639 3314 807 3358 cubitos
834 3319 875 3357 in
914 3315 1161 3366 altitudine,
1202 3317 1486 3372 vestitumque

244 3390 336 3430 erat
356 3388 462 3429 auro
478 3387 723 3443 purissimo,
751 3399 911 3430 cornua
948 3388 1128 3438 habens,
1153 3395 1194 3431 et
1234 3390 1484 3432 craticulam

243 3446 433 3508 auream,
459 3464 502 3503 et
528 3467 717 3509 catenas,
737 3465 779 3503 et
795 3462 993 3511 annulos,
1011 3467 1054 3504 et
1074 3468 1216 3505 vectes
1240 3473 1392 3505 aureos
1419 3462 1484 3504 in-

245 3539 334 3575 star
348 3533 519 3587 prioris.
547 3531 695 3576 Utrum
712 3544 814 3577 vero
838 3534 1001 3577 arulam
1016 3534 1207 3585 haberet,
1234 3547 1287 3578 an
1317 3535 1484 3580 cineres

245 3604 458 3660 acciperet
481 3610 609 3655 terra,
636 3605 880 3661 ambiguum
902 3612 984 3651 est.
1024 3604 1236 3662 Joscphus
1268 3607 1407 3661 addit3
1443 3613 1487 3652 et

245 3686 321 3729 per
342 3675 520 3731 angulos
543 3676 734 3732 singulos
756 3689 940 3722 coronas
973 3690 1048 3723 sex
1078 3678 1262 3722 hahebat
1285 3691 1334 3723 ex
1380 3681 1486 3723 auro

245 3746 492 3800 purissimo,
512 3748 624 3802 quod
650 3748 931 3804 singulariter
952 3750 1059 3794 sorte
1078 3750 1121 3793 in
1141 3750 1286 3793 Exodo
1323 3750 1491 3795 dictum.

244 3826 310 3862 est
332 3834 342 3862 ·.
365 3818 401 3860 F
404 3821 510 3878 acies
534 3834 726 3864 coronam
746 3837 913 3866 auream
932 3838 1002 3879 per
1027 3838 1171 3881 gyrum
1192 3824 1343 3882 (Exod.
1382 3839 1483 3876 xxx,

243 3892 303 3947 5).
328 3891 417 3935 Hoc
439 3891 572 3936 altare
602 3883 824 3939 dicebatur
860 3898 1041 3949 incensi,
1067 3900 1132 3942 vel
1168 3899 1483 3955 thymiamatis;

244 3958 343 4019 quia
368 3965 547 4021 singulis
571 3961 719 4011 diebus
744 3981 883 4018 mane,
902 3976 942 4013 et
962 3983 1134 4027 vespere
1156 3971 1209 4014 ad
1232 3984 1486 4015 consumen-

228 4036 459 4103 dumjuge
483 4040 737 4082 sacrificium
765 4055 892 4096 super
916 4043 1019 4086 illud
1057 4045 1188 4088 altare
1228 4046 1486 4089 incendeba-

244 4113 314 4152 tur
332 4109 581 4166 thymiama,
604 4112 889 4156 sacrificatum
910 4115 1112 4169 hominm
1148 4118 1319 4162 luerunt
1340 4124 1483 4162 tamen

242 4182 316 4237 qui
353 4183 543 4226 dicerent
586 4196 710 4242 mane
749 4186 886 4230 solum
917 4188 1154 4240 incensum,
1194 4190 1235 4234 id
1279 4197 1344 4234 est
1382 4194 1484 4238 thus

244 4256 535 4310 superimponi
552 4272 562 4298 ε
581 4268 757 4312 vespere
779 4271 856 4314 pro
882 4260 1089 4316 dignitate.
1103 4263 1302 4308 sacrificii
1317 4278 1485 4321 vesper·

243 4326 322 4368 tini
338 4328 586 4382 thymiama.
613 4329 821 4373 Caeternm
840 4339 981 4375 utrum
995 4335 1126 4378 altare
1144 4337 1224 4380 hcc
1243 4344 1357 4381 esset
1370 4339 1483 4382 intra

246 4397 402 4441 Sancta
426 4405 687 4452 sanctorum,
706 4414 759 4445 an
777 4403 819 4446 in
837 4407 1079 4449 sanctuario
1098 4421 1192 4451 cum
1207 4409 1480 4463 candelabro,

245 4474 288 4511 et
311 4463 473 4524 mensa,
500 4474 635 4516 sancti
657 4472 806 4518 Patres
827 4476 1025 4529 videntur
1048 4478 1256 4525 dubitare.
1292 4472 1378 4526 Nec
1408 4488 1482 4527 ‘est

1587 1406 1651 1450 sic
1676 1409 1886 1462 quadrum
1907 1417 2019 1464 erat,
2042 1410 2117 1455 scd
2160 1413 2203 1455 in
2243 1413 2380 1456 forma
2418 1415 2550 1459 altera
2576 1422 2698 1471 parte
2742 1417 2838 1459 lon·

1584 1482 1710 1536 giori.
1731 1481 1951 1539 Erantque
1981 1484 2026 1528 in
2050 1485 2183 1530 latere
2221 1488 2399 1531 australi
2431 1489 2581 1543 viginti
2607 1490 2833 1542 columnae,
2857 1523 2860 1527 .

1583 1554 1679 1596 altae
1700 1555 1894 1610 quinque
1912 1551 2087 1608 cubitis,
2113 1559 2254 1614 capita
2281 1558 2489 1604 habentes
2508 1566 2833 1616 argentea-cum

1559 1620 1561 1622 ’
1581 1627 1802 1678 celaturis,
1827 1641 1923 1672 cum
1946 1629 2126 1674 basibus
2143 1631 2290 1684 aeueis,
2313 1632 2451 1688 spatio
2489 1635 2678 1690 quinque
2713 1634 2835 1678 cubi·

1579 1707 1722 1744 tot-um
1749 1703 1859 1746 inter
1876 1715 1922 1747 se
1937 1703 2165 1755 distantes,
2204 1717 2335 1760 super
2353 1717 2461 1761 quas
2501 1706 2647 1750 annuli
2676 1706 2834 1763 singuli

1579 1776 1772 1830 inerant3
1814 1776 2204 1834 pertingebantque
2235 1779 2362 1824 sones
2401 1781 2455 1824 ab
2493 1781 2669 1825 annttlis
2697 1793 2834 1838 usque

1577 1848 1630 1892 ad
1647 1850 1786 1906 capita
1804 1852 2079 1906 paxillorum,
2106 1853 2179 1908 qui
2207 1859 2330 1895 erant
2354 1854 2654 1909 magnitudine
2679 1854 2831 1904 cubiti,

1575 1928 1619 1965 et
1635 1931 1712 1977 per
1729 1923 1923 1980 singulas
1934 1926 2160 1968 columnas
2173 1926 2216 1968 in
2230 1933 2344 1970 terra
2355 1926 2495 1972 valide
2507 1926 2598 1978 fixi,
2613 1932 2661 1970 ut
2674 1928 2831 1971 atrium

1575 1994 2096 2043 immobileeustodireut.
2123 1998 2300 2043 Cot-tina
2317 2011 2420 2044 vero
2441 2001 2494 2045 de
2512 2002 2642 2058 bysso
2667 2001 2831 2048 mollis-

1573 2070 1701 2122 sima,
1722 2078 1894 2116 centum
1919 2073 2166 2116 cubitorum
2185 2073 2234 2117 in
2260 2074 2452 2128 longum,
2492 2075 2764 2132 ct·qirinquc··
2782 2076 2828 2121 in

1573 2143 1705 2186 altum
1729 2156 1804 2199 per
1827 2145 2052 2189 columnas
2069 2146 2338 2202 dependebat
2360 2152 2397 2190 a
2420 2147 2561 2203 eapite
2600 2160 2740 2205 usque
2762 2149 2829 2194 ad

1574 2215 1720 2261 basem
1744 2217 1916 2268 diffusa,
1945 2219 2155 2263 utnihila
2188 2221 2354 2275 pariete
2391 2220 2562 2266 differre
2595 2222 2825 2272 videretur..

1572 2291 1655 2335 nisi
1678 2290 1788 2354 sorte
1805 2304 1883 2348 pro
1899 2293 2013 2337 ueris
2038 2292 2290 2348 intemperie
2305 2293 2497 2351 quinque
2519 2301 2636 2340 retro
2650 2295 2828 2342 funibus

1572 2364 1806 2420 et'paxillis
1829 2365 2090 2418 traheretur,
2110 2374 2156 2409 ut
2177 2367 2255 2411 sub
2283 2376 2347 2415 ea.
2369 2370 2678 2426 tauquam-sub
2713 2374 2827 2414 tecto

1572 2511 1684 2555 louis
1706 2513 1858 2568 viginti
1881 2514 2106 2558 columnas
2149 2520 2191 2558 et
2232 2515 2446 2559 cortinam
2487 2515 2671 2560 hahebat
2699 2515 2827 2559 diffu-

1571 2576 1680 2629 sam.
1699 2584 1766 2629 Ab
1780 2587 2006 2632 occidente
2023 2600 2124 2632 vero
2139 2587 2540 2640 decemeolumnae,
2570 2593 2620 2633 ⁴et
2656 2590 2824 2635 cortina

1569 2657 1813 2702 cubitorum
1837 2659 2166 2716 quinquaginta,
2212 2661 2372 2704 atrium
2413 2661 2626 2717 cingebat.
2673 2658 2720 2704 In
2755 2661 2824 2706 in·

1568 2739 1720 2783 gressu
1739 2727 1842 2773 vero
1860 2729 1914 2773 ad
1938 2731 2148 2774 orientem
2169 2735 2257 2774 tres
2276 2731 2489 2774 columnae
2527 2731 2643 2782 hinc,
2664 2737 2707 2775 et
2736 2737 2824 2776 tres

1570 2800 1668 2844 inde
1688 2802 1878 2854 stabant,
1905 2809 1948 2847 ct
1967 2795 2146 2846 eortinae
2165 2803 2289 2859 juxta
2326 2803 2405 2848 has
2449 2803 2616 2848 diffusae
2657 2805 2766 2850 nibil
2795 2817 2823 2854 ,a

1567 2873 1783 2927 prioribus
1805 2874 2065 2921 differentes.
2094 2875 2139 2919 In
2161 2876 2301 2920 medio
2324 2888 2424 2921 vero
2442 2877 2588 2921 lateris
2604 2877 2704 2933 eJus·
2715 2891 2823 2934 qua·

1567 2950 1667 2988 tuor
1687 2952 1812 2989 erant
1830 2947 2040 2991 columnae
2058 2947 2101 2990 in
2126 2948 2299 2991 modum
2320 2954 2559 3004 portarum,
2579 2934 2736 3004 quibus
2753 2962 2824 3006 ap-

1568 3017 1863 3074 pensumerat
1888 3021 2048 3072 velum,
2068 3020 2122 3065 de
2145 3026 2337 3077 quatuor·
2360 3021 2569 3077 pretiosis
2602 3023 2821 3067 coloribus

1567 3096 1814 3134 contextum
1839 3104 1969 3146 opere
1986 3092 2216 3148 plumario,
2236 3092 2351 3148 quod
2376 3092 2431 3136 ad
2472 3093 2732 3149 ingressum,
2755 3095 2819 3137 vel

1566 3173 1786 3219 egressum
1804 3162 1857 3207 de
1881 3164 1996 3206 sacili
2024 3164 2162 3207 attolli
2180 3170 2223 3207 et
2242 3163 2397 3219 deponi
2432 3170 2615 3220 poterat.
2658 3163 2820 3208 Notan-

1564 3235 1667 3279 dum
1691 3242 1836 3280 tamen
1861 3237 1904 3280 in
1927 3236 2193 3293 longioribus
2214 3236 2422 3281 lateribus
2440 3236 2575 3281 fuisse
2595 3236 2818 3287 columnas

1565 3310 1880 3369 vigintitunam,
1902 3313 2016 3354 inter
2042 3322 2150 3366 quas
2166 3315 2291 3353 erant
2311 3309 2462 3365 viginti
2488 3314 2700 3365 aperturae
2721 3321 2819 3353 ceu-

1563 3389 1655 3427 tu‘m
1677 3385 1939 3436 cubitorum,
1960 3383 2063 3427 etin
2082 3383 2252 3426 duobus
2270 3382 2512 3426 minoribus
2533 3394 2709 3435 novem;
2739 3381 2814 3429 sed

1565 3462 1740 3515 propter
1759 3457 2004 3512 angulares,
2019 3468 2120 3512 quae
2134 3468 2388 3500 communes
2403 3462 2528 3499 erant
2562 3455 2730 3503 duobus
2753 3455 2816 3502 la-

1567 3530 1746 3586 teribus.
1768 3530 1975 3575 dieu-ntur
1998 3530 2057 3574 ibi
2080 3529 2246 3586 viginti,
2270 3529 2341 3572 hie
2357 3541 2460 3574 vero
2476 3529 2659 3574 decem.'
2687 3544 2689 3546 ·
2768 3587 2772 3591 ῃ

1622 3594 1768 3647 th'v.
1797 3601 1871 3646 Sic
1892 3603 2032 3647 etiam
2059 3602 2211 3647 scribit
2244 3602 2297 3647 de
2323 3602 2448 3646 altari
2490 3601 2747 3654 holocausti,
2771 3608 2814 3646 et

1564 3672 1761 3726 delabro
1792 3688 1913 3722 aeneo
1939 3675 2113 3720 iExod„
2132 3688 2270 3726 xxvn,
2297 3676 2356 3732 1).
2391 3674 2603 3731 Proecepu
2640 3687 2812 3732 quoque

1566 3749 1680 3795 Deus
1711 3750 1802 3795 {ieri
1836 3750 1972 3795 altare
1995 3750 2049 3794 de
2072 3750 2202 3806 lignis
2237 3750 2362 3794 setim
2383 3763 2394 3802 ;
2419 3750 2555 3794 altare
2579 3751 2659 3792 hoc
2695 3750 2812 3792 dice·

1565 3824 1670 3867 bant
1691 3824 1951 3875 holocausti,
1971 3824 2041 3867 vel
2072 3824 2444 3872 holocaustorum,
2484 3823 2546 3866 vel
2581 3822 2813 3866 holocaus-

1565 3902 1793 3948 tomatum,
1819 3903 1861 3940 et
1879 3903 2026 3952 posset
2051 3897 2137 3940 diei
2161 3896 2496 3940 sacrificiorum:
2526 3895 2603 3939 sed
2633 3909 2655 3937 a
2683 3894 2810 3951 375

1566 3970 1750 4025 digniori
1768 3981 1928 4014 nomen
1942 3970 2148 4025 accepit..
2166 3967 2265 4010 Erat
2296 3974 2440 4013 autem
2461 3969 2505 4011 in
2526 3968 2806 4022 immunditie,

1564 4051 1607 4086 et
1630 4042 1853 4085 latitudine
1874 4042 2071 4098 quinque
2088 4041 2352 4091 cubitorum,
2387 4041 2553 4089 scilicet
2576 4039 2805 4104 quadrum.
2843 4047 2857 4057 ’“

1564 4122 1606 4159 et
1634 4115 1678 4157 in
1708 4114 1934 4158 altitudine
1969 4114 2116 4158 trium.
2143 4113 2222 4156 Cui
2256 4118 2460 4167 tanquam
2499 4114 2633 4156 turris
2654 4112 2697 4160 in
2720 4112 2808 4154 alto

1565 4188 1618 4231 ad
1661 4188 1810 4231 boram
1847 4187 2181 4231 ministrationis
2222 4186 2384 4241 aliquid
2417 4186 2728 4243 apponebatur,
2762 4188 2806 4227 in

1563 4272 1649 4317 quo
1671 4266 1805 4306 staret
1821 4261 2034 4310 minister,
2059 4259 2174 4315 quod
2199 4260 2373 4315 impleta
2398 4260 2710 4302 ministratione
2730 4258 2807 4303 tol-

1564 4334 1750 4376 lebatur.
1785 4332 1932 4377 Altare
1974 4333 2090 4377 enim
2135 4333 2296 4387 gradus
2342 4332 2501 4375 habere
2534 4331 2801 4388 prohibetur,

1563 4413 1742 4462 eratque
1778 4416 2017 4452 concavum
2057 4407 2197 4451 instar
2228 4417 2341 4449 arcae
2376 4406 2469 4448 sine
2508 4404 2802 4461 operimento;
2844 4408 2850 4452 ἶ

1565 4480 1909 4538 parietes-lignei,
1929 4479 2006 4524 sed
2028 4479 2166 4535 operti
2193 4484 2316 4523 erant
2336 4490 2420 4523 zrre
2442 4479 2573 4528 intus,
2600 4482 2655 4521 ut.
2681 4486 2801 4521 extra

2840 4454 2849 4513 l

2839 4566 2848 4588 2
