2924 4588
90 51 173 96 729

32 222 43 257 -·.
89 212 246 259 ctionis
267 210 462 266 designat
493 208 753 264 angustiam,
781 209 1112 264 cooperiuntur:
1140 208 1241 263 quia
1268 208 1337 251 ni-

15 282 42 355 fl
90 285 245 329 mirum
269 282 416 346 fideles
439 280 659 337 coniugati
689 281 733 323 in
756 280 949 336 eoquod
977 280 1093 324 licite
1114 279 1196 323 sibi
1222 278 1337 322 invi-

24 371 40 391 =⁴
90 369 182 402 cem
199 355 342 399 carnis
362 354 552 398 debitum
573 353 775 404 reddunt,
799 352 1019 396 acrimine
1030 351 1201 408 quidem
1224 351 1340 394 dam·

87 427 219 474 nabili
234 432 275 470 et
286 438 310 468 a
327 433 505 482 peccato
523 423 695 468 mortali
707 423 880 483 penitus
891 423 1102 467 immunes
1120 422 1243 475 tiunt3
1262 421 1337 465 sed

89 501 146 546 ob
165 500 360 544 diversos
381 499 479 543 vitae
499 498 724 553 praesentis
746 502 944 548 eventus,
967 502 1011 540 et
1035 496 1089 539 ab
1107 496 1336 541 afflictione

86 571 313 630 temporali
325 578 412 614 tam
431 583 508 627 per
523 569 855 614 sollicitudinem
875 569 920 612 in
942 574 1100 620 men-te,
1117 578 1245 624 quam
1260 581 1338 624 per

86 646 280 691 laborem
302 644 347 688 in
370 655 551 700 corpore
571 643 695 699 plene
716 642 842 686 liberi
858 654 947 685 non
977 647 1093 686 sunt.
1114 641 1196 694 Qui
1219 642 1333 684 enim

86 720 180 776 lege
203 718 394 774 conjugii
412 715 639 762 constricti
663 720 882 768 tenentur,
906 708 1176 760 multimodis
1193 714 1337 770 profe·

86 798 158 836 cto
179 803 292 846 saepe
315 789 670 834 tribulationibus
686 790 964 842 cruciantur3
983 795 1025 833 'et
1054 788 1181 832 modo
1204 802 1335 834 occu·

86 863 332 922 petionibus
353 862 413 906 rei
434 861 657 906 familiaris
682 861 726 904 in
742 861 885 904 animo
898 860 1219 911 distenduntur,
1242 873 1334 904 rno-

86 937 141 982 do
158 949 258 982 vero
281 935 504 979 laboribus
525 935 570 976 in
598 945 731 977 carne
759 933 1026 989 fatigantur-3*
1049 940 1107 986 et,
1129 934 1331 990 quamvis

85 1012 314 1069 praesentia
343 1009 460 1053 licite
482 1007 726 1064 acquirant,
760 1007 876 1051 licite
893 1007 1030 1051 etiam
1062 1006 1328 1062 possideant,

85 1091 230 1127 tamen
266 1094 352 1140 quo
387 1082 551 1138 majore
582 1091 679 1137 quae
705 1080 927 1138 possident
951 1079 1120 1131 affectu,
1155 1079 1255 1123 dum
1281 1092 1331 1124 ea

84 1157 257 1209 hahent,
275 1155 475 1212 diligunt,
493 1167 544 1199 eo
561 1161 604 1199 et
621 1154 772 1209 maiori
789 1153 1031 1196 afficiuntur
1048 1153 1211 1204 dolore,
1227 1154 1329 1196 dum

83 1240 135 1273 ea
159 1227 388 1270 amittunt:
418 1239 508 1270 non
543 1226 658 1270 enim
682 1231 824 1281 potest
851 1225 968 1269 illius
1000 1226 1062 1269 rei
1092 1226 1188 1270 sine
1209 1226 1330 1282 gravi

84 1299 232 1344 dolore
254 1311 351 1343 esse
384 1298 578 1348 amissio,
618 1298 742 1353 cujtts
771 1310 866 1341 cum
894 1295 1046 1354 grandi
1075 1310 1222 1341 amore
1255 1296 1335 1340 'fuit

83 1371 320 1430 possessio.
340 1370 469 1414 Juxta
493 1370 820 1414 tabernaculum
840 1370 972 1425 igitur
996 1376 1039 1414 ct
1068 1370 1242 1426 nuptias
1273 1371 1334 1414 Ie-

85 1446 256 1503 gitimas
278 1444 563 1497 celebrantes,
589 1449 632 1487 et
647 1442 775 1487 thoro
790 1443 1069 1486 immaculato
1082 1450 1250 1487 utentes
1265 1443 1335 1488 de-

83 1518 348 1575 pinguntur;
375 1515 451 1560 sed
485 1515 576 1568 ill-a,
603 1515 648 1558 in
665 1514 822 1571 quibus
842 1514 1003 1570 depicti
1023 1524 1028 1531 ³
1039 1521 1141 1558 sunt
1174 1515 1329 1570 spatia,

83 1590 226 1634 colore
248 1601 482 1646 purpureo,
501 1588 576 1644 qui
599 1588 757 1643 ubique
788 1587 832 1630 in
864 1587 950 1632 ,hac
972 1587 1144 1644 pictura
1180 1593 1331 1631 nostra

83 1663 322 1718 angustiam
335 1661 535 1718 designat
552 1660 857 1712 tribulationis,
878 1661 1212 1715 cooperiuntur:
1230 1661 1330 1717 quia

80 1736 228 1780 fideles
252 1734 425 1793 quidem
448 1734 672 1790 conjugati
703 1733 760 1779 ob
779 1734 910 1785 bona,
940 1734 1099 1789 quibus
1124 1734 1331 1779 insistunt

81 1821 227 1867 opera,
249 1809 302 1852 ad
324 1814 519 1853 sanctam
536 1807 773 1852 Ecclesiam
798 1809 1043 1864 pertinent;
1072 1807 1145 1851 sed
1180 1820 1329 1851 eornm

81 1889 220 1928 status
238 1895 338 1926 cum
357 1882 415 1926 sit
437 1881 641 1926 immunis
671 1893 693 1923 a
729 1881 964 1924 damnabili
998 1882 1194 1932 crimine,
1223 1882 1331 1926 liber

78 1961 224 2001 tamen
238 1968 326 2000 non
347 1962 415 2000 est
436 1967 459 1998 a
483 1955 711 2011 temporali
734 1954 980 2007 afflictione,
1006 1956 1129 2011 juxta
1155 1962 1329 2002 senten-

72 2029 181 2072 tiam
199 2023 393 2085 Apostoli
409 2027 593 2073 dicentis
615 2042 623 2070 ε
647 2026 694 2071 Si
713 2028 915 2082 acceperis
938 2041 1126 2079 uxorem,
1143 2042 1226 2072 non
1237 2041 1329 2084 pec·

79 2103 271 2153 cuschet
309 2103 347 2146 si
379 2102 566 2157 nupserit
586 2102 713 2157 virgo,
741 2114 821 2144 non
843 2103 1055 2156 peccavit:
1090 2102 1329 2146 tribulatio-

39 2231 42 2233 ·
79 2189 171 2219 nem
197 2181 334 2218 tamen
358 2174 499 2218 carnis
523 2170 731 2217 habeb-unt
763 2174 1003 2229 [eujusmodi
1029 2174 1068 2231 (1
1101 2173 1202 2219 Gor.
1245 2188 1324 2227 vn,

79 2245 166 2303 28).
192 2244 402 2301 Campum
419 2245 558 2298 illum,
585 2245 631 2288 in
654 2257 742 2301 quo
765 2246 967 2292 sacerdos
984 2247 1232 2304 conjugium
1253 2260 1326 2304 per
1348 2277 1380 2322 C

79 2319 296 2362 orationes
318 2324 361 2361 et
376 2315 697 2361 benedictiones
720 2329 999 2380 consecrans,
1024 2319 1220 2375 depictus
1241 2326 1322 2372 est,
1358 2358 1361 2363 ,

79 2390 222 2435 colore
246 2389 520 2447 Sapphirino,
543 2390 614 2446 qui
638 2390 764 2442 coelo,
792 2396 838 2434 ut
861 2393 1062 2448 superius
1079 2394 1322 2447 docuimus,

79 2464 232 2510 similis
254 2471 338 2519 est,
374 2464 663 2522 superinduo:
691 2465 792 2521 quia
827 2472 987 2510 sanctae
1015 2467 1220 2512 Ecclesize
1255 2481 1325 2512 sa-

79 2538 290 2589 cerdotes,
328 2537 500 2594 quando
541 2537 639 2582 fidei
670 2545 831 2583 nostrae
859 2547 1131 2586 sacramenta
1158 2541 1329 2593 orando,

78 2614 336 2655 consecrant
375 2614 418 2652 et
437 2608 706 2666 dispensant,
733 2610 891 2655 mentis
915 2611 1055 2656 nitore
1080 2612 1258 2669 fulgere,
1282 2619 1324 2659 et

77 2683 243 2728 coelesti
261 2681 475 2727 desiderio
494 2694 642 2726 coram
675 2681 762 2726 Deo
789 2683 927 2728 nitere
963 2685 1135 2729 debent.
1160 2683 1211 2728 Et
1234 2686 1324 2733 haec

78 2758 138 2804 de,
166 2757 317 2813 spatiis
348 2756 575 2801 exterioris
609 2761 769 2801 nostra>
802 2757 1081 2813 quadraturae
1103 2758 1237 2812 dicta,
1269 2757 1323 2803 ad

76 2843 266 2889 praesens
287 2829 514 2875 sufficiant.
804 2851 806 2853 ·

553 2922 733 2968 CAPUT
761 2922 850 2968 XV,

76 3013 137 3059 Be
159 3014 310 3058 Levitis
329 3014 382 3057 ad
402 3015 552 3058 ostium
573 3014 832 3058 tabernaculi
863 3003 974 3058 tubis
1007 3013 1320 3071 clamantibus:

128 3070 449 3170 ziiffssbcaei’tlumua
470 3071 593 3128 ipius,
616 3078 656 3114 et
679 3071 816 3124 nubis,
834 3070 1324 3127 φιτι·-τιώενηααηιίορἠιεη

129 3199 348 3245 CXXVIII.
371 3199 522 3245 Adhuc
545 3207 687 3247 autem
705 3207 803 3258 post
817 3182 909 3246 haec
940 3200 1085 3248 omnia
1096 3200 1152 3245 ad
1177 3201 1321 3248 taber-

75 3276 275 3318 naculum
300 3275 445 3327 reden,
477 3282 518 3320 et
544 3276 653 3322 duos
676 3276 865 3328 Levitas‚
897 3276 1073 3320 'duabus
1102 3276 1320 3334 argenteis

758 45 825 89 DE
856 45 1190 91 TRtPAR'nTo
1221 44 1638 91 TARERNACULO.
1673 72 1727 80 —-
1754 47 1897 92 PARS
1924 48 1975 96 11.

20 158 40 181 ,·
89 136 390 186 immaculatus
415 136 680 193 depingitur,
711 136 858 180 colore
879 141 1113 192 purpureo,
1135 137 1208 191 qui
1235 135 1340 181 affli—
1362 136 1399 181 Α
1421 135 1549 178 tutius
1567 146 1679 178 verae
1696 135 2039 193 {ideiutrumque
2050 140 2254 195 populum
2276 139 2357 182 sibi
2380 138 2508 191 Deus,
2528 148 2569 184 et
2594 143 2666 186 ho·

2583 38 2721 112 ’isos

1419 221 1489 251 mo
1513 208 1640 252 lesus
1664 209 1865 255 Christus
1891 212 2085 255 sociavit.
2113 211 2163 253 Et
2197 212 2358 255 idcirco
2398 212 2543 257 Levita
2576 216 2662 270 ille,

1419 281 1494 336 qui
1517 295 1542 325 e
1568 283 1744 336 regione
1769 282 1945 337 parietis
1970 283 2173 327 australis
2204 289 2305 335 stat,
2332 284 2524 328 ordinem
2550 285 2664 330 desi-

1417 356 1520 407 gnat
1543 350 1888 407 praedicatorum,
1925 354 1998 408 qui
2024 354 2183 409 populo
2214 352 2393 397 ludaico
2431 353 2527 396 Iidei
2567 367 2666 398 rer.

1416 423 1470 467 ba
1508 424 1738 467 nuntiavit.
1767 424 1890 469 Alius
1913 438 2013 468 vero
2036 425 2200 477 Levita,
2230 427 2302 481 qui
2327 439 2350 470 e
2379 428 2554 482 regione
2588 440 2664 484 pa-

1415 497 1535 542 rietis
1573 497 1922 553 septentrIOnaIiS
1957 499 2191 549 statuitur,
2232 500 2425 543 ordinem
2462 502 2664 556 exprimit

1414 566 1641 612 doctorum
1667 601 1677 620 ‚
1724 571 1797 625 qui
1847 571 2052 626 populum
2100 572 2299 627 gentilem
2344 586 2419 628 per
2468 579 2663 618 sanctam

1414 642 1760 697 praedicationem
1786 642 1839 686 ad
1865 642 1989 687 Iidem
2021 646 2206 688 vocavit.
2243 644 2303 687 Ex
2328 652 2511 702 utraque
2535 650 2661 690 etiam

1414 722 1534 771 parte
1579 718 1846 773 tabernaculi
1891 719 2032 774 imago
2081 719 2242 763 Christi
2297 720 2572 776 depingitur,
2619 722 2660 764 in

1414 802 1502 843 una
1543 802 1673 834 manu
1704 791 1949 836 columnam
1985 793 2096 848 ignis
2134 799 2302 844 tenens,
2344 798 2388 836 in
2414 795 2548 837 altera
2591 807 2663 838 re·

1413 876 1466 907 ro
1495 863 1786 921 nubis3quia
1823 867 2052 918 columna,
2094 879 2189 922 quae
2227 879 2355 922 super
2403 867 2663 911 tabernacu-

1412 937 1500 989 lum
1541 936 1699 993 jugiter
1725 937 1966 994 pendebat,
1989 937 2213 982 Dominum
2251 945 2447 983 nostrum
2470 971 2481 991 ,
2515 938 2661 983 lesum

1412 1009 1649 1060 Christum,
1691 1011 1761 1066 qui
1805 1011 1966 1066 pariter
2008 1017 2050 1054 et
2090 1011 2351 1067 Redemptor
2381 1012 2556 1056 humani
2590 1024 2664 1068 ge-

1412 1082 1544 1133 neris,
1576 1090 1618 1125 et
1640 1081 1774 1126 Judex
1801 1089 1881 1133 est,
1903 1083 2170 1139 designabat.
2203 1082 2278 1126 Illa
2308 1097 2411 1128 vero
2444 1085 2659 1135 columna,

1410 1153 1536 1212 407
1559 1168 1653 1211 quae
1676 1155 1777 1199 olim
1801 1168 1928 1212 super
1953 1157 2272 1200 tabernaculum
2293 1157 2452 1213 jugiter
2473 1163 2581 1207 erat,
2620 1158 2662 1201 in

1414 1226 1484 1269 die
1525 1227 1702 1283 quidem
1741 1228 1885 1280 nubis,
1925 1234 1966 1271 et
2004 1227 2046 1270 in
2087 1234 2215 1271 nocte
2252 1231 2437 1283 speciem
2477 1229 2670 1272 babebat·

1414 1298 1558 1354 ignis;
1581 1306 1622 1343 et
1656 1299 1751 1343 ideo
1786 1300 1953 1345 duobus
1990 1301 2129 1345 modis
2153 1301 2375 1346 Christum
2416 1303 2665 1361 praefiguraae

1413 1371 1500 1414 bat.
1527 1370 1649 1416 Unde
1672 1378 1714 1415 et
1737 1385 1867 1416 unam
1894 1386 1944 1416 ex
1980 1386 2061 1416 una
2091 1375 2356 1417 tabernaculi
2395 1382 2516 1431 parte
2539 1377 2664 1420 Chri·

1412 1445 1468 1489 sti
1494 1444 1678 1497 iconem,
1719 1450 1761 1489 et
1788 1445 2001 1501 duplicem
2035 1446 2145 1501 ignis
2180 1454 2222 1489 ct
2254 1448 2383 1492 nubis
2420 1449 2661 1490 columnam

1411 1517 1513 1560 hinc
1536 1517 1636 1561 inde
1661 1517 1830 1573 depinxi
1855 1534 1864 1561 :
1889 1532 1974 1562 nou
2009 1520 2108 1575 quia
2133 1519 2217 1562 duo
2241 1519 2401 1564 Christi
2433 1526 2532 1565 sunt
2553 1535 2563 1573 ;
2590 1522 2664 1565 sed

1411 1590 1510 1646 quia
1535 1590 1763 1646 dupliciter
1795 1593 2008 1648 perhanc
2042 1593 2170 1636 nubis
2205 1598 2247 1636 et
2282 1593 2393 1644 ignis
2420 1594 2662 1637 columnam

1410 1675 1540 1713 unus,
1564 1663 1775 1719 idemque
1797 1662 1997 1707 Christus
2016 1664 2140 1719 juxta
2164 1665 2278 1707 aliud
2302 1671 2343 1708 et
2377 1664 2490 1708 aliud
2527 1666 2662 1723 accipi

1410 1735 1535 1781 debet
1557 1769 1568 1789 ,
1595 1737 1727 1793 ¹'quod
1771 1737 1814 1780 in
1858 1738 1984 1793 plano
2028 1738 2206 1793 picturae
2243 1738 2379 1783 videri
2416 1740 2664 1784 nullatenus

1411 1815 1571 1864 posset,
1608 1811 1691 1854 nisi
1729 1811 1942 1866 geminata
1985 1810 2118 1867 figura
2154 1812 2198 1854 in
2229 1811 2378 1856 eodem
2413 1813 2541 1868 plano
2576 1819 2662 1856 tam

1411 1883 1547 1926 iconis
1582 1883 1761 1934 Christi,
1799 1897 1927 1941 quam
1964 1885 2263 1930 columnarum
2305 1887 2432 1943 ignis,
2469 1893 2510 1931 et
2534 1887 2665 1931 nubis

1410 1961 1712 2010 repraesentata
1737 1955 1755 1997 s
1757 1956 1905 2000 uisset.
1929 1955 2034 1999 Cum
2057 1959 2172 2003 enim
2190 1958 2279 2003 haec
2300 1959 2499 2002 columna
2524 1959 2663 2015 ipsum

1409 2026 1628 2072 Christum
1655 2028 1821 2080 innuat,
1848 2028 1932 2072 alio
1958 2030 2086 2073 modo
2109 2042 2206 2074 eum
2234 2030 2374 2073 innuit
2410 2031 2452 2073 ln
2476 2043 2528 2074 eo
2546 2030 2663 2087 quod

1409 2109 1449 2145 et
1472 2101 1582 2157 ignis
1626 2102 1669 2145 in
1707 2115 1752 2146 se
1792 2102 1998 2158 speciem,
2025 2108 2066 2146 et
2091 2103 2219 2147 nubis
2256 2103 2428 2156 habuit;
2457 2103 2539 2147 alio
2563 2116 2663 2148 vero

1409 2173 1522 2227 quod
1543 2173 1585 2215 in
1605 2185 1656 2216 eo
1676 2174 1868 2216 eamdem
1890 2178 1932 2216 ct
1954 2173 2080 2217 nubis
2106 2175 2291 2230 speciem
2317 2175 2359 2218 in
2385 2175 2466 2229 die,
2489 2180 2530 2218 et
2550 2175 2661 2232 ignis

1411 2244 1560 2288 habuit
1594 2245 1639 2288 in
1662 2251 1804 2288 nocte.
1834 2243 1947 2300 Ignis
1990 2245 2134 2302 itaque
2168 2246 2433 2290 divinitatem
2469 2233 2579 2302 ejus,
2615 2248 2660 2291 in

1407 2328 1492 2374 qua
1533 2316 1743 2361 terribilis
1766 2323 1847 2368 est,
1885 2317 2048 2361 indicat
2071 2334 2080 2361 :
2108 2318 2226 2374 quia,
2257 2326 2301 2361 ut
2326 2318 2524 2374 legimus,
2552 2320 2661 2364 Deus

1406 2396 1545 2432 noster
1577 2389 1683 2446 iquis
1716 2403 1959 2433 consumens
1998 2397 2058 2433 est
2099 2387 2245 2447 (Hebr.
2275 2404 2353 2441 xu,
2390 2391 2476 2451 29).
2519 2392 2663 2437 Nubes

1406 2475 1510 2506 vero
1533 2464 1846 2507 humanitatem
1869 2463 2080 2518 eJ‘usdem,
2106 2464 2148 2507 in
2183 2477 2266 2521 qua
2290 2465 2407 2511 mitis
2442 2467 2657 2523 apparuit,

1406 2536 1580 2597 innuit:
1602 2537 1717 2592 quia,
1743 2542 1791 2579 ut
1823 2537 1882 2578 ait
1919 2535 2070 2591 isaias,
2093 2536 2302 2582 Dominus
2334 2540 2492 2584 nubem
2524 2541 2660 2583 levem

1405 2610 1614 2661 aseendit,
1642 2615 1683 2653 ct
1705 2609 1938 2666 AEgyptum
1976 2605 2200 2666 ingressus
2231 2617 2297 2656 est
2337 2612 2444 2669 (Isa.
2481 2626 2572 2665 xix,
2599 2613 2657 2670 1).

1403 2680 1568 2726 Nubem
1608 2694 1794 2738 namque
1827 2683 1961 2726 levem
2002 2682 2210 2736 ascendit,
2245 2689 2287 2728 et
2326 2683 2559 2742 AEgyptum
2593 2686 2662 2728 in-

1404 2750 1580 2811 gressus
1614 2759 1704 2808 est;
1742 2755 1843 2811 quia
1881 2765 2054 2797 carnem
2086 2754 2140 2797 ab
2165 2755 2280 2798 omni
2316 2763 2493 2811 peccato
2531 2769 2661 2799 mun-

1405 2829 1502 2870 dam
1527 2827 1718 2884 suscepit
1741 2833 1781 2871 et
1804 2828 1923 2871 venit
1948 2827 1990 2870 in
2016 2828 2239 2871 mundum.
2265 2827 2473 2871 Columna
2508 2830 2659 2886 ita-que

1403 2914 1489 2944 una
1529 2906 1611 2952 est,
1648 2900 1815 2945 scilicet
1855 2901 1966 2956 ignis
2005 2901 2048 2943 in
2090 2912 2137 2944 se
2172 2899 2577 2958 habensspeeiem,
2614 2909 2659 2946 et

1402 2975 1556 3028 nubis;
1583 2975 1683 3030 quia
1717 2986 1804 3017 una
1845 2974 2016 3032 quidem
2039 2986 2222 3030 persona
2247 2974 2446 3020 Christus
2470 2983 2552 3027 est,
2579 2978 2656 3021 sed

1403 3047 1496 3091 duae
1529 3047 1572 3091 in
1596 3059 1647 3090 eo
1670 3052 1771 3090 sunt
1800 3050 1981 3096 naturae,
2007 3045 2168 3098 divina,
2193 3051 2234 3089 et
2263 3047 2467 3092 Immana.
2501 3048 2553 3091 Et
2587 3049 2657 3093 hic

1402 3130 1468 3165 est
1502 3121 1656 3182 modus
1688 3121 1774 3172 ille,
1802 3133 1887 3178 quo
1917 3120 2137 3165 Christum
2179 3118 2269 3165 hoec
2304 3122 2505 3165 columna
2540 3123 2656 3168 desi·

1402 3201 1505 3253 gnat
1527 3195 1572 3241 in
1595 3208 1646 3240 eo
1665 3194 1780 3251 quod
1803 3195 1914 3252 ignis
1939 3195 1983 3237 in
2011 3207 2056 3240 se
2081 3195 2286 3251 speciem,
2312 3200 2354 3238 et
2374 3186 2500 3241 nubis
2523 3197 2657 3241 habe-

1402 3270 1491 3313 hat.
1515 3267 1636 3318 Item.
1670 3268 1783 3325 Ignis
1807 3269 2009 3312 columna
2036 3266 2205 3312 Domini
2239 3269 2379 3311 nostri
2408 3267 2507 3312 Jesu
2530 3268 2656 3313 Chri-

73 3347 187 3392 tubis
203 3348 466 3404 clangentes,
493 3362 626 3394 unum
649 3362 702 3395 ex
723 3362 809 3393 una
841 3355 963 3406 parte
985 3350 1101 3402 ostii,
1137 3356 1182 3395 et
1213 3350 1321 3394 alte-
1344 3358 1379 3402 1)
1403 3344 1475 3396 sti,
1499 3350 1710 3391 terrorem
1739 3342 1956 3399 exprimit,
1995 3355 2121 3398 quem
2156 3341 2386 3398 injudicio
2412 3343 2562 3385 ultimo
2584 3355 2654 3387 re-

77 3432 169 3464 rum
193 3434 243 3466 ex
268 3423 352 3464 alia
383 3428 558 3468 statuo:
595 3424 696 3480 quia
730 3424 817 3468 duo
846 3429 1060 3481 praecepta
1093 3424 1321 3468 charitatis

74 3493 279 3540 habentes
294 3497 598 3552 praedicatores
612 3499 751 3542 sancti
764 3510 840 3554 per
856 3499 1206 3555 praedicationem
1227 3510 1322 3543 san-

0 3610 1 3622 ,
73 3570 183 3609 ctam
205 3568 364 3611 tam-ad
382 3568 495 3612 mala
519 3569 726 3621 cavenda,
750 3582 879 3626 quam
906 3569 1090 3618 adbona
1113 3580 1321 3614 exercen-

73 3635 128 3680 da
144 3637 372 3683 admonent
392 3639 551 3684 fideles.
578 3639 742 3684 Idcirco
763 3641 889 3696 juxta
902 3641 1198 3685 uniustubam
1212 3640 1322 3683 scriv-

75 3709 212 3757 bitur:
236 3713 440 3765 Quiescitc
469 3727 588 3769 apere
606 3714 962 3772 perverse(‘1sa.t,
990 3713 1075 3771 12).
1102 3713 1232 3757 Juxta
1257 3713 1320 3755 al·-

73 3783 207 3828 terius
236 3798 370 3830 vero:
395 3786 552 3832 Discite
571 3787 666 3833 bene
690 3788 826 3843 facere
846 3787 1007 3845 (ibid.);
1034 3788 1136 3843 quia
1159 3791 1320 3835 sanctae

75 3854 276 3903 Ecclesiae
292 3861 492 3904 doctores
515 3867 556 3904 et
580 3862 691 3904 mala
722 3861 877 3913 omitti,
914 3866 956 3905 et
982 3861 1095 3904 bona
1135 3861 1319 3903 suadent

75 3929 256 3977 admitti.
286 3932 474 3978 Possunt
503 3935 629 3978 etiam
669 3948 747 3991 per
778 3935 856 3979 hos
883 3934 992 3978 duos
1026 3933 1196 3978 Levitas
1231 3932 1318 3976 duo

73 4003 399 4056 praedicatorum
423 4006 598 4050 ordines
629 3999 873 4062 designari,
900 4005 1083 4062 quorum
1115 4009 1230 4048 'unus
1272 4004 1326 4047 in-

74 4073 460 4130 circumcisionem,
481 4079 587 4121 altet·
606 4091 707 4121 vero
732 4079 773 4121 in
787 4079 1043 4134 praeputIum
1056 4077 1215 4121 missus
1232 4082 1312 4120 est.

77 4143 282 4202 Superius
301 4149 466 4193 dictum
489 4158 571 4201 est,
594 4151 694 4206 quia
726 4151 867 4206 paries
884 4150 1088 4194 australis
1111 4149 1314 4206 populum

77 4214 273 4274 designat·
289 4220 561 4275 ludaeorum
600 4222 949 4279 septentrionalis
973 4234 1074 4266 vero
1099 4221 1312 4277 gentium.

18 4319 26 4327 .,
77 4286 139 4330 Ad
161 4302 287 4346 quem
317 4299 546 4350 utrumque
574 4296 776 4350 parietem
805 4295 938 4349 vectis
966 4295 1036 4338 ille
1058 4294 1111 4338 de
1131 4305 1216 4349 quo
1243 4307 1315 4336 su—

76 4362 220 4415 pcn'us
244 4364 500 4420 dictumest,
524 4380 568 4413 se
588 4370 778 4413 extendit
797 4385 805 4421 ;
824 4369 918 4423 quia
934 4381 1009 4424 per
1021 4366 1314 4423 ‚cognitiffllem

1401 3418 1550 3476 probis
1571 3416 1817 3473 exhibebit3
1851 3412 1988 3459 nubes
2010 3428 2109 3459 vero
2137 3415 2506 3459 mansuetudinem
2533 3416 2653 3471 eJ'us-

1400 3493 1511 3543 dem,
1533 3503 1661 3548 quam
1682 3490 1831 3539 electis
1851 3490 1893 3533 in
1917 3489 1990 3532 illo
2005 3489 2168 3544 judici0
2187 3489 2527 3541 demonstrabit;
2551 3490 2651 3544 quia

1400 3550 1617 3615 columna,
1641 3569 1688 3606 ut
1727 3562 1888 3606 dictum
1926 3567 2007 3613 est,
2050 3561 2093 3604 in
2131 3567 2258 3605 nocte
2293 3560 2464 3615 quidem
2501 3560 2651 3606 habuit

1400 3637 1586 3694 speciem
1624 3635 1753 3693 ignis,
1791 3634 1835 3678 in
1874 3634 1943 3678 die
1966 3646 2069 3677 vero
2106 3633 2252 3676 nubis.
2287 3631 2340 3674 Et
2373 3637 2650 3697 pernoctem

1398 3709 1484 3759 vita
1521 3706 1776 3763 exprimitur
1818 3705 2091 3760 peccatoris,
2142 3717 2218 3759 per
2265 3701 2377 3751 diem
2414 3709 2527 3747 vero*
2562 3705 2650 3748 vita

1394 3782 1518 3838 J‘usti.
1539 3781 1631 3826 Una
1657 3779 1789 3836 igitur
1812 3779 2012 3838 columna
2035 3780 2079 3822 in
2107 3782 2234 3821 nocte
2257 3777 2415 3833 ignem,
2439 3782 2480 3820 et
2504 3777 2546 3819 in
2581 3776 2649 3820 die

1399 3854 1554 3898 nubem
1589 3850 1803 3903 ostendit;
1835 3850 1936 3906 quia
1959 3862 2073 3894 unus
2099 3849 2299 3905 idemque
2321 3848 2537 3899 Christus,
2563 3848 2648 3890 mi-

1397 3927 1581 3973 sericors
1605 3927 1837 3970 electorum
1876 3923 2072 3967 Salvator
2105 3928 2147 3966 et
2181 3923 2328 3977 justus
2364 3922 2662 3985 reproborum.

1398 3994 1720 4049 condemnator,
1757 3998 1802 4040 in
1824 4003 2016 4040 extremo
2045 3995 2210 4052 Judicio
2240 4002 2282 4038 et
2305 3995 2519 4050 justorum
2556 3994 2645 4036 cla-

1399 4077 1566 4116 ritatem
1620 4075 1900 4120 renumerat,
1946 4075 1988 4114 et
2032 4070 2291 4125 iniustorum
2336 4068 2645 4112 obscuritatem

1397 4147 1586 4189 damnat.
1630 4145 1678 4188 I'It
1702 4145 1789 4197 >hic
1823 4149 1887 4187 cst
1926 4142 2080 4186 modus
2118 4142 2227 4187 alius
2252 4175 2262 4193 ,
2304 4153 2387 4195 quo
2426 4140 2646 4183 Christum

1397 4220 1543 4271 eadem
1567 4219 1765 4263 columna
1789 4218 1984 4272 designat
2010 4215 2052 4258 in
2079 4228 2128 4259 eo
2162 4215 2274 4270 quod
2298 4215 2340 4257 in
2361 4226 2406 4257 se
2428 4223 2469 4256 et
2488 4212 2643 4255 nubem

1399 4295 1441 4336 in
1479 4293 1562 4343 die,
1602 4299 1642 4343 ct
1685 4294 1824 4348 Ignem
1865 4290 2054 4346 praetulit
2092 4290 2135 4331 in
2178 4294 2321 4330 nocte.
2361 4286 2413 4328 Et
2450 4286 2541 4327 hmo
2578 4288 2644 4326 est

1398 4378 1545 4421 causa,
1572 4377 1703 4420 quare
1729 4370 1768 4408 et
1791 4365 2001 4420 geminam
2029 4362 2153 4416 ignis,
2182 4366 2222 4404 ct
2245 4359 2376 4410 ,turbis
2400 4358 2641 4401 columnam
