2924 4588
304 191 415 239 2267

244 314 263 338 ,
305 284 690 351 suonascigirum.
1472 335 1485 339 χ

306 372 403 414 pus,
448 369 532 413 quo
572 355 814 432 Susannam
858 351 1034 405 possent
1065 343 1255 388 invenire
1285 341 1437 387 solam,
1463 353 1477 381 ι
1502 344 1545 381 et

307 433 521 474 latuerunt
535 432 631 483 post
657 422 880 467 meridiem
907 404 1374 474 ,in‘pomario·llelciae.
1401 410 1451 453 Et
1478 410 1546 453 in-

307 513 454 558 gressa
478 505 543 543 est
561 498 766 569 §osanna
802 494 952 537 volens
993 489 1143 537 lavari,
1168 487 1211 531 id
1235 493 1301 530 est
1326 484 1428 540 ungi
1466 494 1546 538 pro

307 570 618 615 consuetudine
634 575 770 616 terroe.
800 570 843 608 et
863 560 1159 616 misitpuellas
1191 557 1246 600 ad
1281 555 1544 599 afferendum

307 645 447 688 oleum
489 649 531 686 et
557 644 808 695 smegmata.
857 636 933 680 Est
961 638 1106 678 autem
1143 630 1317 687 proprie
1355 638 1546 684 smegma

308 717 518 761 hordeum
541 726 638 757 cum
668 713 807 769 palea,
851 709 965 753 unde
988 706 1154 750 faciunt
1176 702 1377 746 mulieres
1418 700 1550 744 deco·

309 789 491 832 ctionem
512 785 619 829 sorte
637 785 690 826 ad
717 783 900 825 nitorem
923 779 1063 822 faciei.
1089 777 1211 820 Tunc
1230 778 1455 820 currentes
1479 784 1550 815 se-

308 873 386 904 nes
411 860 461 902 ad
472 869 567 903 eam
584 858 810 900 dixerunt:
830 870 844 895 ι
863 852 1152 898 Commiscere
1173 850 1419 899 nobiscum,
1439 846 1547 890 alio-

309 932 414 989 quin
438 931 622 974 feremus
635 933 785 971 contra
816 931 857 970 te
880 923 1172 971 testimonium
1196 919 1414 964 adulterii.
1441 934 1456 959 ι
1486 916 1543 961 Et

309 1000 436 1058 elegit
478 998 675 1044 Susanna
714 996 904 1042 incidere
927 995 972 1038 in
1016 1005 1170 1037 manus
1214 1003 1382 1044 eorum,
1406 990 1550 1046 potius

309 1087 438 1131 quam
462 1084 643 1129 peccare
661 1071 705 1114 in
729 1070 879 1119 Deum.
922 1067 976 1111 Et
1007 1066 1265 1112 exclamavit
1287 1081 1298 1108 ε
1324 1071 1369 1109 ει
1397 1075 1550 1107 accur-

310 1153 454 1191 rentes
493 1145 659 1196 famuli,
700 1143 983 1191 erubuerunt,
1020 1152 1119 1184 cum
1155 1138 1378 1182 audissent
1423 1148 1549 1181 senes

309 1220 444 1277 loqui.
471 1218 618 1261 Altera
642 1217 711 1261 die
739 1220 899 1261 statuta
921 1220 988 1259 est
1012 1211 1211 1257 Susanna
1234 1212 1278 1255 in
1302 1210 1444 1254 medio
1473 1221 1550 1266 po-

310 1292 417 1349 puli,
440 1297 482 1335 et
506 1296 714 1348 ponentes
752 1300 881 1333 senes
916 1298 1071 1330 manus
1116 1296 1219 1329 suas
1258 1295 1389 1340 super
1419 1287 1550 1339 caput

310 1364 423 1421 ejus,
446 1362 679 1408 contestati
721 1368 822 1405 sunt
850 1372 897 1405 se
919 1359 1080 1404 vidisse
1099 1357 1301 1413 juvenem
1344 1362 1387 1399 et
1411 1355 1549 1412 ipsam

309 1437 470 1494 pariter
513 1434 805 1485 commisceri,
838 1439 880 1476 et
924 1431 1321 1476 condemnaverunt
1356 1439 1452 1472 eam
1497 1427 1552 1471 ad

311 1514 508 1553 mortem.
550 1520 566 1547 c
600 1504 651 1548 Et
687 1503 890 1549 clamavit
931 1501 1131 1545 Susanna
1171 1511 1277 1544 voce
1310 1509 1463 1554 magna
1498 1495 1553 1539 ad

310 1578 446 1624 Deum
471 1592 482 1621 :
509 1578 704 1639 Domine,
748 1583 795 1620 tu
834 1576 920 1620 scis
947 1606 959 1626 ,
987 1574 1087 1630 quia
1130 1573 1336 1628 ignorans
1370 1569 1549 1614 morior.

309 1651 505 1708 Cumque
525 1650 774 1694 traheretur
800 1647 1026 1692 suscitavit
1049 1641 1386 1700 Deus'spirilum
1412 1642 1550 1698 pueri,

308 1726 380 1769 cui
404 1737 559 1769 nomen
586 1723 749 1766 Daniel.
778 1738 791 1764 ι
816 1720 907 1764 Non
924 1726 992 1764 εει
1019 1718 1282 1764 credendum
1304 1717 1372 1761 liis
1397 1716 1470 1772 qui
1488 1715 1554 1759 di·

309 1804 414 1842 cunt
439 1796 654 1839 Danielem
687 1799 904 1838 mortuum
932 1792 1083 1843 fuisse,
1104 1797 1148 1835 et
1161 1790 1552 1839 suscitatumtunc,

308 1875 352 1913 et
370 1868 571 1924 deinceps
596 1866 730 1910 fuisse
767 1864 1038 1922 prophetam,
1063 1863 1140 1908 sed
1177 1867 1281 1906 tunc
1302 1858 1553 1911 manifesta<

308 1941 372 1985 vit
405 1940 611 1983 Dominus
650 1937 857 1994 Spiritum
899 1941 1096 1981 sanctum
1138 1934 1275 1980 fuisse
1302 1933 1347 1978 in
1371 1923 1438 1984 eo,
1479 1931 1553 1989 qui

310 2014 448 2071 prius,
489 2012 614 2068 quasi
652 2012 809 2062 latens,
834 2010 1100 2066 quiescebat.
1127 2008 1180 2051 Et
1201 2007 1262 2052 ait
1306 2006 1458 2051 Daniel
1498 2005 1554 2050 ad

311 2084 514 2141 populum
540 2098 551 2127 ι
582 2098 596 2123 ‹
615 2082 895 2127 Revertimini
921 2081 974 2125 ad
1002 2081 1230 2137 iudicium,
1271 2079 1374 2136 quia
1396 2077 1553 2124 salsum

240 2175 243 2178 ·
310 2156 442 2201 locuti
470 2162 570 2200 sunt
611 2155 818 2200 adversus
842 2166 954 2198 eam.
981 2168 995 2194 i
1024 2153 1219 2207 Cumque
1253 2150 1550 2203 revertissent,

311 2229 527 2285 separavit
555 2226 706 2271 Daniel
752 2238 878 2272 senes
921 2225 974 2270 ab
1017 2225 1219 2276 invicem,
1264 2228 1306 2268 et
1338 2222 1553 2275 advocans

311 2314 446 2346 urium
469 2301 610 2346 dixit:
639 2316 653 2341 ι
693 2299 783 2343 Sub
807 2311 892 2356 qna
924 2298 1080 2342 arbore
1114 2297 1264 2341 vidisti
1302 2308 1379 2341 eos
1419 2296 1554 2340 collo·

310 2379 508 2431 quentes,
526 2373 600 2430 qui
631 2373 718 2416 ait:
743 2371 832 2415 Sub
857 2370 1030 2423 schino,
1051 2385 1066 2411 ι
1095 2381 1223 2426 quam
1242 2368 1383 2412 Latini
1402 2367 1552 2412 dieunt
1573 2396 1606 2443 C

312 2447 561 2501 ilicemnel
604 2446 850 2491 lentiscum.
893 2443 946 2487 Et
979 2443 1213 2487 advocatus
1267 2442 1376 2486 alter
1411 2442 1551 2485 dixit:

314 2534 331 2563 ι
351 2518 441 2563 Sub
453 2518 592 2575 prino.
618 2535 633 2561 ι
652 2518 703 2561 Et
725 2517 977 2562 acclamavit
994 2517 1178 2574 populus
1204 2516 1249 2559 in
1282 2527 1358 2559 eos
1380 2521 1555 2572 propter

311 2592 643 2643 dissonantiam,
670 2596 712 2636 et
733 2590 1044 2636 interfecerunt
1078 2601 1171 2642 eos,
1193 2587 1236 2633 id
1258 2595 1325 2634 est
1344 2583 1551 2646 regi'tra-

311 2664 511 2711 diderunt
553 2664 887 2709 interficiendos.
914 2678 928 2705 ‹
959 2661 1012 2707 Et
1036 2661 1176 2707 factus
1205 2669 1271 2708 est
1294 2662 1445 2707 Daniel
1462 2674 1556 2707 ma·

312 2749 422 2794 gnus
458 2737 501 2781 in
543 2738 702 2794 populo
739 2738 792 2780 'in
831 2737 901 2781 die
945 2736 1034 2788 illa,
1079 2742 1122 2780 et
1151 2735 1370 2793 deinceps.
1397 2734 1449 2778 Et
1479 2747 1556 2779 rex

311 2815 521 2869 Astyages
546 2810 770 2868 appositus
792 2816 858 2855 est
883 2809 935 2853 ad
961 2815 1106 2865 patres
1137 2819 1259 2859 suos,
1289 2813 1332 2851 et
1363 2808 1556 2864 suscepit

312 2884 452 2941 Cyrus
489 2896 669 2941 regnum
690 2884 801 2939 eius,
836 2898 850 2925 ›
878 2884 921 2927 id
957 2889 1024 2928 est
1049 2894 1227 2939 regnum
1251 2880 1485 2926 Persarum
1504 2882 1552 2924 “.

314 2958 444 3005 Forte
482 2958 553 3002 hic
590 2957 901 3001 determinatur
929 2963 1118 3013 tempus,
1155 2967 1242 3012 quo
1285 2955 1465 2999 liberata
1489 2959 1556 2998 est

313 3030 530 3082 Susanna,
554 3030 727 3087 quando
744 3030 912 3074 scilicet
940 3029 1079 3086 Cyrus
1097 3027 1237 3073 factus
1259 3033 1324 3072 est
1346 3039 1420 3071 rex
1457 3025 1557 3071 Per·

314 3114 476 3151 sarum.
498 3112 540 3146 et
565 3102 718 3146 Darius
741 3114 818 3146 rex
848 3101 1084 3146 Medorum.
1125 3100 1203 3145 Vel
1227 3099 1370 3157 potius
1413 3099 1556 3143 deter-

315 3176 449 3218 minet
469 3179 637 3229 tempus
664 3174 884 3230 sequentis
908 3173 1117 3225 historiae,
1144 3185 1239 3229 quae
1271 3173 1342 3215 liic
1360 3172 1552 3223 inchoat,

315 3255 357 3293 et
380 3249 518 3292 adhuc
543 3249 683 3291 stabat
708 3259 889 3303 regnum
933 3246 1180 3304 Babylonis,
1205 3252 1247 3291 et
1269 3252 1363 3290 erat
1389 3245 1434 3289 in
1473 3244 1556 3289 Ba-

315 3323 469 3380 bylone
489 3336 579 3376 rex,
600 3325 654 3366 de
679 3334 764 3378 quo
789 3324 934 3366 statim
960 3323 1156 3379 sequitur
1180 3337 1191 3366 ε

374 3411 389 3438 e
422 3396 524 3440 Erat
551 3402 694 3441 aulem
717 3396 863 3440 Daniel
888 3396 1066 3440 conviva
1100 3396 1233 3452 regis,
1254 3402 1297 3441 ct
1317 3396 1555 3441 honoratus

316 3482 446 3527 super
467 3483 618 3515 omnes
633 3471 794 3515 amicos
815 3471 908 3527 ejus
924 3470 1052 3526 (Dan.
1070 3470 1202 3524 Μή.»
1226 3469 1361 3525 Cujus
1381 3481 1558 3521 nomen,
1584 3466 1618 3509 D
1642 3481 1782 3522 suam,
1807 3481 1905 3513 cum
1938 3459 2166 3521 uxoribus,
2201 3478 2244 3516 et
2263 3472 2411 3516 liberis
2426 3503 2437 3524 ‚
2460 3477 2502 3514 et
2523 3482 2807 3528 consumpscr

316 3543 419 3597 quia
462 3548 576 3586 tacet
604 3543 800 3594 historia,
849 3548 987 3598 potest
1046 3541 1227 3598 intelligi
1269 3542 1404 3586 fuisse
1436 3545 1559 3597 pater

317 3613 550 3665 Baltassar‚
578 3615 640 3675 vel
663 3615 754 3671 ipse
772 3615 1014 3666 Baltassar,
1041 3615 1124 3659 sub
1154 3625 1240 3670 quo
1264 3613 1425 3656 sactum
1452 3620 1517 3658 est
1534 3626 1558 3656 a

318 3686 483 3738 Daniel,
510 3689 624 3743 quod
643 3689 799 3743 legitur
822 3689 867 3731 in
901 3689 1058 3732 sabula.
1088 3688 1217 3740 Belis,
1259 3693 1302 3733 et
1335 3688 1556 3739 draconiS,

320 3772 446 3814 quam
470 3758 655 3803 fabulam
689 3762 875 3816 appelit
913 3761 1135 3813 Hebraeus,
1169 3775 1223 3806 eo
1246 3761 1361 3817 quod
1403 3761 1559 3806 salsum

318 3834 475 3888 legitur
504 3833 547 3878 in
579 3847 647 3883 eo,
673 3841 715 3877 et
747 3835 1014 3889 impossibile
1034 3835 1089 3879 de
1103 3835 1390 3881 translatione
1414 3835 1560 3879 Haba-

318 3918 414 3948 cuc.
445 3905 494 3948 Et
528 3905 660 3949 refert
687 3905 973 3963 Hieronymus
995 3939 1006 3958 ,
1033 3909 1151 3964 quod
1179 3919 1278 3952 cum
1323 3908 1503 3953 dixisset
1523 3910 1562 3953 ei

321 3978 525 4023 llebraeus
551 3980 675 4023 talem
704 3982 1029 4025 translationem
1050 3983 1318 4041 corporalem
1348 3993 1562 4038 nusquam

322 4048 479 4093 factam
517 4062 625 4102 esse,
666 4052 887 4106 respondit
925 4054 1100 4109 quidam
1141 4055 1336 4126 sciolus,
1362 4055 1436 4111 qui
1472 4062 1565 4099 erat

322 4131 420 4163 cuni
440 4121 520 4167 eis.
546 4120 810 4166 Ezechielem
829 4125 1088 4169 translatum
1116 4126 1169 4170 de
1190 4124 1390 4172 Chaldaea
1409 4127 1453 4173 in
1483 4126 1564 4170 Ju-

322 4189 476 4235 doeam.
514 4191 567 4235 Et
611 4194 748 4238 irrisit
774 4208 870 4238 eum
909 4195 1113 4242 Hebraeus
1139 4199 1288 4244 dicens
1311 4212 1321 4240 :
1342 4199 1388 4242 ln
1422 4200 1565 4244 littera

323 4271 573 4321 expressum
597 4275 679 4319 est,
697 4270 809 4324 quod
848 4269 1042 4315 Ezechiel
1067 4272 1302 4316 translatus
1325 4281 1390 4317 est
1413 4274 1457 4316 in
1478 4274 1567 4328 spi-

326 4341 428 4385 ritu.
453 4341 574 4387 Unde
603 4343 838 4400 Apostolus
877 4353 1028 4405 noster
1054 4355 1182 4393 caute
1219 4349 1390 4394 locutus
1413 4357 1482 4394 est
1498 4350 1566 4394 di-

329 4424 430 4456 cens
454 4428 465 4457 ε
487 4430 499 4454 ι
528 4413 627 4459 Sive
645 4418 688 4459 in
709 4412 907 4474 corpore.
923 4414 1161 4467 'siveextra
1185 4434 1363 4477 corpus,
1397 4422 1565 4474 nescio,

332 4474 443 4528 Heus
463 4486 543 4531 scit
569 4486 637 4538 (11
660 4487 890 4539 (ξυνῆκα).
924 4504 939 4533 ι
964 4492 1015 4548 lit
1034 4492 1196 4544 addidit
1219 4493 1423 4541 Hebraeus
1438 4494 1496 4539 nil
1518 4494 1561 4538 in
1599 4490 1604 4494 ’

1236 204 1239 205 ⁷
1305 170 1467 222 emm
1499 168 1854 218 conssroms
2088 221 2091 223 ¹

719 295 732 320 ι
754 277 804 321 Hi
828 280 1073 322 statuerunt
1105 272 1149 315 in
1174 280 1402 314 commune
1431 273 1540 310 tem·
1563 266 1599 311 Α
1623 263 1704 306 bac
1724 259 1868 304 sabula
1901 250 2199 313 propheticum
2232 253 2421 305 narrari,
2449 253 2523 299 sed
2564 267 2673 311 opus
2698 261 2847 299 tantu

1572 699 1575 702 ’
1627 693 1813 737 lationes
1839 692 1934 738 ilias
1961 690 2182 747 corrigens
2206 695 2393 745 quatuor
2428 690 2652 735 columnas
2673 689 2805 743 fecit,
2827 689 2840 702 ·

1574 1333 1610 1377 Β

2743 166 2792 209 it
2836 156 2862 199 τ’

1626 346 1681 379 ex
1700 332 1919 376 industria
1937 330 2099 373 sactum

1681 409 1697 427 ⁶
1720 397 1893 450 A'dditio
1920 406 1960 449 1.
1979 403 2091 455 Quid
2122 402 2179 447 sit
2201 401 2352 446 obelus
2381 409 2422 446 et
2443 402 2676 446 asteriscus
2701 403 2821 459 requi

1626 491 1758 536 supra
1773 491 1869 534 cap.
1884 490 1955 528 xv,
1979 479 2023 519 in
2040 474 2215 527 Genesi,
2235 471 2299 516 De
2316 472 2489 516 diversis
2508 474 2828 518 translationibn
2844 448 2885 514 Ι

1625 552 1734 599 Cum
1768 553 1883 595 enim
1919 555 2107 606 quatuor
2148 545 2334 591 fuissent
2365 547 2694 600 translationes,
2730 547 2786 590 L?
2819 581 2822 585 Δ
2855 557 2878 603 ᾖ

1625 622 1792 679 Aquilae
1811 653 1823 673 ,
1850 618 2189 670 Tliandotionis,
2217 617 2480 675 Symmachi,
2506 618 2748 675 Origenest
2825 643 2828 657 =

2880 597 2887 705 Ι

1627 765 1765 821 prima
1787 765 1931 821 posuit
1950 763 2274 809 translationem
2285 762 2414 817 LXX,
2429 763 2475 808 in
2495 765 2680 808 secunda
2695 765 2754 821 Aq
2789 764 2798 775 ·
2827 735 2888 801 Ι

1628 838 1673 882 in
1709 837 1833 881 tertia
1868 830 2204 887 Theodolionis,
2234 835 2282 878 in
2313 843 2468 892 quarta
2515 837 2788 894 Symmachi,
2842 808 2888 871 -s'

1628 912 1971 957 convenientiam
1994 912 2124 954 trium
2158 911 2324 955 notavit
2347 912 2554 955 asterisco
2573 942 2585 963 ‚
2617 912 2761 957 discor
2803 933 2805 939 ·
2831 877 2889 967 ²2¹

1630 986 1685 1030 tis
1709 997 1733 1029 a
1751 985 1888 1029 tribus
1910 983 2265 1027 translationibus
2285 983 2456 1027 notavit
2481 984 2618 1028 obelo.
2839 1023 2857 1031 .
2881 944 2891 1086 ι

1686 1062 1717 1077 ··
1734 1056 1907 1100 Αάάἱιὲο
1923 1056 1967 1099 2.
1989 1054 2218 1100 Transitus
2240 1062 2336 1107 est,
2362 1067 2490 1111 quem
2508 1056 2579 1099 hic
2614 1056 2719 1101 facit
2738 1056 2798 1101 bi
2837 1063 2863 1104 κζ

1628 1131 1693 1174 ria
1711 1159 1724 1182 ,
1745 1129 1894 1174 valens
1928 1128 2039 1172 forte
2063 1127 2118 1172 ad
2146 1129 2437 1185 praecedentia
2476 1128 2529 1173 de
2555 1128 2755 1174 Susanna
2771 1161 2783 1183 ,

1629 1204 1767 1260 magis
1799 1203 1852 1246 ad
1881 1202 2107 1259 sequentia
2138 1203 2192 1247 de
2214 1201 2330 1247 idolo
2367 1202 2499 1248 Belis.
2523 1202 2734 1260 Tempore
2763 1204 2849 1255 eut

1631 1276 1787 1326 mortis
1827 1276 2030 1332 Astyagis
2050 1306 2062 1327 ‚
2099 1280 2143 1320 et
2185 1275 2466 1320 successione
2506 1274 2623 1319 Darii
2667 1276 2742 1320 filii
2783 1276 2820 1321 e·
2836 1275 2861 1320 13³
2885 1240 2892 1292 Ι

1632 1349 1839 1406 adoptivi,
1856 1355 1899 1392 et
1913 1348 2015 1406 Cyri
2036 1348 2223 1404 nepotis,
2249 1348 2293 1392 id
2310 1354 2378 1392 est
2404 1348 2479 1392 tilii
2505 1348 2599 1392 filiae
2615 1348 2710 1403 ejus
2725 1349 2802 1393 Ast
2829 1367 2836 1378 ι
2859 1322 2893 1460 Ι

1630 1433 1732 1478 ges,
1759 1421 1923 1464 factum
1945 1430 2012 1466 est
2035 1421 2143 1464 illud
2166 1421 2220 1466 de
2244 1421 2344 1466 Bele
2380 1428 2423 1465 et
2451 1419 2557 1466 illud
2583 1423 2637 1468 de
2660 1422 2821 1469 Susan
2863 1411 2883 1418 ”

1631 1507 1731 1538 cum
1755 1494 1896 1539 adhuc
1922 1506 2102 1551 regnum
2125 1493 2356 1551 Babylonis
2378 1494 2568 1540 floreret.
2856 1488 2878 1551 J

1826 1566 1929 1612 Cae.
1954 1566 2065 1613 xlv.
2090 1566 2154 1610 De
2170 1566 2283 1611 idolo
2301 1567 2415 1612 Betis
2435 1576 2473 1612 ct
2490 1567 2685 1622 dracone.
2882 1556 2883 1559 Ι

1693 1655 1708 1682 ι
1737 1641 1839 1684 Erat
1858 1649 2001 1685 autem
2019 1642 2062 1684 in
2082 1641 2300 1699 Babylone
2323 1642 2503 1696 idolum,
2530 1645 2703 1689 nomine
2725 1643 2873 1699 Bels„

1633 1708 1995 1771 impendebantur
2016 1717 2055 1759 ei
2079 1714 2233 1761 diebus
2255 1716 2440 1774 singulis
2459 1717 2513 1762 de
2553 1718 2694 1766 simila
2719 1718 2832 1768 duod

1633 1787 1718 1831 cim
1741 1778 1928 1840 artabae,
1949 1794 1990 1832 et
2017 1801 2120 1833 oves
2139 1790 2427 1847 quadraginta
2447 1823 2460 1844 ,
2483 1796 2527 1835 et
2551 1792 2640 1836 vini
2665 1782 2835 1849 ampbo'
2855 1797 2859 1799 “

1634 1870 1708 1902 sex
1735 1858 1864 1917 (Dan.
1891 1859 1998 1916 xiv).
2025 1875 2041 1901 ι
2069 1859 2145 1904 Est
2176 1866 2319 1906 autem
2351 1863 2499 1906 artaba
2523 1863 2635 1919 apud
2658 1862 2843 1908 Chald·

1632 1929 1783 1974 eadem
1813 1942 2019 1975 mensura
2035 1963 2047 1982 ,
2070 1943 2166 1988 quae
2187 1937 2232 1976 et
2252 1932 2352 1990 ephi
2377 1936 2490 1991 apud
2510 1934 2715 1983 Hebraeos
2731 1968 2743 1990 ,
2761 1934 2854 1981 m.·'

1634 2015 1739 2049 sura
1761 2003 1925 2048 scilicet
1962 2004 2094 2047 trium
2116 2004 2377 2051 modiorum.
2406 2020 2422 2048 ι
2469 2007 2521 2051 Et
2557 2020 2636 2053 rex
2653 2008 2812 2067 Babylo
2869 2049 2876 2055 ,,

1633 2077 1839 2122 adorabat
1861 2076 1967 2120 illud
1985 2090 2062 2134 per
2083 2079 2277 2136 singulos
2303 2079 2415 2133 dieS,
2427 2082 2658 2127 etdicebat
2673 2082 2850 2140 Danieli,
2890 2107 2896 2124 .

1633 2150 1778 2204 Quare
1812 2161 1900 2194 non
1927 2149 2087 2196 adoras
2110 2150 2212 2194 Bel?
2236 2151 2319 2205 Qui
2361 2146 2588 2209 respondit
2619 2169 2630 2200 :
2667 2150 2764 2199 Non
2787 2168 2830 2200 c

1633 2221 1843 2266 facturam
1860 2253 1871 2275 ,
1897 2222 1974 2268 sed
1998 2228 2240 2267 creatorem
2262 2223 2457 2268 omnium
2489 2225 2626 2271 Deum
2650 2224 2857 2273 vivente

1637 2295 1687 2340 Et
1705 2298 1766 2341 ait
1787 2310 1862 2343 rex
1893 2312 1902 2340 τ
1932 2297 2084 2343 Nonne
2102 2297 2272 2343 videtur
2293 2297 2370 2343 tibi
2392 2298 2466 2343 Bel
2490 2299 2603 2346 Deus
2627 2301 2790 2355 vivens,
2810 2315 2847 2360 q·

1634 2377 1753 2416 tanta
1791 2373 1987 2430 quotidie
2023 2373 2211 2418 comedit
2247 2378 2292 2417 et
2330 2373 2466 2418 bibit?
2494 2374 2576 2428 Qui
2603 2371 2829 2432 ‘respondit
2860 2387 2866 2390 ·

1634 2444 1755 2491 Intus
1778 2446 1922 2491 luteus
1945 2452 2079 2500 est‚et
2103 2445 2208 2490 soris
2231 2458 2396 2500 aeneus,
2412 2459 2632 2504 nunquam
2655 2449 2854 2497 comedit.

1634 2517 1687 2562 Et
1722 2519 1890 2563 vocavit
1914 2531 1991 2563 rex
2013 2518 2288 2571 sacerdotes,
2318 2525 2361 2563 et
2404 2519 2463 2563 ait
2490 2533 2501 2564 :
2533 2533 2550 2561 r
2579 2518 2672 2565 Nisi
2691 2520 2826 2566 dixeri
2848 2550 2862 2558 υ

1635 2593 1741 2637 mitti
1775 2592 1876 2650 quis
1919 2592 2106 2637 comedit
2139 2592 2359 2649 impensas
2399 2593 2479 2637 has
2495 2625 2507 2647 ,
2547 2593 2806 2641 moriemini.
2847 2602 2859 2614 “

1636 2675 1779 2711 autem
1823 2666 2112 2711 ostenderetis
2147 2667 2279 2720 milii,
2322 2668 2540 2723 quomodo
2575 2667 2651 2713 Bel
2687 2670 2853 2715 coined

1635 2738 1738 2791 boc,
1763 2736 1917 2782 Daniel
1932 2738 2158 2782 morietur.
2173 2737 2305 2781 Erant
2327 2744 2470 2783 autem
2483 2740 2738 2786 sacerdotes
2761 2753 2834 2785 sex
2860 2763 2864 2774 ·

2891 2493 2898 2531 Ι

2893 2574 2898 2595 Ι

2890 2635 2900 2683 Ι

1635 2810 1780 2866 ginta,
1807 2809 2000 2866 exceptis
2019 2810 2230 2856 uxoribus
2267 2819 2311 2856 et
2341 2812 2550 2868 parvulis.
2574 2812 2627 2857 Et
2661 2814 2780 2858 venit
2809 2826 2868 2862 re
2893 2775 2901 2825 Ι

1635 2895 1734 2927 cum
1765 2882 1942 2928 Daniele
1969 2884 2014 2927 in
2035 2884 2259 2940 templum.
2285 2885 2336 2928 Et
2373 2886 2575 2930 dixerunt
2596 2887 2846 2934 sacerdotes
2893 2856 2901 2973 Ι

2894 3005 2901 3039 t

2893 3079 2902 3111 ι

2894 3147 2902 3260 Ι

2894 3293 2903 3333 Ι

2896 3369 2903 3410 l

2883 1689 2896 1805 Ι

2887 1838 2896 1879 Ι

2887 1911 2897 2018 Ι

2889 2056 2897 2103 Ι

2890 2126 2898 2167 Ι

2890 2203 2898 2254 Ι

1633 2955 1722 3000 Nos
1758 2955 2030 3014 egrediemur
2055 2956 2190 3010 foras,
2216 2964 2260 3002 et
2303 2965 2348 3003 tu
2387 2972 2461 3003 rex
2480 2992 2492 3013 ,
2512 2973 2624 3016 pone
2646 2962 2822 3014 vinum,
2852 2980 2868 3000 ι-

1634 3042 1776 3083 escas,
1796 3036 1840 3074 et
1863 3031 2017 3075 claude
2033 3033 2213 3083 ostium,
2233 3038 2275 3078 et
2299 3034 2422 3090 signa
2448 3034 2609 3078 annulo
2631 3040 2777 3088 tuo,et
2801 3035 2859 3079 ni

1634 3105 1852 3150 inveneris
1867 3107 2147 3151 maneomnia
2176 3112 2367 3151 comesta
2391 3107 2521 3160 aBel,
2550 3108 2800 3153 moriamur.
2840 3110 2862 3143 ὕ

1634 3178 1778 3234 posuit
1805 3190 1883 3223 rex
1903 3178 2023 3223 cibos
2041 3184 2140 3223 ante
2159 3178 2250 3223 Bel.
2282 3178 2335 3220 Et
2357 3178 2506 3223 Dauiiel
2525 3180 2733 3224 cribravit
2757 3179 2858 3224 cine

1634 3262 1727 3295 rem
1747 3262 1824 3306 per
1843 3255 1982 3293 totum
2008 3250 2300 3306 pavimentum
2319 3262 2464 3294 coram
2483 3263 2598 3308 rege,
2623 3256 2666 3296 et
2689 3252 2840 3309 clausu
2857 3257 2871 3280 '·

1634 3330 1700 3368 est
1730 3323 1916 3375 ostium,
1941 3328 1984 3368 et
2023 3324 2242 3381 signatum
2276 3325 2436 3368 annulo
2466 3325 2597 3380 regis.
2634 3324 2820 3370 Sacerd'o
2848 3342 2874 3361 1³

1636 3402 1779 3440 autem
1805 3395 1990 3452 ingressi
2014 3405 2116 3442 sunt
2139 3397 2210 3441 illa
2236 3406 2379 3450 nocte,
2395 3404 2514 3454 Juxta
2530 3398 2837 3443 consuetudin
2855 3368 2885 3442 ΓΙ

1639 3543 1802 3588 omnia.
1832 3559 1848 3586 ι
1870 3542 2080 3589 Fecerant
2108 3553 2249 3590 autem
2289 3546 2370 3590 sihi
2392 3545 2620 3591 cuniculos
2650 3546 2732 3590 sub
2753 3553 2795 3590 te

1639 3621 1683 3659 et
1704 3616 2006 3660 absconditum
2027 3619 2251 3662 introitum
2277 3619 2359 3662 sub
2384 3617 2812 3663 mensa.Diluculov
2836 3639 2841 3656 ι
2897 3639 2899 3642 ·

1641 3701 1715 3733 rex
1741 3689 1819 3732 ad·
1837 3689 2072 3745 templum,
2094 3695 2140 3734 et
2157 3690 2307 3735 Daniel
2327 3703 2428 3734 cum
2448 3703 2500 3735 eo
2518 3687 2538 3743 ,”
2569 3697 2612 3735 ει
2632 3690 2838 3736 invenerit
2892 3679 2893 3682 ¹

1642 3762 1763 3818 signa
1802 3763 1936 3807 salva.
1963 3762 2158 3820 Cumque
2187 3763 2459 3820 aperuissent
2483 3764 2643 3808 ostium
2665 3796 2682 3815 ,
2705 3763 2819 3807 intu‘
2848 3749 2866 3791 s

1643 3847 1719 3879 rex
1739 3848 1934 3881 mensam
1950 3849 2148 3891 vacuam,
2168 3838 2426 3881 exclamavit
2447 3852 2457 3881 z
2483 3853 2497 3879 ι
2514 3837 2692 3894 Magnus
2713 3842 2817 3883 est·
2839 3859 2847 3875 ι

1644 3914 1687 3951 ct
1727 3909 1866 3952 tenuit
1900 3909 2051 3954 Daniel
2087 3921 2231 3966 regem
2266 3921 2321 3954 ne
2358 3909 2671 3966 ingrederetur,
2702 3915 2746 3954 et
2788 3910 2874 3954 ait

1649 3997 1663 4021 ι
1691 3982 1998 4027 Animadverte
2020 3983 2201 4038 vestigia
2228 3983 2386 4039 pedum
2422 3995 2554 4039 super
2575 3983 2825 4040 pavimenta
2853 4009 2857 4012 ·

1645 4054 1698 4097 Et
1733 4058 1871 4099 iratus
1899 4069 1975 4099 rex
2000 4055 2286 4112 apprehendit
2321 4056 2600 4108 sacerdotes,
2621 4062 2665 4099 et
2687 4061 2811 4100 osten
2860 4025 2904 4079 ΙΙ

1644 4132 1748 4171 runt
1769 4128 1808 4172 ei
1838 4129 1993 4172 ostiola
2009 4158 2021 4181 ,
2042 4141 2118 4185 per
2139 4140 2236 4184 quae
2263 4128 2616 4185 ingrediebantur
2631 4133 2674 4171 et
2695 4096 2903 4184 egi-edd

1646 4201 1820 4245 bantur.
1844 4200 1897 4244 Et
1921 4201 2080 4246 occidit
2107 4213 2182 4246 eos
2203 4213 2278 4246 rex
2297 4233 2309 4253 ,
2333 4209 2375 4245 et
2410 4202 2528 4246 dedit
2547 4202 2620 4246 Bel
2646 4201 2691 4244 in
2714 4213 2831 4250 man
2854 4202 2874 4243 “.

1646 4275 1935 4332 Danielis,qui
1958 4276 2168 4321 subvertit
2183 4287 2282 4320 eum
2299 4282 2342 4319 et
2360 4271 2581 4331 templum.
2605 4275 2727 4318 »Erat
2745 4280 2858 4319 aute
2906 4271 2907 4324 ᾖ

1648 4351 1692 4391 in
1730 4348 1880 4393 eodem
1924 4349 2019 4393 loco
2052 4348 2184 4393 draco
2217 4349 2400 4404 magnus
2431 4348 2569 4390 latens
2602 4347 2645 4390 in
2670 4346 2814 4398 fovea,
2838 4350 2874 4391 ’-,,
2905 4339 2907 4403 2

1649 4421 1886 4466 adorabant
1911 4434 2008 4466 eum
2027 4422 2264 4480 Babylonii.
2280 4421 2538 4466 vSacerdotes
2553 4421 2648 4476 ejus
2673 4420 2837 4466 habeba
2851 4420 2870 4459 ι’.

1649 4494 1900 4554 hydraulia,
1927 4494 1970 4539 id
1995 4502 2060 4542 est
2079 4507 2182 4541 vasa
2214 4495 2327 4540 facta
2350 4495 2401 4540 de
2422 4492 2552 4540 coriis
2571 4493 2823 4545 vitulorum,
