2924 4588
131 49 209 95 ott

794 47 864 93 DE
894 48 1234 95 TRtPAn'rt'ro
1266 47 1684 97 Hammeum.
1702 76 1756 86 -
1781 53 2064 102 PROOEfflA,

2594 63 2678 106 622

132 141 355 186 calefaciat
370 153 467 186 eum
493 139 591 194 (111
614 139 712 198 Περ.
738 126 770 192 ι’,
806 141 866 198 1).
890 140 1014 198 Apud
1043 141 1162 198 ipsos
1196 126 1265 184 ‘vir
1291 139 1367 184 Dei
1390 141 1427 186 A
1448 141 1648 197 templum
1673 143 1935 189 reaedilleans
1953 145 1995 203 (1
2013 140 2114 190 Eud.
2131 108 2202 198 ur,
2229 145 2334 205 tm:
2360 145 2520 196 Esdras
2544 165 2679 210 legem

131 215 247 258 stitis
304 214 573 258 maledictam
629 219 671 256 et
716 213 951 257 maleficam
984 211 1152 257 lesabel
1170 244 1182 265 ,
1221 208 1364 255 mundi

129 289 259 343 hujus
287 288 451 332 scilicet
485 287 871 341 concupiscentiam,
908 284 1111 346 fugiendo
1143 285 1364 330 declinans

119 362 227 421 (111
253 361 352 419 Ray.
394 375 451 413 x,
470 361 531 416 5),
567 360 621 403 ad
657 360 870 404 desertum
905 359 1092 416 quietis,
1131 359 1365 414 assumptis

128 436 281 494 pennis
303 435 526 485 columbae,
552 434 632 478 sub
648 433 766 478 omni
802 432 1073 476 festinatione
1094 432 1223 476 volat.
1242 428 1364 486 Apud

126 508 244 564 ipsos
267 506 377 550 idem
396 505 510 548 Elias
527 538 540 558 ‚
566 506 610 547 in
635 504 846 549 Bersabee
862 503 970 546 inda
995 515 1120 547 suum
1143 503 1365 547 dimittens

127 592 329 636 puerum,
348 579 447 622 dum
463 591 540 633 per
555 577 839 622 consessionis
849 576 1084 632 pul-itatem
1105 581 1147 619 et
1162 574 1364 631 septifor-

127 663 238 695 mem
261 649 580 707 aspirationem,
610 660 783 692 sensum
809 659 833 690 a
871 659 918 690 se
944 647 1092 702 abjicit
1124 646 1363 702 puerilem;

125 727 170 767 et
205 723 249 766 in
281 721 435 766 mentis
475 720 704 764 solitudine
733 730 1034 770 commorans,
1079 719 1235 762 animae
1277 729 1366 762 suae

127 799 310 839 mortem
332 793 523 850 exposcit
543 790 699 849 (ibim),
726 790 975 835 desiderium
999 789 1151 833 habens
1174 788 1363 844 dissolvi,

124 874 163 909 et
195 879 281 910 esse
305 879 402 909 cum
419 864 583 909 Christo
621 863 750 922 (Phil.
795 876 826 915 ι,
858 863 960 918 2:⁷0:
989 864 1063 920 qui
1097 865 1152 908 ab
1187 864 1364 908 internae

120 937 421 994 inspirationis
452 937 600 994 angelo
640 935 871 981 suscitatus
895 937 949 980 ab
979 936 1159 993 ignaviae
1180 949 1330 982 somno
1346 968 1363 989 ,

122 995 540 1066 panesubcinericio
566 1007 758 1052 relicitur
777 1039 790 1060 ,
807 1007 910 1055 dum
943 1007 1068 1052 bonae
1102 1007 1364 1064 operationis

127 1083 366 1128 humilitate
388 1081 657 1139 pinguescit;
682 1086 729 1125 ut
753 1081 798 1138 in
818 1081 950 1136 hujus
966 1080 1051 1124 cibi
1079 1079 1331 1125 fortitudine
1349 1110 1362 1130 ‚

124 1169 204 1214 per
229 1156 615 1213 quadragenarium
649 1156 874 1212 praesentis
903 1156 1044 1200 exsilii
1083 1161 1275 1212 tempus,
1310 1155 1364 1200 ad

122 1230 322 1274 stabilem
346 1230 628 1274 aeternitatem
648 1260 659 1281 ,
699 1235 741 1273 et
765 1235 969 1274 aeternam
995 1229 1172 1286 superni
1203 1228 1364 1274 montis

126 1305 399 1348 stabilitatem
421 1303 649 1361 pertingat.
673 1303 798 1360 Apud
830 1305 947 1359 ipsos
969 1303 1154 1360 duplicis
1186 1303 1364 1360 spiritus

126 1376 227 1420 Elia:
256 1389 479 1433 possessor
517 1376 697 1420 Elizaeus
733 1375 776 1433 (1
787 1376 819 1419 V
850 1375 948 1433 Req.
988 1387 1046 1428 ιι,
1084 1376 1144 1432 9),
1199 1376 1274 1433 qui
1301 1375 1365 1421 sic

125 1450 258 1494 Etiam
281 1451 490 1506 sequitur,
514 1451 582 1494 sic
619 1450 713 1506 ejus
738 1462 785 1493 se
813 1447 930 1493 dedit
964 1449 1293 1503 ministrationi;
1319 1456 1365 1494 ut

125 1531 287 1581 patrem
310 1523 532 1576 muudum,
556 1529 599 1568 et
615 1529 792 1568 matrem
809 1522 1219 1579 concupiscentiam,
1237 1523 1367 1580 336

122 1609 202 1654 per
226 1597 639 1641 abrenuntiationem
663 1597 836 1649 mentis,
856 1596 1131 1641 deosculetur
1152 1611 1162 1640 :
1188 1597 1363 1642 dorsum

125 1677 178 1708 ex
213 1670 305 1710 toto
340 1665 402 1710 eis
425 1671 704 1718 convertens,
735 1671 776 1710 et
801 1665 853 1709 ad
881 1678 957 1711 eos
992 1666 1174 1711 ulterius
1210 1666 1366 1711 reverti

126 1751 211 1782 non
226 1751 487 1796 proponens.
502 1739 622 1796 Apud
645 1741 777 1796 ipsos,
792 1738 925 1785 isaias
945 1740 998 1784 ad
1019 1741 1367 1797 praeceptumDo-

121 1812 229 1855 mini
245 1843 256 1863 ,
282 1814 424 1858 (arnis
450 1813 681 1858 nuditatem
709 1827 795 1857 non
819 1814 1096 1865 erubescens,
1124 1814 1364 1860 mundanas

121 1883 319 1945 funditus⁴
341 1887 515 1930 exuvias
537 1878 710 1942 deponit
734 1886 839 1944 (Isa.
865 1899 936 1939 xx,
958 1886 1002 1944 2)
1029 1902 1039 1940 ;
1093 1892 1138 1929 ut
1156 1900 1365 1932 exonera·

44 1973 45 1977 ¹
125 1964 193 2003 tus
212 1959 409 2010 terrenis,
429 1959 551 2016 quasi
577 1971 736 2004 vacuus
767 1960 919 2012 viator,
940 1960 1110 2004 incedat
1134 1973 1278 2005 coram
1301 1961 1365 2004 la·-

121 2034 275 2083 trone,
301 2039 503 2086 cantans3
527 2033 675 2089 sicque
704 2033 873 2078 facilius
911 2038 1039 2090 atque
1075 2034 1287 2086 securius,
1312 2034 1366 2078 ad

125 2098 316 2149 eoelestia
335 2105 484 2148 'tendat
521 2113 562 2149 et
577 2111 751 2149 aeterna.
775 2105 899 2163 Apud
920 2105 1038 2163 ipsos
1062 2111 1239 2151 sanctus
1261 2105 1366 2151 Eze-

125 2179 236 2226 chiel
255 2211 266 2231 ‚
292 2179 363 2236 qui
386 2180 430 2222 in
462 2179 643 2224 aedificio
669 2179 871 2238 civitatis,
898 2179 941 2224 in
961 2187 1104 2225 monte
1123 2181 1300 2237 positae,
1324 2186 1367 2224 et

125 2251 178 2296 ad
215 2251 416 2296 Austrum
447 2253 667 2309 vergentis
683 2285 693 2305 ‚
717 2265 795 2309 per
828 2253 1011 2298 sublime
1040 2253 1139 2297 vitae
1165 2253 1364 2297 meritum
1387 2276 1418 2322 C

121 2330 262 2378 stans,
291 2325 437 2369 ocules
475 2325 600 2369 habet
623 2325 676 2368 ad
711 2323 1082 2384 portamfflzeclz.
1121 2338 1192 2378 n„
1213 2325 1274 2383 2).
1299 2324 1365 2370 Ad

125 2403 308 2453 portam,
336 2399 524 2455 inquam,
550 2411 644 2455 quae
665 2400 784 2443 ducit
801 2400 855 2444 ad
877 2400 1113 2452 civitatem,
1139 2401 1364 2444 ambulans

121 2482 201 2526 <per
224 2470 346 2514 fidem
365 2504 376 2523 ‚
395 2477 437 2516 et
460 2470 710 2517 desiderans
737 2485 812 2530 per
830 2474 1016 2530 speciem
1033 2505 1045 2526 ,
1069 2473 1178 2517 dans
1197 2479 1363 2530 tergum

123 2545 387 2589 transitoriis
428 2552 471 2589 et
511 2545 663 2590 faciem
701 2547 871 2590 {eternis
895 2579 907 2597 ‚
967 2547 1144 2603 cupiens
1182 2547 1365 2604 denique

126 2616 303 2660 dissolvi
332 2622 374 2660 et
394 2629 488 2662 esse
513 2629 612 2661 cum
656 2617 846 2662 Christo.
872 2617 995 2674 Apud
1013 2617 1154 2674 ipsos,
1176 2618 1367 2663 sanctifi·

123 2694 248 2734 catus
274 2690 317 2732 in
340 2695 462 2734 utero
481 2721 493 2743 ‚
529 2691 646 2748 virgo
667 2724 678 2743 ,
712 2685 753 2735 et
778 2680 995 2736 sacerdos
1017 2691 1117 2743 Dei,
1157 2691 1366 2737 Jeremias

120 2763 426 2809 sanctissimus
459 2763 566 2821 (Jer.
609 2777 639 2816 1,
679 2759 742 2824 5)
758 2781 784 2822 ξ,
817 2777 945 2821 quem
976 2765 1029 2809 de
1087 2765 1183 2808 lacu
1223 2765 1366 2810 lutoso

125 2838 273 2892 panni,
299 2843 340 2882 et
363 2837 488 2882 funes
511 2843 679 2883 veteres
699 2837 970 2896 levantffler.
989 2840 1170 2891 xxxviii,
1197 2837 1240 2895 6)
1261 2871 1271 2890 ,
1290 2838 1369 2882 ha·

128 2910 297 2954 beatem
324 2911 367 2954 in
405 2922 588 2957 ascensu
630 2924 710 2957 suo
728 2946 740 2967 ‚
765 2925 852 2971 quo
874 2913 927 2957 ad
954 2911 1124 2957 cantica
1152 2911 1366 2968 graduum

127 2983 273 3026 venire
287 2982 538 3036 contendit,
575 2990 661 3028 tam
686 2986 862 3042 sagittas
894 2991 1069 3038 acutaS,
1103 2996 1233 3042 quam
1273 2995 1369 3028 cara·

127 3055 262 3100 bones
307 3062 548 3102 vastatores
599 3056 734 3115 (Psoi.
785 3070 885 3102 cxix
905 3091 916 3110 ‚
970 3058 1029 3116 t).
1078 3058 1205 3115 Apud
1252 3059 1368 3115 ipsos

130 3127 276 3173 Daniel
306 3129 359 3174 de
401 3143 550 3176 mensa
588 3132 704 3189 regis
744 3130 990 3190 Babylonici
1038 3132 1170 3189 pollui
1198 3132 1369 3176 ¹nolens

129 3199 256 3258 (Dan.
292 3213 323 3253 1,
348 3200 422 3258 8),
450 3214 577 3258 quem
611 3208 651 3246 ct
687 3201 859 3247 Gabriel
897 3203 1000 3246 facit
1027 3204 1264 3261 intelligere
1305 3204 1371 3247 vi-

127 3274 293 3318 sionem
334 3273 460 3332 (D'an.
498 3288 596 3327 vm,
635 3276 721 3334 16).
747 3276 870 3333 Apud
904 3277 1020 3333 ipsos
1041 3283 1162 3334 pater
1184 3276 1365 3330 Tobias,

1438 224 1656 258 renovans
1689 214 1730 271 (1
1764 215 1895 260 Esar.
1935 209 2032 275 ἆυ).
2071 217 2271 264 internus
2307 221 2572 266 consolator.
2616 226 2683 270 sic

1444 283 1559 327 enim
1583 283 1888 342 interpretatur
1898 301 2055 333 nonien
2077 291 2208 342 istud,
2224 292 2337 347 quod
2352 298 2419 337 est
2437 291 2680 350 Nebemia&

1443 367 1591 401 muros
1621 355 1855 403 Jerusalem
1885 367 2142 407 construens
2160 362 2231 421 (11
2253 363 2354 408 Esd.
2389 378 2438 419 11,
2476 366 2560 423 17).
2585 366 2683 411 Pri-

1443 439 1626 484 musque
1670 429 1792 473 adest
1831 429 1884 473 ad
1918 432 2329 490 sanctificationem;
2372 439 2589 483 sccundus
2628 439 2684 484 ad

1444 502 1756 556 eruditionem;
1789 504 1947 549 tertIus
1965 505 2022 548 'ad
2062 508 2352 553 securitatem.
2395 509 2520 567 Apud
2565 511 2684 569 ipsos

1443 572 1762 627 Mardochaeus‚
1802 576 1984 622 adorare
2011 586 2293 625 contemnens
2327 583 2685 638 superbissimum

1443 643 1578 687 Arnan
1602 645 1771 702 (Esther
1794 659 1862 699 ur,
1887 647 1947 705 2).
1975 647 2100 704 Apud
2134 651 2252 706 ipsos
2274 651 2548 699 Holofernem
2570 657 2687 712 peri·-

1443 727 1565 761 mens
1585 716 1732 761 Judith
1758 718 1922 776 (Iudith
1954 733 2031 763 xm
2047 753 2059 773 ,
2090 722 2176 779 10).
2203 721 2326 779 Apud
2348 725 2466 781 ipsos
2492 726 2647 771 Esther
2670 743 2682 772 ε

1442 789 1567 843 cujus
1590 792 1858 848 concupiscit
1878 805 1952 837 rex
1973 794 2169 838 decorem
2195 794 2360 852 (Esther
2379 810 2432 849 ιι,
2457 798 2543 856 17).

1497 860 1608 906 xlx.
1653 862 1776 919 Apud
1808 864 1925 920 ipsos
1962 865 2272 919 nihilominus,
2314 874 2362 912 ut
2400 870 2454 913 ad
2491 877 2686 929 tempora
2723 887 2726 890 ·

1442 935 1592 989 gratiae
1612 936 1850 989 veniamus,
1871 938 2064 994 ingresso
2089 938 2296 984 Zacharia
2315 942 2358 984 in
2377 943 2585 1000 templum
2605 943 2690 988 Do-

1442 1005 1548 1048 mini
1571 1008 1770 1062 apparuit
1796 1007 1968 1053 Gabriel
2001 1011 2209 1066 angelus,
2242 1018 2363 1058 stans
2400 1013 2454 1057 ad
2490 1015 2684 1070 dextram

1443 1078 1592 1123 altaris
1614 1079 1779 1123 incensi
1803 1079 1922 1138 (Luc.
1950 1093 1980 1134 1,
2006 1082 2093 1140 ll).
2112 1081 2235 1139 Apud
2258 1073 2376 1140 ipsos
2394 1088 2558 1132 crescit
2579 1101 2688 1145 puer

1441 1149 1653 1203 Ioannes,
1685 1157 1727 1196 et
1744 1152 2028 1206 confortatur,
2053 1160 2095 1199 et
2114 1160 2181 1199 est
2203 1155 2248 1199 in
2271 1157 2454 1202 desertis
2477 1172 2614 1216 usque
2633 1161 2687 1204 ad

1443 1223 1707 1268 ostensionis
1737 1237 1825 1270 suae
1847 1226 1960 1270 diem
1996 1227 2051 1271 ad
2069 1226 2204 1273 Israel
2241 1228 2418 1287 (Lucu,
2450 1231 2538 1289 80).
2563 1232 2687 1290 Apud

1443 1295 1577 1351 ipsos,
1601 1298 1700 1340 visis
1723 1297 1872 1351 turbis,
1906 1298 2030 1344 Jews
2053 1300 2237 1345 ascendit
2255 1303 2303 1345 in
2321 1310 2497 1347 montem
2516 1305 2692 1362 (ΜαιεΙι,

1442 1382 1495 1420 v,
1521 1369 1580 1428 l).
1609 1370 1734 1426 Apud
1753 1372 1870 1428 ipsos
1886 1403 1898 1424 ‚
1917 1373 1960 1432 in
1982 1375 2195 1430 superiora
2218 1376 2410 1420 ,ascendit
2431 1377 2607 1431 Petrus,
2641 1391 2689 1422 nt

1444 1449 1582 1486 oravet
1601 1443 1647 1501 (A
1656 1453 1710 1488 ct.
1729 1457 1772 1498 x,
1798 1444 1857 1503 9).
1873 1445 1997 1502 Apud
2013 1446 2146 1503 ipsos,
2161 1450 2328 1505 rapitur
2344 1441 2507 1496 Paulus
2531 1452 2584 1496 ad
2603 1459 2690 1497 ter-

1444 1516 1550 1559 tium
1591 1517 1774 1571 coelum3
1810 1518 1978 1574 rapitur
2010 1525 2052 1564 et
2090 1521 2133 1564 in
2155 1521 2436 1577 paradisum,
2484 1531 2526 1568 et
2570 1525 2691 1569 audit

1443 1589 1573 1634 verba
1606 1603 1701 1647 quae
1723 1603 1810 1635 non
1852 1592 1951 1636 licet
1975 1593 2140 1638 homini
2160 1595 2278 1652 loqui
2296 1595 2365 1652 (11
2389 1594 2487 1642 Cor.
2514 1610 2603 1651 xu,
2625 1599 2686 1656 2).

1443 1662 1569 1722 Apud
1592 1666 1735 1721 ipsos,
1778 1665 2079 1724 Apocalypsim
2125 1679 2246 1712 suam
2280 1668 2406 1714 Jesus
2458 1669 2686 1721 Christus,

1442 1749 1574 1792 quam
1597 1736 1714 1781 dedit
1729 1737 1790 1781 illi
1807 1737 1921 1782 Deus
1944 1739 2084 1795 palam
2105 1738 2270 1790 facere,
2311 1741 2458 1798 signat
2491 1747 2535 1786 et
2557 1742 2689 1786 mittit

1440 1822 1520 1866 per
1544 1811 1742 1867 angelum
1768 1823 1895 1856 suum
1929 1824 2056 1857 servo
2090 1824 2170 1857 suo
2200 1813 2353 1858 Joanni
2381 1814 2524 1870 (Αροε.
2541 1827 2557 1857 ι
2575 1846 2587 1867 ,
2627 1814 2686 1871 t).

1445 1881 1550 1934 Quis
1567 1883 1762 1939 sapiens,
1786 1890 1830 1928 et
1860 1884 2063 1942 intelliget
2102 1886 2184 1930 ista
2202 1918 2214 1939 ,
2244 1892 2287 1931 et
2318 1888 2558 1945 intelligens
2581 1888 2690 1933 sciet

1445 1956 1569 1999 haec?
1589 1955 1745 2013 Utique
1761 1956 1978 2014 sapientes
1990 1970 2082 2002 vos.
2097 1957 2183 2003 Vos
2198 1959 2304 2004 estis
2321 1968 2363 2004 et
2383 1960 2686 2019 intelligentes,

1444 2030 1601 2087 quibus
1621 2029 1737 2074 dedit
1758 2029 1966 2075 Dominus
1989 2031 2248 2076 intellectum
2264 2034 2313 2076 in
2333 2034 2559 2087 omnibus;
2579 2046 2690 2091 quos

1444 2110 1486 2147 et
1519 2104 1612 2160 ipsa
1647 2104 1795 2148 unctio
1830 2104 1955 2149 docet
1987 2104 2040 2150 de
2071 2106 2270 2152 omnibus
2302 2105 2345 2164 (Ι
2366 2106 2494 2150 Joan.
2521 2119 2571 2160 11,
2595 2107 2684 2165 27).

1446 2173 1568 2221 Unde
1599 2175 1699 2233 quia
1732 2176 1852 2221 vobis
1868 2210 1880 2230 ,
1919 2183 1962 2221 et
1977 2178 2303 2236 propinavimus
2326 2185 2469 2224 vestra
2487 2212 2498 2233 ,
2523 2187 2565 2226 et
2599 2194 2689 2227 non

1443 2251 1748 2306 proposuimus
1769 2263 1877 2296 nova
1895 2282 1907 2304 ‚
1934 2251 2010 2296 sed
2043 2252 2096 2295 ad
2130 2254 2381 2298 memoriam
2410 2255 2529 2300 robis
2565 2267 2690 2300 revo-

1445 2324 1637 2368 cavimus
1684 2330 1803 2377 nota,
1835 2325 2034 2369 arbitrati
2058 2338 2210 2371 sumus
2239 2327 2458 2380 sufficere,
2483 2335 2530 2372 ut
2551 2329 2689 2387 magis

1444 2396 1630 2442 breviter
1649 2405 1920 2454 tangeremus
1944 2399 1987 2442 in
2013 2399 2264 2456 superficie,
2286 2414 2415 2457 quam
2438 2407 2484 2446 ut
2521 2402 2689 2447 fodere-

1444 2483 1542 2513 mus
1569 2470 1781 2527 prol'unde
1814 2477 1857 2516 et
1901 2484 2213 2529 exponeremus
2248 2474 2439 2529 profuse.
2480 2475 2540 2520 De
2562 2477 2689 2533 longe

1444 2543 1619 2599 quidem
1654 2544 2039 2600 apprehendimus,
2063 2551 2106 2589 et
2127 2546 2174 2589 in
2206 2547 2379 2603 longum
2399 2548 2687 2602 produximus
2722 2576 2723 2579 =

1445 2617 1579 2668 iilum,
1607 2622 1838 2668 uteorum,
1873 2617 1947 2674 qui
1969 2618 2180 2662 veraciter
2208 2620 2600 2674 claustralessunt,
2625 2622 2688 2667 fe·

1440 2691 1700 2739 cunctantem
1728 2691 1917 2736 exercitii
1941 2693 2175 2748 spiritualis
2215 2694 2474 2749 singularem
2498 2695 2686 2742 fructum

1446 2763 1584 2819 magis
1601 2764 1985 2821 recognosceretis,
2013 2777 2142 2821 quam
2159 2767 2449 2822 agnosceretis
2472 2780 2688 2827 praeroga-

1440 2834 1591 2878 tivam.
1668 2843 1671 2846 ·
1963 2873 1972 2878 ..
2411 2875 2413 2877 ,
2634 2889 2637 2892 ⁴
2660 2885 2662 2887 .

1458 2899 1460 2901 ’
1501 2907 1593 2952 XX.
1623 2907 1773 2955 Nonne
1791 2915 1908 2967 patet
1927 2922 1978 2954 ex
2001 2910 2094 2972 his,j
2107 2911 2221 2967 quod
2239 2922 2292 2955 ‘ex
2310 2924 2358 2957 re
2376 2924 2535 2958 nomen
2558 2914 2686 2959 habet

1446 2980 1602 3028 fluvius
1619 2984 1714 3036 iste,
1730 2996 1861 3040 quem:
1879 2983 1932 3029 ad
1950 2985 2210 3030 claustrales
2238 2990 2683 3045 asseruutpertinere:

1447 3058 1522 3113 qui
1562 3058 1742 3113 fructum
1777 3065 1932 3110 sonat,
1957 3059 2118 3115 utjure
2136 3060 2188 3103 dc
2227 3072 2279 3104 eo
2306 3061 2501 3118 dicatur;
2536 3063 2687 3117 fluvius

1447 3141 1621 3187 quartus
1636 3132 1720 3186 ipse
1737 3138 1798 3175 est
1829 3131 2096 3187 Euphrates?
2121 3132 2202 3177 Sed
2231 3133 2268 3178 si
2294 3133 2400 3186 haec,
2422 3122 2518 3192 quae
2538 3136 2592 3180 de
2618 3137 2688 3181 his

1448 3206 1588 3250 fluviis
1609 3205 1723 3249 dicta
1744 3211 1860 3258 sunt,
1881 3207 2112 3261 rejicienda
2127 3219 2215 3250 non
2234 3211 2349 3258 sunt,
2370 3208 2503 3263 liquet
2521 3215 2684 3266 aperte,

1448 3279 1684 3334 pretiosum
1703 3291 1797 3324 esse
1806 3270 1979 3322 fluvium
2002 3279 2138 3331 illum,
2155 3280 2227 3336 qui
2245 3281 2287 3323 in
2301 3288 2485 3336 quatuor
2503 3282 2593 3326 haec
2611 3295 2687 3327 ca·

130 3358 258 3403 super
280 3346 452 3390 flumina
479 3348 709 3406 Babylonis
732 3349 910 3402 sedens,
935 3349 1022 3402 flet,
1047 3351 1148 3394 dum
1165 3352 1367 3414 recorda·
1391 3342 1425 3385 D
1449 3351 1537 3406 pita
1560 3349 1779 3394 dividitur.
1806 3350 1960 3406 Liquet
1981 3351 2260 3395 nihilominus
2273 3365 2429 3397 nomen
2448 3354 2610 3399 habere
2631 3368 2686 3400 ex

129 3423 200 3462 tur
237 3418 340 3463 Sion
363 3419 499 3477 (Psal.
526 3434 682 3467 cxxxw
699 3454 709 3473 ,
746 3422 804 3480 l),
829 3423 1054 3483 suspirans
1080 3422 1135 3466 ad
1166 3422 1366 3467 decoram

129 3493 343 3536 civitatem
380 3483 658 3538 Jerusalemz‘
699 3495 816 3550 qu'us
847 3504 979 3551 portoe
1011 3507 1062 3538 ex
1097 3494 1297 3551 saphyro,
1329 3503 1370 3539 et

129 3564 348 3622 snioroyda
382 3565 670 3622 (edificantur,
701 3574 740 3610 et
768 3579 821 3611 ex
847 3567 982 3622 lapide
1005 3569 1188 3624 pretioso
1223 3567 1369 3626 (309),-

129 3634 254 3690 cujus
286 3648 506 3681 murorum
530 3636 739 3680 circuitus
771 3650 823 3682 ex
841 3637 980 3694 lapide
1002 3633 1212 3691 candido;
1242 3637 1368 3693 cujus

131 3708 279 3764 plateae
309 3715 561 3752 sternuntur
596 3721 703 3753 auro
734 3699 917 3760 mundet,
948 3723 1022 3766 per
1059 3711 1183 3766 quus
1219 3723 1367 3755 omnes

95 3776 97 3781 K
133 3781 248 3824 vicos
273 3787 470 3825 cantatur
492 3783 710 3826 canticum
735 3783 912 3833 laetitiis,
936 3783 1051 3840 quod
1075 3790 1158 3833 est,
1186 3783 1365 3827 Alleluia

132 3852 254 3907 (Tob.
293 3865 390 3906 xru,
428 3854 516 3911 at).
539 3854 660 3912 Apud
695 3856 812 3912 ipsos
848 3857 1004 3900 nobilis
1036 3869 1109 3900 rex
1138 3856 1366 3910 Ezechias;

132 3926 256 3981 cuius
279 3928 392 3970 oculi
420 3930 626 3972 attenuati
651 3936 765 3980 sunt,
786 3929 1071 3985 suspicientes
1094 3930 1138 3972 in
1150 3930 1366 3975 excelsum

131 3998 238 4056 (Iso.
266 4014 445 4052 xxxviii,
472 4002 557 4060 Μ).
580 4002 702 4059 Apud
725 4004 842 4059 ipsos
862 4002 1021 4055 Jonas,
1044 4003 1370 4047 celeberrimum

133 4071 295 4119 {aciens
343 4076 506 4132 phase;
553 4085 599 4120 et
648 4076 960 4132 prophetissam
1014 4088 1140 4130 super
1199 4075 1370 4119 invento

132 4145 269 4199 libro,
309 4148 352 4190 in
392 4148 519 4193 domo
550 4148 735 4199 Domini,
782 4149 999 4192 humiliter
1033 4149 1262 4192 consulens
1300 4147 1369 4204 <11

137 4217 279 4263 Paral.
322 4225 411 4278 xv).
449 4222 570 4279 Apud
605 4224 721 4278 ipsos
756 4222 881 4268 Jesus
921 4222 1122 4266 sacerdos
1164 4233 1366 4278 magnus,

1445 3435 1510 3477 re,
1532 3431 1573 3468 et
1613 3424 1732 3467 illum
1766 3423 1999 3479 voluptatis
2020 3425 2162 3468 locum
2182 3456 2193 3477 ,
2228 3426 2281 3470 de
2314 3439 2397 3482 quo
2424 3426 2577 3471 fluvius
2614 3428 2686 3472 ille

1445 3498 1677 3554 egreditur.
1698 3495 1802 3557 Quis
1821 3502 1965 3541 autem
1987 3497 2058 3541 ille
2076 3497 2306 3553 voluptatis
2329 3500 2480 3542 locus?
2498 3496 2581 3544 Sed
2594 3501 2684 3556 jam

1450 3570 1572 3625 longe
1593 3571 1791 3626 superius
1810 3570 2020 3615 diximus:
2058 3577 2248 3617 vestrum
2279 3571 2449 3628 quidem
2469 3579 2549 3625 est,
2568 3585 2622 3616 ne
2642 3573 2687 3617 id

1450 3641 1711 3686 mendaciter
1737 3641 1987 3686 dixerimus.
2011 3641 2122 3694 Quid
2142 3648 2236 3699 post
2256 3643 2345 3687 haec
2368 3643 2476 3695 dicit,
2491 3643 2686 3700 Scriptu-

1450 3712 1524 3754 ra?
1546 3713 1657 3756 Tulit
1672 3727 1767 3771 erqo
1787 3713 1990 3757 Dominus
2005 3714 2114 3758 Deus
2133 3715 2354 3767 hominem,
2377 3718 2564 3772 seposuit
2589 3730 2684 3760 eum

1450 3785 1493 3826 in
1516 3785 1718 3840 paradiso
1742 3786 1993 3845 voluptatis(
2006 3785 2104 3830 Gen.
2126 3799 2174 3839 ιι,
2196 3788 2287 3845 15).
2310 3788 2398 3832 Hoc
2427 3794 2531 3833 tunc
2548 3789 2685 3834 bisto-

1450 3858 1636 3911 rialiter,
1659 3859 1741 3903 hoc
1756 3867 1800 3903 et
1821 3860 1948 3905 hodie
1968 3860 2250 3916 spiritualiter
2272 3861 2387 3905 lacit.
2409 3861 2515 3914 Quis
2539 3863 2593 3907 sit
2614 3863 2684 3907 ille

1450 3932 1677 3986 paradisus
1708 3933 1967 3988 voluptatis,
1986 3933 2073 3987 jam
2102 3932 2266 3990 dictum
2300 3939 2381 3976 est.
2420 3932 2590 3978 Dictum
2617 3941 2684 3978 est

1448 4002 1595 4053 ctiam,
1620 4002 1719 4057 quis
1739 4002 1966 4051 istefhon‘no
1986 4004 2061 4048 sit.
2086 4003 2201 4047 Tulit
2218 4016 2321 4060 ergo
2343 4003 2547 4050 Dominus
2570 4005 2682 4052 Deus

1451 4075 1683 4119 hominem.
1725 4072 1848 4120 Unde
1876 4082 2016 4121 autem
2046 4078 2159 4128 tulit,
2186 4090 2273 4120 non
2310 4077 2429 4122 dicit.
2461 4077 2683 4138 Ubitvero

1449 4149 1606 4202 posuit,
1631 4161 1716 4191 non
1750 4155 1889 4203 taeet3
1912 4162 2008 4192 nam
2035 4138 2177 4206 posuit
2209 4150 2253 4193 in
2275 4150 2503 4206 paradiso.
2541 4151 2682 4195 Locus

1450 4219 1561 4264 unde
1581 4221 1676 4264 tulit
1691 4233 1805 4274 eum,
1820 4221 1909 4277 ipse
1928 4222 2179 4266 nominatim
2195 4234 2280 4266 non
2294 4221 2562 4281 exprimitur3
2581 4225 2681 4279 quia

190 4311 307 4367 (508)
323 4311 430 4355 And.
455 4326 495 4356 v.
517 4328 527 4355 t
555 4311 697 4357 Omnis
711 4313 905 4355 circuitus
937 4324 1148 4354 murorum
1169 4294 1273 4366 eius.
1301 4309 1352 4352 Et
1366 4310 1566 4369 deinceps
1584 4329 1593 4356 2
1612 4312 1674 4371 Ea:
1692 4312 1823 4367 lapide
1847 4311 2022 4362 carmide
2042 4320 2079 4356 et
2099 4313 2247 4356 matida
2271 4326 2406 4358 onmes
2428 4312 2576 4370 plateae
2591 4312 2681 4372 ejus

132 4372 380 4420 sternentur,
414 4376 452 4411 et
468 4369 665 4422 percitos
699 4369 786 4424 ejas
811 4368 980 4411 alleluia
1003 4366 1260 4415 cantabilem
1294 4365 1403 4409 Edit.
