2924 4588
247 89 361 135 155ss

1253 86 1411 131 PETRl
1443 87 1802 133 COMESToms-

2688 90 2807 135 uto

239 187 416 232 suctum.
444 184 517 228 sed
537 185 638 239 qnia
671 184 850 227 saturati
888 190 1012 227 erant
1048 184 1209 227 leones.
1239 182 1361 226 Tune
1405 194 1477 225 rex
1502 185 1537 230 A
1560 191 1631 225 tur
1648 181 1903 235 Jerusalem,
1928 195 2064 238 usque
2087 182 2140 227 ad
2170 182 2322 235 ducem
2344 181 2562 227 Christum
2586 182 2803 227 fluxerunt

234 255 367 308 jussit
396 255 592 298 leonibus
611 254 767 296 multas
787 266 939 298 earnes
971 253 1146 309 apponi,
1168 253 1318 309 eisque
1345 253 1478 295 satia-

238 315 310 377 ἦε,
338 316 613 369 οεουειιῑῶεε
631 325 821 369 Danielis
845 327 959 370 misit
981 327 1026 370 in
1051 327 1190 370 lacum
1209 339 1306 383 cum
1328 325 1479 368 uxoris

237 400 318 443 bus
342 405 384 443 et
404 400 518 450 liliis,
545 405 588 442 et
611 411 695 442 non
721 396 1012 454 1Rrvenerunt
1031 412 1167 454 usque
1183 399 1240 442 ad
1263 399 1479 454 pavimen-

238 479 345 522 tum,
377 471 515 515 donec
539 473 783 527 arriperent
805 483 880 516 eos
908 467 1090 530 'leones‚
1121 479 1163 515 et
1207 472 1353 514 omnia
1376 482 1477 515 ossa

235 558 384 588 eorum
403 541 761 589 comminuerent.
783 544 906 589 Tunc
918 546 1094 600 scripsit
1107 544 1261 588 Darius
1274 544 1478 588 universo

234 629 367 671 regno
379 629 459 660 suo
474 617 622 659 dicens
645 628 657 659 ε
686 631 701 658 ‹
725 616 914 661 Paveant
930 627 1082 660 omncs
1103 616 1238 659 Deum
1257 614 1473 669 Danielis;

235 690 328 743 ipse
357 694 423 731 est
446 689 561 731 enim
579 686 694 734 Deus
721 690 891 740 vivens,
918 694 962 732 et
982 696 1171 738 aeternus
1196 689 1241 732 in
1264 689 1440 732 saecula.
1456 703 1470 730 ι

233 758 286 800 Et
320 759 543 814 aegrotavit
577 758 730 803 Daniel
769 771 847 814 per
890 759 983 803 dies
1010 760 1240 815 plurimos.
1278 758 1477 816 Cumque

236 826 517 883 surrex1sset,
536 830 721 875 faciebat
745 842 878 887 opera
904 831 1039 886 regis,
1064 831 1175 875 torte
1201 833 1472 876 mausoleum

231 903 275 945 in
301 903 547 955 Ecbatanis,
567 905 682 959 quod
713 905 924 948 hactenus
945 910 1107 956 manet,
1143 912 1189 947 ut
1219 904 1323 948 dicit
1352 904 1476 949 Jose-

233 975 366 1029 plius,
401 977 460 1019 ita
493 986 707 1027 mirabile,
733 982 780 1019 ut
808 988 859 1021 ea
888 976 958 1020 die
975 989 1061 1032 qua
1096 975 1367 1031 conspicitur
1395 989 1476 1032 pu-

231 1053 348 1090 tetur
370 1060 467 1091 esse
500 1055 820 1093 constructum.
854 1048 916 1093 lbi
958 1050 1229 1104 sepeliuntur
1252 1048 1475 1093 Medorum

230 1131 353 1174 reges
377 1126 419 1163 et
459 1120 690 1165 Persarum
724 1122 901 1177 pariter,
924 1128 967 1165 et
989 1121 1276 1175 Parthornm3
1321 1129 1364 1166 et
1402 1124 1472 1166 eui

228 1201 335 1235 cura
359 1192 476 1237 illius
500 1194 786 1238 committitur
809 1194 1013 1238 sacerdos
1031 1199 1098 1238 est
1118 1193 1356 1238 Medorum.

555 1265 657 1310 cip.
681 1265 736 1310 X.
760 1290 817 1298 --
847 1266 962 1310 Visio
988 1273 1150 1310 octava.

287 1333 491 1391 Sequitur
505 1345 655 1380 octava
673 1338 784 1381 visio
802 1337 993 1382 Danielis
1017 1337 1146 1395 (Dan.
1170 1339 1246 1396 ix).
1267 1355 1282 1380 ι
1301 1338 1345 1383 ln
1363 1351 1477 1382 anno

227 1409 368 1464 primo
391 1408 510 1452 Darii
541 1409 618 1453 filii
649 1409 846 1463 Assueri,
877 1425 892 1452 ι
921 1411 1056 1467 quiet
1088 1412 1299 1469 Astyages
1335 1413 1478 1456 dietus

227 1488 310 1531 est,
339 1495 354 1522 ι
384 1481 457 1537 qni
487 1481 735 1538 subjugavit
751 1482 834 1526 sibi
859 1494 1038 1539 regnum
1057 1475 1374 1537 Chaldaeorum,
1398 1497 1479 1541 ego

229 1552 379 1597 Daniel
395 1554 585 1598 intellexi
607 1554 651 1597 in
670 1554 792 1598 libris
815 1553 1068 1608 »jeremiae
1098 1570 1113 1597 ι
1143 1563 1190 1599 ut
1209 1556 1477 1611 compleren·

229 1631 315 1677 tur,
337 1642 352 1668 ι
374 1626 415 1670 id
431 1633 497 1670 est
513 1627 566 1670 ad
589 1628 921 1683 completionem
942 1628 1353 1684 appropinquarent,
1376 1643 1388 1663 2
1409 1628 1482 1672 de-

230 1698 458 1743 solationis
480 1699 719 1744 Jerusalem
742 1701 848 1743 anni
868 1701 1157 1756 septuaginta,
1183 1708 1226 1745 et
1247 1701 1367 1745 oravi
1392 1701 1478 1745 Do-

228 1770 391 1813 minum
426 1772 470 1814 in
491 1771 687 1827 jejuniis,
714 1779 756 1817 et
779 1784 907 1816 sacco
929 1778 972 1817 et
995 1774 1156 1825 cinere,
1185 1772 1336 1818 dicens
1366 1790 1375 1817 :
1403 1773 1480 1818 Ju-

229 1843 323 1884 stus
336 1854 394 1894 es,
413 1842 608 1895 Domine,
627 1845 917 1900 peccavimus,
937 1844 1207 1902 iniquitatem
1223 1846 1423 1899 fecimus,
1438 1851 1482 1891 et·

230 1913 445 1960 adduxisti
459 1927 555 1960 eam
576 1929 706 1974 super
723 1931 821 1963 nos.
845 1918 1091 1971 Avertatur,
1111 1919 1311 1972 obsecro,
1330 1920 1392 1963 ira
1407 1926 1480 1964 tua

229 2002 251 2030 a
285 1989 548 2034 civitatetua
568 1990 882 2044 Jerusalem,et
906 2005 930 2036 a
953 1999 1100 2037 monte
1121 2000 1274 2037 sancto
1299 2000 1390 2038 tuo.
1406 1992 1483 2038 Os-

228 2061 357 2104 tende
382 2058 536 2106 faciem
564 2070 680 2107 tuam
706 2077 837 2120 super
874 2064 1170 2110 sanctuarium
1195 2073 1334 2117 tuum,
1364 2067 1480 2122 quod

229 2133 444 2177 desertum
469 2141 551 2180 est.
572 2135 754 2187 Exaudi,
776 2136 973 2188 Domine,
998 2137 1187 2192 placare,
1207 2137 1405 2191 Domine,
1421 2147 1483 2182 at-

228 2207 383 2259 tende3
407 2213 449 2251 et
474 2207 556 2259 sac,
578 2221 632 2252 ne
650 2209 850 2253 moreris.
870 2209 1023 2252 Adhuc
1043 2221 1112 2253 me
1135 2210 1353 2266 loquente,
1379 2222 1480 2256 ecce

1561 257 1662 299 anni
1702 257 1875 300 lunares
1905 257 2206 312 quadringenti
2230 251 2494 311 nonaginta.
2529 255 2671 311 Coepit
2701 268 2807 312 ergo

1558 325 1670 370 Beda
1701 339 1930 371 numerare
1955 339 1977 370 a
2004 327 2214 382 vigesimo
2245 339 2358 370 anno
2382 326 2501 382 regni
2531 326 2801 377 Artaxerxis,

1558 397 1603 440 in
1621 409 1706 453 quo
1724 397 1970 451 Nehemias,
1997 399 2205 453 pincerna
2222 397 2332 451 ejus,
2360 397 2602 451 impetravit
2621 397 2739 440 abeo
2755 402 2806 439 ut

1558 473 1892 515 restituerentur
1923 471 2035 514 muri
2057 468 2313 526 Jerusalem,
2355 474 2398 512 et
2421 468 2614 512 restituit
2646 479 2721 510 eos
2757 468 2804 510 in

1558 546 1692 587 multa
1712 544 1925 601 angustia.
1952 543 2017 586 Ab
2037 543 2126 594 illa,
2152 541 2347 596 inquam,
2372 540 2546 584 licentia
2567 552 2590 583 a
2614 551 2713 595 rege
2732 549 2808 582 ac·

1557 623 1679 671 cepta
1706 628 1844 672 usque
1876 616 1930 659 ad
1962 614 2126 659 Christi
2150 614 2415 670 passionem,
2450 611 2667 656 fluxerunt
2701 610 2810 654 anni

1557 690 1730 733 lunares
1753 687 2058 744 quadringenti
2081 687 2315 743 nonaginta
2341 700 2351 729 :
2376 690 2418 729 et
2450 684 2562 728 hane
2590 695 2804 727 summam

1556 774 1768 806 annorum
1790 766 2011 818 computat
2031 760 2268 805 secundum
2297 770 2435 802 annos
2455 769 2622 814 regum,
2639 757 2712 813 qui
2729 756 2806 800 de-

1556 835 1834 885 scenderunt,
1854 845 1991 889 usque
2007 832 2062 876 ad
2082 832 2295 876 decimum
2316 836 2514 874 octavum
2534 842 2693 874 annum
2719 827 2827 872 im·-

1555 901 1663 957 perii
1686 900 1855 946 'riberii
1882 899 2083 945 Caesaris.
2119 899 2171 943 Et
2194 900 2340 943 statim
2371 899 2587 946 modicum
2622 898 2827 943 inter-ser

1557 974 1647 1018 ruit
1661 973 1825 1026 Daniel,
1858 989 1873 1015 ‹
1901 980 1943 1018 et
1955 972 2286 1018 reaedificabitur
2308 972 2448 1029 platea
2467 977 2510 1016 et
2529 973 2642 1016 muri
2658 972 2704 1016 in
2725 982 2808 1015 an-

1556 1045 1696 1100 gustia
1714 1054 1955 1102 temporum
1978 1059 1993 1087 ι
2021 1050 2197 1100 prepter
2214 1043 2428 1087 timorem.
2453 1042 2514 1087 De
2532 1043 2814 1100 septuaginta

1556 1129 1660 1160 vcro
1677 1116 2022 1160 hebdomadibus
2042 1127 2257 1159 annorum
2283 1115 2501 1171 separavit
2524 1113 2676 1158 Daniel
2701 1114 2811 1157 ulti-

1556 1199 1671 1230 mam
1707 1187 1856 1232 dieens
1883 1203 1893 1231 :
1925 1202 1940 1229 ι
1967 1187 2251 1231 Consti-mabit
2284 1194 2426 1232 autem
2460 1193 2634 1244 pactum
2655 1187 2815 1231 multis-

1501 1240 1535 1284 Β
1557 1260 1825 1306 hebdomada
1848 1273 1950 1304 una.
1971 1276 1987 1303 ι
2017 1259 2140 1312 Quod
2164 1260 2486 1317 intelligendum
2497 1265 2566 1304 est
2587 1259 2641 1304 de
2664 1259 2813 1305 tribus-

1558 1331 1702 1385 annis,
1742 1337 1786 1378 et
1814 1331 2011 1385 dimidio,
2038 1333 2196 1390 quibus
2230 1332 2480 1390 praedicavit
2512 1331 2730 1384 Christus,
2760 1339 2807 1376 et

1558 1405 1673 1462 quod
1696 1405 1892 1462 patribus
1905 1406 2165 1461 promiserat
2188 1405 2476 1450 continuavit.
2489 1403 2597 1448 Nam
2612 1402 2702 1462 iam
2714 1411 2806 1450 tres

1559 1478 1661 1522 anni
1683 1483 1727 1522 et
1756 1474 1962 1523 dimidius
1982 1478 2113 1535 hujus
2132 1477 2416 1523 hebdomadis
2434 1477 2682 1524 novissimae
2696 1489 2808 1534 prae·-

1558 1551 1783 1604 terierant,
1816 1549 1992 1607 quando
2018 1551 2261 1607 baptizatus
2296 1555 2362 1595 est
2394 1549 2623 1604 Dominus,
2651 1564 2668 1592 ι
2695 1555 2739 1595 et
2760 1549 2811 1595 in

1559 1623 1738 1668 dimidio
1766 1638 1783 1665 ›
1809 1622 2005 1679 ejusdem
2034 1638 2057 1664 ι·
2078 1623 2362 1668 hebdomadis
2392 1637 2408 1665 ι
2435 1623 2610 1669 residuo
2627 1623 2811 1668 circati-

1558 1709 1674 1750 nem,
1705 1711 1723 1738 t
1751 1696 1921 1741 deliciet
1955 1695 2100 1742 hostia
2130 1702 2174 1741 et
2209 1695 2486 1749 sacrificium,
2517 1712 2538 1739 ι
2560 1696 2605 1741 id
2631 1703 2703 1742 est
2734 1709 2817 1742 ve*

1557 1771 1706 1815 niente
1750 1770 1932 1815 veritate
1970 1770 2209 1816 cessabunt
2234 1769 2413 1822 umbrae,
2446 1783 2461 1811 ι
2491 1774 2536 1813 et
2567 1769 2613 1813 in
2651 1770 2809 1825 templo

1557 1842 1642 1891 erit
1661 1844 1925 1889 abominatio
1943 1843 2242 1896 desolationis,
2263 1860 2278 1886 »
2307 1843 2351 1887 id
2373 1848 2438 1888 est
2460 1843 2748 1888 abominanda
2764 1833 2814 1888 et

1558 1915 1794 1960 desolanda
1811 1920 1940 1960 erunt
1962 1915 2175 1960 sacrificia
2194 1919 2292 1971 post
2314 1923 2497 1959 mortem
2517 1912 2699 1967 Christi,
2728 1928 2752 1957 t.
2765 1921 2812 1959 et

1559 2002 1696 2047 usque
1723 1989 1778 2034 ad
1802 1989 1930 2035 linem
1958 2005 1974 2032 ι
2001 1988 2150 2034 mundi
2179 2003 2194 2031 c
2222 1988 2397 2032 durabit
2419 1988 2510 2033 haee
2531 1987 2759 2032 desolatio.
2789 2002 2806 2029 ι

1561 2060 1705 2119 Supra
1727 2075 1830 2107 vero
1862 2063 1907 2106 in
1938 2062 2083 2107 littera
2106 2061 2252 2120 posuit
2274 2059 2426 2106 Daniel
2459 2066 2628 2117 tempus
2651 2059 2812 2104 mertis

1559 2134 1742 2187 Christi:
1761 2135 1950 2180 dicens:
1983 2148 1999 2176 t
2031 2134 2083 2177 Et
2117 2140 2215 2191 post
2253 2131 2544 2176 hebdomades
2584 2131 2811 2188 sexaginta

1560 2207 1686 2258 duas,
1709 2221 1722 2247 i
1742 2206 1946 2256 subaudi,
1962 2212 2005 2250 et
2030 2210 2212 2262 septem,
2234 2211 2279 2249 et
2302 2204 2602 2256 novissimam,
2621 2202 2812 2260 quamin

229 2279 296 2322 vir
322 2278 493 2323 Gabriel
528 2281 665 2335 tetigit
683 2293 751 2324 me
779 2281 1036 2337 intempore
1071 2282 1274 2327 sacrificii
1303 2295 1480 2340 vesper·
1499 2310 1534 2355 C
1560 2281 1669 2330 duas
1692 2288 1839 2335 partes
1867 2279 2112 2330 divisimus,
2143 2294 2158 2321 ι
2178 2278 2403 2324 occidetur
2422 2277 2642 2330 Christus,
2664 2282 2708 2322 et
2719 2287 2810 2321 non

229 2353 327 2403 tini,
348 2359 389 2396 et
406 2352 463 2395 ait
490 2365 500 2394 :
527 2353 590 2396 Ab
617 2354 798 2397 exordio
819 2367 995 2409 precum
1022 2361 1199 2399 tuarum
1209 2364 1386 2413 egressa
1412 2363 1480 2404 est
1558 2355 1747 2412 eritejus
1770 2356 1980 2412 populus,
1991 2355 2064 2411 qui
2081 2365 2180 2398 eum
2197 2358 2431 2410 negaturus
2446 2355 2557 2405 θεῖ’,
2581 2351 2814 2396 «dixerunt

233 2426 501 2469 liberationis
525 2427 737 2470 sententia
764 2438 794 2469 a*
811 2425 914 2472 Deo.
943 2427 1032 2484 Ego
1049 2432 1193 2473 autem
1214 2430 1329 2484 veni,
1351 2436 1399 2474 ut
1413 2431 1481 2475 in·-

230 2498 421 2541 dicarem
459 2498 537 2542 tibi
571 2502 697 2551 eam,
719 2500 760 2543 et
783 2501 911 2544 etiam
934 2501 1128 2557 quaedam
1160 2502 1387 2561 alia,¹quia
1414 2505 1482 2548 vir

230 2569 542 2615 desideriorum
558 2583 605 2616 es
630 2579 693 2616 tu.
720 2571 784 2615 Tu
811 2585 913 2629 erge
937 2574 1230 2620 animadverte
1249 2576 1478 2632 visionem,

231 2650 273 2685 et
293 2655 536 2690 sermonem
570 2645 775 2701 intellige.
806 2662 822 2687 ι
851 2645 973 2690 Tune
995 2649 1165 2703 aperuit
1187 2649 1227 2692 ei
1262 2649 1481 2695 liberatio-

232 2727 328 2758 nem
351 2715 616 2769 spiritualem
656 2716 844 2760 suturam
874 2731 950 2774 per
972 2718 1212 2772 Christum,
1237 2720 1386 2766 forsan
1407 2723 1485 2766 im-

234 2790 483 2842 minentem,
516 2803 594 2844 pro
613 2803 697 2846 qua
727 2790 908 2843 orabat;
935 2791 1093 2846 differt,
1116 2794 1216 2850 quia
1248 2801 1345 2850 post
1368 2795 1482 2840 dicet

232 2861 286 2903 de
318 2874 368 2904 ea
393 2862 659 2915 exauditum,
699 2863 774 2907 ibi.
806 2879 821 2905 ι
851 2863 946 2908 Noli
979 2872 1172 2910 metuere
1203 2866 1428 2925 (Damx).
1462 2885 1482 2911 ι

232 2933 407 2998 Addidit
435 2935 562 2977 etiam
581 2934 634 2981 de
651 2935 943 2981 destructione
965 2950 1041 2993 per
1058 2937 1303 2984 Romanos:
1329 2956 1343 2981 t
1375 2940 1482 2998 Sep-

234 3006 429 3061 tuaginta
460 3007 748 3052 hebdomades
775 3008 1032 3054 abbreviatae
1056 3017 1158 3055 sunt
1193 3023 1321 3067 super
1345 3024 1484 3068 popu·

234 3079 320 3121 lum
332 3085 471 3130 tuum,
483 3087 526 3134 et
534 3093 581 3124 su
589 3093 663 3135 per
675 3082 825 3126 urbem
844 3088 960 3127 tuam
980 3090 1193 3139 sanctam,
1213 3092 1260 3128 ut
1274 3098 1483 3132 consum>-

234 3157 375 3195 metur
408 3143 789 3207 praevar-lentimet
821 3157 949 3200 tinem
980 3157 1164 3212 accipiat
1182 3165 1483 3214 peccat-utmet

235 3225 427 3268 deleatur
449 3225 669 3279 iniquitas,
694 3232 736 3270 et
758 3227 996 3271 adducatur
1014 3228 1183 3284 justitia
1202 3231 1480 3285 sempiterna.

235 3301 279 3338 et
303 3296 669 3350 impleatur-visio,
696 3304 739 3340 et
770 3298 1020 3353 prophetiae,
1036 3305 1079 3342 et
1096 3305 1282 3356 ungatur
1297 3300 1482 3346 Sanetus

1557 2429 1674 2475 enim
1701 2441 1712 2469 ι
1743 2443 1758 2469 ι
1787 2427 1883 2472 Non
1909 2427 2117 2471 habemus
2139 2438 2284 2484 regem
2307 2423 2394 2470 nisi
2414 2424 2632 2470 Caesarem
2661 2423 2815 2482 (loan-

1562 2500 1671 2557 xix).
1703 2516 1719 2542 ι
1746 2499 1798 2544 Et
1821 2499 1922 2543 alibi
1951 2516 1960 2542 ε
1991 2514 2012 2541 ι-
2036 2497 2159 2542 Hunc
2193 2498 2416 2543 nescimus
2442 2496 2555 2540 unde
2578 2497 2634 2541 sit
2661 2494 2815 2552 (Ioan-

1559 2574 1657 2630 Ἧι).
1690 2589 1706 2616 t

1618 2647 1744 2701 Quod
1774 2660 1877 2691 vero
1901 2646 2099 2704 sequitur
2127 2662 2136 2690 :
2171 2661 2185 2687 ι
2216 2644 2268 2688 Et
2301 2644 2518 2690 civitatem
2544 2648 2586 2688 et
2607 2649 2815 2690 sanctua-

1562 2720 1673 2763 rium
1692 2718 1922 2776 dissipabit
1938 2718 2140 2775 populus,
2169 2733 2184 2760 ι
2215 2718 2268 2762 ad
2285 2717 2555 2774 septuaginta
2573 2715 2809 2760 hebdoma-

1562 2793 1638 2839 des
1663 2806 1751 2838 non
1772 2792 1975 2849 pertinet.
2003 2791 2088 2836 Sed
2110 2791 2366 2848 prophetato
2383 2797 2576 2846 tempore
2599 2789 2813 2834 adventus

1562 2866 1724 2911 Christi
1754 2873 1798 2911 et
1829 2867 2002 2918 mortis,
2027 2865 2299 2922 prophetavit
2330 2864 2436 2922 quid
2457 2871 2686 2909 venturum
2715 2868 2811 2907 erat

1563 2940 1740 2997 populo,
1762 2940 1835 2996 qui
1866 2939 2005 2983 noluit
2023 2950 2122 2984 eum
2142 2938 2349 2994 recipere,
2375 2937 2526 2982 dicens
2553 2951 2565 2982 z
2594 2950 2609 2981 ,ι
2634 2935 2690 2980 Et
2715 2935 2808 2980 dis·-

1563 3013 1721 3070 sipabit
1738 3012 1957 3057 civitatem
1979 3018 2023 3056 et
2043 3013 2361 3063 sanctuarium,
2389 3026 2404 3053 ι
2430 3010 2616 3068 populus
2643 3006 2810 3053 scilicet

1562 3086 1803 3138 Romanus,
1834 3100 1848 3126 ι
1879 3098 1976 3130 cum
2002 3084 2111 3129 duee
2127 3097 2207 3129 suo
2224 3091 2422 3136 venturo,
2443 3089 2486 3128 et
2505 3083 2603 3127 linis
2618 3082 2713 3138 eju-s
2726 3080 2813 3125 erit

1562 3158 1764 3207 vastitas,
1797 3162 1838 3199 et
1862 3161 1958 3211 post
1974 3155 2099 3199 linem
2123 3155 2223 3199 belli
2243 3161 2404 3200 statuta
2434 3170 2447 3197 ι
2475 3166 2500 3197 a
2523 3153 2609 3199 Deo
2623 3153 2665 3197 in
2683 3157 2812 3196 aeter-

1563 3238 1668 3270 num
1695 3240 1709 3266 ι
1739 3225 1965 3270 desolatio.
1999 3240 2014 3268 ι
2042 3224 2095 3267 Et
2112 3230 2213 3268 nota
2233 3225 2348 3282 quod
2367 3237 2420 3268 ex
2443 3224 2613 3268 duobus
2627 3222 2810 3280 quaehic

1563 3299 1781 3354 leguntur,
1807 3298 1973 3342 scilicet
1996 3313 2009 3339 ι
2029 3290 2215 3354 ungetur
2232 3291 2418 3342 Sanetus
2443 3302 2708 3349 sanctorum,
2733 3311 2747 3338 ι
2765 3302 2808 3340 et

236 3372 504 3409 sanctorum.
545 3365 792 3423 Scitoergo
823 3374 866 3411 et
899 3369 1194 3415 animadverte
1220 3383 1231 3412 :
1256 3371 1322 3415 Ab
1355 3373 1474 3418 exitu
1501 3377 1534 3418 D
1562 3383 1576 3409 ι
1603 3370 1769 3413 deliciet
1792 3369 1952 3421 hostia,
1981 3384 1996 3409 ι
2022 3370 2205 3411 sumitur
2235 3367 2341 3411 illud
2355 3367 2469 3424 quod
2493 3367 2601 3412 solet
2630 3367 2716 3412 diei
2731 3366 2809 3411 Juw
2844 3417 2847 3421 ,

236 3438 467 3490 sermonis,
493 3446 539 3482 ut
556 3440 710 3483 iterum
733 3440 969 3485 aedificetur
992 3442 1248 3499 Jerusalem
1271 3458 1406 3503 usque
1431 3449 1484 3492 ad

237 3510 458 3555 Christum
476 3511 646 3563 ducem,
663 3513 951 3560 hebdomades
963 3522 1125 3572 septem
1140 3524 1182 3562 et
1195 3518 1485 3566 hebdomades

240 3587 463 3641 sexaginta
486 3586 582 3629 duae
597 3595 738 3630 erunt.
772 3602 786 3627 ι
817 3587 893 3631 llis
923 3589 1064 3633 verbis
1090 3589 1253 3634 Christi
1283 3591 1486 3635 incarna-

238 3659 399 3701 tionem
413 3658 608 3714 designat
621 3660 816 3715 angelus.
831 3661 903 3716 qui
917 3662 1323 3718 legem,prophetias
1341 3665 1488 3720 imple-

242 3732 316 3780 vit,
341 3740 515 3786 peccata
538 3733 651 3784 tulit,
667 3739 709 3776 et
728 3733 942 3788 justitiam
966 3735 1161 3786 adduxit,
1185 3743 1226 3779 et
1248 3742 1407 3781 unctus
1419 3742 1487 3781 est

242 3805 337 3847 oleo
362 3804 519 3848 laetitiae
554 3817 642 3860 prae
666 3807 942 3851 consortibus
968 3808 1060 3852 suis
1096 3807 1235 3864 (Paal.
1268 3808 1400 3866 xmv).
1433 3807 1486 3851 Et

243 3877 469 3931 proposuit
502 3878 810 3929 hebdomadas,
833 3892 920 3923 non
944 3879 1130 3932 dierum,
1156 3881 1231 3926 sed
1253 3894 1483 3935 annorum,

243 3954 292 3989 ut
305 3958 465 4003 septem
477 3950 578 3991 anni
594 3951 680 3993 sint
698 3951 964 3994 hebdomada
978 3964 1078 3995 una.
1090 3952 1372 3998 Abbreviatas
1383 3966 1486 4000 vero

245 4019 369 4070 dixit,
406 4026 452 4062 ut
483 4021 771 4076 intelligamus
799 4035 936 4067 annos
959 4025 1151 4076 lunares,
1172 4026 1246 4081 qui
1268 4026 1486 4071 breviores

246 4096 347 4133 sunt
387 4093 601 4137 solaribus
639 4095 836 4139 undecim
868 4097 1035 4141 diebus.
1072 4097 1351 4154 Septuaginta
1383 4112 1487 4155 ergo

246 4163 536 4210 hebdomades
561 4179 771 4211 annorum
791 4169 996 4213 solarium
1022 4170 1186 4214 faciunt
1214 4181 1351 4216 annos
1377 4184 1486 4228 qua·-

245 4235 497 4293 dringentos
522 4240 787 4295 septuaginta
810 4242 1014 4297 quinque,
1034 4242 1249 4286 lunarium
1277 4255 1381 4287 vero
1406 4255 1486 4286 an-

247 4317 420 4360 norum,
447 4310 610 4353 faciunt
633 4324 770 4355 annos
795 4313 1133 4369 quadringentos
1151 4316 1399 4372 nonaginta.
1414 4316 1487 4360 Est

248 4394 355 4438 ergo
372 4395 542 4436 sensus,
564 4385 677 4439 quod
702 4384 754 4429 ab
778 4386 897 4430 exitu
929 4388 1156 4441 sermonis
1181 4395 1229 4433 ut
1251 4389 1486 4439 reaedifice-

1563 3443 1669 3486 daeis
1685 3457 1694 3484 z
1711 3440 1818 3486 Cum
1843 3442 2008 3485 venerit
2031 3441 2217 3484 Sanetus
2235 3447 2501 3493 sanctorum,
2527 3441 2712 3486 cessavit
2728 3453 2811 3484 un·

1564 3516 1650 3559 ctio
1668 3522 1827 3559 vestra.
1851 3514 2083 3559 Africanus
2104 3514 2206 3558 huie
2223 3513 2540 3558 enumerationi
2563 3512 2687 3557 Bedae
2703 3525 2812 3562 conae,

1565 3592 1690 3630 sonat
1727 3587 1772 3629 in
1800 3586 2030 3642 principio,
2058 3586 2134 3630 sed
2158 3586 2203 3629 in
2226 3586 2310 3629 line
2338 3585 2480 3630 differt
2503 3588 2551 3630 “.
2577 3584 2670 3629 Non
2692 3586 2808 3631 enim

1564 3659 1755 3717 extendit
1773 3661 2045 3716 septuaginta
2065 3660 2370 3712 hebdomades,
2398 3659 2480 3703 nisi
2505 3673 2642 3717 usque
2662 3660 2716 3703 ad
2733 3661 2811 3706 de-

1565 3735 1724 3778 cimum
1748 3734 1946 3791 quintum
1979 3745 2140 3776 annum
2164 3732 2343 3786 Tiberii,
2376 3734 2422 3779 in
2458 3746 2542 3792 quo
2566 3734 2809 3792 baptizatus

1563 3814 1630 3851 est
1668 3806 1885 3851 Christus.
1912 3805 2207 3851 Tertullianus
2243 3818 2346 3850 vero
2369 3807 2544 3852 inchoat
2577 3813 2809 3852 numerare

1566 3878 1857 3924 hebdomadas
1871 3879 1968 3923 illas
1992 3892 2014 3920 a
2040 3879 2181 3934 primo
2209 3890 2322 3934 anno
2344 3878 2479 3931 Darii,
2503 3879 2546 3923 in
2566 3892 2651 3935 quo
2663 3891 2810 3936 egres·
2873 3910 2877 3929 ·.

1565 3965 1641 3997 sus
1661 3960 1727 3996 est
1745 3962 1890 3996 sermo
1914 3944 1938 3994 a
1961 3950 2144 3996 Domino
2168 3950 2221 3995 ad
2251 3950 2468 3995 Danielem
2494 3964 2571 4007 per
2591 3953 2805 4008 angelum..

1559 4033 1611 4069 *ut
1628 4026 1782 4069 iterum
1800 4024 2165 4070 reaedificarentur
2182 4028 2293 4070 muri
2314 4024 2567 4070 Jerusalem.
2582 4025 2633 4068 Et
2657 4033 2808 4070 exten-

1565 4099 1630 4142 dit
1658 4110 1734 4143 eas
1753 4109 1892 4154 usque
1913 4097 1967 4139 ad
1985 4097 2278 4154 captivitatem
2303 4097 2457 4140 factam
2482 4095 2805 4154 per-Romanos.

1565 4170 1617 4214 Et
1641 4177 1746 4214 tunc
1769 4170 1953 4225 pertinet
1972 4168 2030 4217 ad
2054 4169 2325 4226 septuaginta
2347 4167 2641 4213 hebdomades
2654 4182 2674 4222 ;⁸
2690 4168 2805 4225 qnod

1565 4240 1727 4284 dietum
1749 4244 1831 4292 est,
1861 4239 1963 4296 quia
1993 4254 2006 4279 ι
2038 4239 2273 4292 civitatem,
2302 4244 2345 4282 et
2361 4238 2655 4283 sanctuarium
2678 4238 2799 4282 dissi-

1566 4316 1682 4371 pavit
1705 4314 1890 4371 populus
1911 4324 2009 4355 eum
2044 4310 2153 4354 duce
2173 4316 2373 4356 venturo.
2405 4326 2419 4352 ι
2447 4309 2615 4356 llebraei
2638 4311 2702 4355 sic
2726 4324 2803 4356 ex·
2896 4363 2897 4367 Ἰ

1568 4395 1761 4443 ponunt:
1785 4401 1807 4427 -«
1828 4384 2108 4448 Septuaginta
2126 4382 2416 4430 hebdomades
2438 4382 2691 4428 abbreviata.
2702 4387 2803 4429 sunt
2895 4402 2898 4443 3
