2924 4588
389 102 491 149 1551

387 201 670 257 marmorffiam
690 186 947 241 relinquere,
969 190 1096 235 quam
1118 174 1355 219 latericiam
1385 171 1622 218 invenerat,
1650 172 1684 216 Α

388 271 430 310 et
459 263 654 319 sepultus
680 264 745 304 est
769 258 831 334 in·
839 253 993 298 Martio
1016 250 1194 328 (Jampo.

387 353 490 399 Car.
524 347 690 393 xxvtl.
718 345 774 388 De
798 333 1253 392 Tiberiaz’mperatore,
1274 342 1312 378 et
1343 334 1508 378 Valerio
1530 342 1627 372 nro-

804 405 995 441 curatore
1018 393 1195 436 Judaeae.

445 478 533 535 (46)
558 447 774 519 Susscessit
792 471 830 514 ei
847 469 1002 512 tertius
1022 466 1258 521 imperator
1276 460 1475 504 Tiberius
1496 458 1626 509 Nero,
1647 511 1649 513 Ι

388 551 535 596 uxoris
557 549 649 604 ejus
669 545 791 588 Juliae
818 542 945 593 filius,
969 542 1041 597 qui
1058 538 1276 581 Valerium
1297 534 1507 577 Graccum
1528 544 1627 587 pro-

388 629 629 667 curatorem
664 617 785 661 misit
806 617 848 658 in
878 613 1083 663 Judaeam,
1113 612 1186 666 qui
1219 612 1430 663 quaestum
1470 613 1628 659 putans

388 698 604 752 pietatem,
641 690 780 747 palam
816 686 1027 730 vendebat
1062 681 1289 727 sacerdotii
1316 678 1625 735 principatum.

390 768 469 821 Qui
496 774 699 808 amovens
719 760 902 810 Annam,
921 755 1143 800 ismaelem
1163 750 1407 808 pontificem
1430 748 1628 802 designa-

391 843 464 885 vit.
494 838 576 883 Sed
606 841 647 880 et
671 834 786 878 bunc
819 843 903 874 non
930 829 1066 873 multo
1091 833 1189 883 post
1220 825 1417 882 ejiciens,
1450 820 1628 864 Eleaza-

389 926 484 958 rum
509 911 641 954 Annae
671 907 803 950 {ilium
842 901 1092 958 subrogavit
1114 904 1213 957 post
1235 892 1414 946 atinum,
1447 900 1490 939 et
1512 893 1628 937 bunc

390 997 542 1030 arcens
572 982 789 1025 Simonem
815 976 1021 1026 instituit,
1048 973 1123 1019 sed
1163 978 1205 1016 et
1236 976 1334 1027 post
1365 980 1527 1012 annum
1557 966 1631 1010 Jo-

390 1061 575 1115 sippum,
590 1055 661 1112 qui
683 1060 725 1099 et
742 1051 942 1107 caiphas,
963 1047 1177 1106 apposuit.
1199 1045 1360 1088 Tamen
1378 1047 1475 1098 post
1493 1052 1630 1083 annos

388 1131 587 1176 undecim
611 1128 863 1182 relinquens
883 1122 1072 1166 iudaeam
1100 1119 1278 1163 Romam
1315 1127 1515 1160 reversus
1546 1119 1627 1158 cst.

1392 79 1554 124 PETRI
1584 71 1932 120 COMESToms

2836 69 2901 114 ir>

1707 163 1915 208 divinitus
1938 158 2133 216 inspirati
2167 158 2401 216 prophetae,
2434 159 2500 203 vel
2540 158 2647 210 baec.
2687 160 2752 205 vel
2786 161 2871 205 alia

1706 250 1758 280 eo
1779 236 1923 279 sutura
1947 234 2250 291 praedixerant.
2275 231 2358 276 Sed
2393 237 2438 276 et
2476 232 2519 275 in
2557 232 2813 277 hodiernum
2837 228 2895 277 di

1705 308 2069 358 Christianorum,
2102 305 2174 362 qui
2213 305 2384 361 abipso
2422 304 2525 348 dicti
2559 311 2678 358 sunt,
2715 311 2757 349 et
2792 318 2883 350 non·

1706 382 1971 439 perseverat‚·
1990 387 2032 424 et
2057 392 2210 449 genus:
2235 395 2249 420 ι

1707 468 1817 512 Car,
1843 466 1975 510 XXX.
2010 466 2069 509 De
2087 468 2292 523 baptismo
2307 466 2503 532 loannis,
2540 474 2580 511 es
2598 468 2805 524 principio
2832 488 2896 505 ,

2252 530 2405 568 α’ἰαῖϊῦ.

1769 611 1782 636 ι
1811 595 1934 639 Anno
1950 595 2104 652 quinto
2123 595 2294 639 decimo
2317 595 2485 652 imperii
2510 594 2677 640 Tiberii
2701 583 2877 645 Caesari

1709 672 1788 717 sub
1805 670 2038 715 Valeriano
2062 675 2104 713 et
2126 659 2294 714 Asiatio
2337 654 2614 720 consulibus,
2646 682 2660 709 ι
2690 674 2882 724 procur*

1707 745 1862 788 Pontio
1885 743 2024 786 Pilato
2062 742 2271 794 Judaeum,
2299 742 2515 786 tetrarcha
2536 741 2721 785 Galiloeae
2755 741 2817 786 tte
2869 733 2878 743 “

1707 816 1906 872 Philippo
1927 815 2058 859 fratre
2081 816 2176 870 eius
2194 816 2406 859 tetrarcha
2422 814 2598 867 liuraeae,
2624 821 2666 858 et
2684 796 2897 863 Tracti&

1707 891 1775 934 dis
1789 888 1993 945 regionis,
2009 884 2049 932 et
2065 886 2251 944 Lysania
2277 887 2469 945 Abylinae
2490 886 2723 938 tetrarcha,
2738 885 2819 929 sub
2846 878 2897 940 ιι,

1710 963 1880 1019 cipibus
1919 961 2194 1006 sacerdotum
2223 960 2349 1004 Anna
2381 967 2424 1005 et
2472 960 2654 1016 Caipba,
2695 946 2894 1011 factumi⁴

1710 1036 1889 1083 verbum
1908 1034 2078 1079 Domini
2099 1046 2230 1089 super
2259 1033 2470 1078 loannem
2495 1032 2716 1076 zacharia·
2741 1030 2897 1087 filium}

1711 1110 1882 1154 deserto
1901 1108 2020 1164 (Luc.
2047 1107 2130 1164 ιιι),
2155 1123 2170 1148 ι
2191 1113 2239 1150 ut
2261 1107 2501 1162 baptizans,
2525 1113 2567 1150 et
2586 1105 2823 1162 praedicans

388 1206 522 1260 Cujus
547 1211 770 1247 successor
811 1197 970 1241 missus
1003 1207 1027 1238 a
1063 1192 1235 1236 Tiberio
1257 1190 1438 1234 Pontius
1466 1187 1631 1232 Pilatus
1710 1185 1818 1233 tium
1843 1182 2155 1238 redemptionis
2172 1180 2453 1224 annuntiaret
2479 1196 2489 1224 ε
2520 1194 2534 1220 ‹
2562 1179 2612 1222 Et
2640 1179 2757 1223 venit
2783 1179 2826 1221 in
2857 1227 2901 1251 „

388 1278 468 1323 sub
492 1288 575 1332 qno
612 1271 799 1317 Herodes
824 1271 868 1313 in
903 1268 1112 1311 bonorem
1153 1262 1317 1308 Tiberii
1356 1259 1629 1305 Tiberiadem
1655 1248 1688 1295 Β
1711 1269 1811 1302 nem
1831 1256 2050 1321 regionem
2073 1254 2278 1298 jordanis
2311 1254 2536 1309 baptizans
2560 1253 2776 1309 baptismo
2826 1269 2859 1291 ι

386 1348 628 1394 aedificavit.

458 1437 559 1481 Car.
594 1433 784 1479 xxviii.
818 1433 878 1475 De
899 1429 1266 1530 ‘fil-{ffistdaewum
1289 1428 1331 1470 iu
1355 1425 1556 1469 Pontium

939 1501 950 1529 t
974 1501 997 1530 α
1020 1499 1105 1530 um.

446 1563 534 1621 (Π)
558 1562 633 1606 llis
656 1559 921 1616 temporibus
945 1552 1337 1602 Tiberius'multos
1361 1564 1483 1611 reges
1509 1553 1559 1596 ad
1584 1565 1631 1596 se

387 1643 561 1680 vocatos
595 1646 678 1676 non
713 1631 892 1674 remisit.
926 1626 1043 1671 inter
1065 1639 1173 1683 quos
1209 1626 1336 1669 etiam
1370 1621 1630 1667 Archelaum

388 1707 680 1764 Cappadocem
715 1705 920 1751 retinens,
950 1712 1127 1757 regnum
1161 1699 1256 1754 ejus
1283 1699 1324 1740 in
1363 1694 1629 1753 provinciam

386 1783 531 1832 vertit,
550 1786 592 1824 et
615 1777 860 1823 Mazacbam
879 1781 1007 1831 capnt
1025 1773 1142 1830 regni
1166 1774 1407 1817 Caesarcam
1431 1769 1631 1813 nomina-

373 1857 462 1899 ⁴vit.
504 1854 616 1896 Sane
655 1852 816 1896 Pilatus
856 1849 1094 1894 Jerusalem
1142 1846 1339 1897 veniens,
1379 1851 1422 1888 et
1463 1847 1631 1887 statuas

388 1926 588 1978 Caesaris,
614 1938 708 1982 quae
743 1931 784 1969 et
811 1922 946 1980 signis
969 1920 1229 1964 militaribus
1264 1919 1452 1970 inerant,
1481 1913 1631 1961 secum

388 2000 584 2045 deserens
611 1996 909 2055 ignorantibus
929 1993 1090 2038 Iudaeis
1105 1993 1246 2036 easfin
1265 1990 1441 2034 civitate
1463 1986 1630 2032 consti-

386 2078 484 2126 tuit,
527 2073 850 2127 Caesareamque
882 2068 1027 2112 rediit.
1065 2065 1171 2109 Cum
1209 2069 1349 2107 autem
1380 2061 1551 2120 plurimi
1578 2061 1632 2103 de

386 2143 704 2202 Jerosolyniitis
743 2143 797 2185 ad
827 2153 926 2185 eum
964 2139 1307 2190 descendissent,
1336 2136 1631 2193 supplicantes

387 2219 442 2263 de
464 2217 599 2276 signis
623 2213 887 2268 amovendis,
913 2225 1012 2256 nam
1030 2213 1084 2255 ob
1107 2213 1242 2270 legem
1268 2209 1532 2261 ludaeorum,
1555 2209 1630 2267 qui

389 2293 697 2351 praecesserant
711 2287 865 2334 sudaeae
886 2292 1191 2345 procuratores
1212 2284 1306 2330 sine
1328 2284 1463 2340 signis
1479 2283 1631 2327 urbem

388 2363 558 2421 ingredi
580 2366 912 2412 consueverant,
947 2359 1060 2404 sedit
1093 2370 1173 2415 pro
1205 2356 1409 2401 tribunali
1445 2355 1629 2406 Pilatus,
1653 2337 1686 2381 C

388 2436 632 2491 militesque
655 2439 844 2477 armatos
866 2433 1215 2488 circumponens,
1249 2435 1429 2473 mortem
1460 2428 1524 2472 eis
1547 2429 1631 2472 mi·

389 2508 589 2561 nabatur,
618 2507 654 2551 si
687 2518 774 2550 non
808 2505 1089 2561 quievissent.
1116 2504 1170 2546 At
1195 2503 1256 2546 illi
1278 2500 1464 2546 'mortem
1489 2501 1633 2556 potius

389 2582 603 2638 eligebant
621 2593 748 2637 quam
772 2581 884 2635 leges
902 2580 1061 2634 patrias
1081 2576 1376 2632 proranarent.
1401 2574 1634 2618 Admirans

390 2669 492 2714 ergo
532 2657 695 2701 Pilatus
734 2654 1020 2700 constantiam
1056 2653 1302 2698 Judaeorum
1340 2655 1384 2696 in
1423 2651 1633 2709 legalibus

391 2730 618 2783 institutis,
638 2728 799 2774 auferri
819 2728 1020 2786 praecepit
1043 2727 1270 2785 imagines.
1290 2727 1449 2771 lterum
1467 2725 1633 2771 Pilatus

390 2803 700 2861 lerosolymam
726 2803 919 2856 veniens,
954 2802 1190 2858 vidensque
1222 2801 1374 2845 urbem
1409 2812 1531 2856 aquae
1563 2811 1636 2855 pe-

390 2877 515 2920 nuria
534 2876 748 2927 laborare,
774 2875 940 2931 aperuit
973 2865 1278 2931 gazophylacia
1314 2871 1478 2929 templi,
1517 2878 1633 2916 etex

391 2950 546 3005 opibus
570 2949 728 3003 templo
747 2947 900 2993 dicatis
923 2947 1225 3003 aquaeductum
1251 2945 1382 3001 coepit
1403 2944 1631 2995 aedificare.

393 3018 634 3075 suscipiens
658 3017 826 3060 initium
851 3019 1074 3069 torrentis,
1112 3016 1227 3074 quod
1260 3015 1499 3059 stadiorum
1531 3015 1636 3059 duo-

392 3103 491 3136 rum
513 3090 696 3133 millium
724 3088 948 3133 intervallo
971 3089 1175 3133 distabat.
1200 3088 1337 3132 ludaei
1363 3100 1467 3132 vero
1494 3088 1635 3132 acela-

395 3164 586 3214 mabant,
610 3169 658 3205 ut
681 3162 734 3206 ab
756 3163 827 3204 illo
850 3174 979 3218 opere
1001 3165 1263 3206 cessaretur.
1288 3160 1352 3204 Ob
1369 3160 1449 3204 hoc
1466 3159 1634 3205 Pilatus

396 3236 555 3280 multos
568 3234 811 3279 Judaeorum
832 3235 988 3279 occidit
1004 3235 1232 3291 plerosque
1254 3235 1480 3280 sauciavit.
1501 3236 1635 3280 inter-

397 3307 577 3354 missum
616 3314 682 3352 est
717 3315 856 3351 autem
900 3319 1024 3364 opus,
1063 3309 1165 3363 quia
1200 3307 1334 3352 Iudaei
1379 3308 1631 3365 legationem

398 3380 686 3425 accusationis
701 3380 746 3423 in
764 3378 950 3423 Pilatum
972 3379 1024 3423 ad
1044 3378 1265 3423 Tiberium
1286 3380 1554 3424 direxerunt.

478 3453 567 3496 Ctt’
611 3452 764 3496 xxix.
790 3452 1081 3495 Testimonium
1100 3451 1129 3495 J
1133 3453 1272 3509 osephi
1294 3453 1344 3497 de
1366 3452 1546 3498 Christo.

451 3522 500 3567 in
520 3524 602 3568 boc
624 3523 718 3568 loco
740 3523 861 3580 ponit
878 3523 1091 3580 «Iosephus
1114 3525 1531 3577 commendationem
1550 3525 1635 3571 Do·

399 3597 505 3641 mini
526 3596 626 3641 Jcsu
668 3597 713 3640 in
752 3596 867 3651 hunc
901 3597 1113 3641 modum:
1150 3612 1165 3639 ι
1193 3596 1292 3641 Fuit
1328 3610 1432 3642 vero
1466 3599 1633 3643 hisdem

403 3669 664 3725 temporibus
682 3667 823 3720 lesus,
847 3668 1021 3724 sapiens
1043 3670 1124 3723 vir,
1150 3669 1186 3713 si
1210 3674 1353 3714 tamen
1373 3670 1517 3714 virum
1535 3681 1633 3714 eum

403 3741 623 3785 nominare
665 3740 729 3784 ias
760 3747 841 3785 est.
880 3739 978 3783 Erat
1010 3741 1125 3784 enim
1169 3741 1431 3785 mirabilium
1462 3741 1644 3797 effecte(

404 3823 600 3867 operum,
621 3816 663 3855 et
685 3811 836 3854 doctor
857 3824 1005 3855 eorum
1030 3813 1103 3867 qui
1136 3813 1318 3857 libenter
1339 3827 1434 3871 quae
1459 3803 1651 3859 ventura¹

406 3890 506 3928 sunt
531 3884 722 3934 audiunt,
746 3889 787 3927 et
808 3885 964 3928 multos
995 3884 1165 3939 quidem
1188 3884 1452 3939 ludaeorum,
1476 3887 1636 3932 multos

406 3956 533 3999 etiam
556 3969 607 3999 ex
630 3955 826 4012 gentibus
853 3956 934 3999 sibi
969 3956 1177 4010 adjunxit.
1204 3958 1403 4004 Christus
1431 3960 1503 4003 hic
1526 3967 1636 4004 erat.

409 4026 530 4070 llunc
570 4027 843 4071 accusatione
879 4029 1114 4083 primorum
1155 4037 1313 4075 nostrae
1353 4033 1494 4088 gentis
1539 4045 1639 4077 cum

408 4095 571 4139 Pilatus
603 4097 646 4139 in
679 4109 847 4141 crucem
874 4100 1083 4155 agendum
1122 4113 1218 4146 esse
1242 4102 1519 4156 decrevisset,
1553 4117 1644 4150 non

411 4169 692 4212 deseruerunt
727 4182 841 4221 euin,
889 4171 963 4226 qui
995 4173 1049 4215 ab
1090 4173 1212 4217 initio
1246 4174 1483 4220 dilexerant
1521 4156 1657 4224 taum.x

407 4241 616 4299 Apparuit
653 4244 766 4288 enim
800 4243 868 4289 his
894 4244 1049 4288 iterum
1084 4246 1222 4300 vivus,
1250 4250 1485 4295 seeundum
1524 4253 1639 4309 quod

469 4379 556 4438 (46)
580 4379 640 4423 Ex
663 4380 860 4427 historiis
877 4388 918 4428 et
934 4381 1123 4442 losepho

1706 1331 1870 1383 tentiae,
1892 1346 1906 1371 ι
1923 1322 2095 1386 ᾳιιίιιιιι]
2117 1329 2419 1385 poenitentiam
2437 1326 2722 1383 baptizandos
2736 1326 2864 1369 mon

1710 1410 1752 1448 et
1772 1416 1857 1448 non
1877 1404 1959 1448 nisi
1977 1415 2086 1460 quos
2101 1402 2360 1459 poenitentes
2372 1400 2547 1445 videbat
2566 1398 2828 1455 baptizabat,
2868 1392 2890 1435 xl

1709 1479 1863 1524 dicans
1888 1478 2079 1522 futurum
2104 1477 2366 1534 baptismum
2391 1476 2436 1519 in
2478 1474 2782 1520 remissionem
2801 1471 2876 1530 p'

1710 1560 1872 1604 torum,
1899 1565 1979 1609 pro
2016 1551 2143 1608 cujus
2168 1549 2488 1595 assuefactione
2533 1548 2664 1592 etiam
2687 1547 2846 1603 baptiza
2875 1578 2877 1581 .

1708 1625 1888 1670 Dicebat
1911 1624 2029 1668 enim
2049 1636 2085 1665 :‹
2111 1622 2235 1679 Agite
2259 1621 2574 1679 poenitentiam,
2596 1619 2835 1676 appropinq
2862 1643 2887 1679 <1¹

1709 1698 1823 1743 enim
1847 1708 2025 1752 regnum
2050 1694 2258 1739 eoelorum
2275 1692 2445 1751 (Martii.
2470 1691 2582 1749 nt).›
2598 1690 2744 1747 Usque
2767 1690 2820 1734 ad

1711 1782 1872 1814 annum
1898 1769 2060 1813 Tiberii
2084 1769 2286 1826 quintum
2321 1766 2535 1811 decimum
2571 1765 2875 1822 ‹somputan-tu'

1710 1845 1846 1890 Adam
1873 1846 1974 1889 anni
1992 1846 2186 1902 quinque
2214 1843 2350 1887 millia
2366 1841 2543 1886 ducenti
2559 1842 2712 1898 viginti
2735 1842 2839 1898 quin
2870 1840 2884 1896 ἶ,

1710 1921 1951 1967 secundum
1994 1917 2123 1971 Lxx,
2153 1917 2391 1980 secundum
2433 1914 2688 1960 Hebraicam
2733 1915 2868 1960 verita

1709 2000 1899 2052 quatuor
1922 1993 2073 2037 millia.
2098 1992 2350 2054 Annowvero
2373 1990 2533 2049 Tiberii
2552 1988 2719 2034 decimo
2739 1995 2860 2034 sexto
2905 1978 2908 1981 ⁴

1707 2082 1853 2114 annus
1886 2067 2089 2124 jubilaeus
2127 2065 2419 2123 octogesimus
2446 2064 2630 2121 primus.
2657 2061 2818 2108 Eodem
2839 2066 2867 2106 i

1710 2142 1859 2186 dicunt
1870 2141 2044 2200 quidam
2067 2145 2228 2186 sextam
2245 2137 2470 2192 chiliadem
2494 2137 2741 2196 ineoepfsse.
2765 2135 2849 2192 Ωιι

1710 2219 1823 2263 ratio
1844 2217 1937 2262 haee
1956 2223 2038 2268 est,
2058 2215 2158 2273 quia
2182 2215 2300 2261 sicut
2324 2213 2368 2258 in
2387 2213 2470 2257 boc
2495 2219 2614 2257 anno
2635 2211 2864 2257 terminata

1711 2291 2013 2342 circumcisio,
2038 2295 2081 2333 ct
2099 2288 2318 2333 inchoavit
2340 2287 2596 2344 baptismus,
2625 2285 2684 2330 ita
2709 2290 2845 2331 sexta¹
2874 2303 2888 2323 a

1714 2366 1883 2422 incipit,
1917 2354 1962 2408 'et
1999 2362 2151 2419 quinta
2172 2362 2403 2406 terminata
2421 2365 2506 2406 est,
2533 2357 2716 2414 Quidam
2735 2359 2790 2405 ab
2804 2351 2892 2403 ‘ln‘

1713 2434 1888 2481 na‘tione
1910 2434 2082 2478 Domini
2106 2433 2275 2478 initium
2301 2432 2395 2489 ejus
2429 2437 2597 2489 ponunt
2630 2432 2722 2496 hac
2754 2430 2878 2477 rati«

1712 2511 1812 2567 qnia
1837 2510 1948 2554 sicut
1973 2508 2053 2553 sub
2077 2507 2227 2565 quinta
2252 2511 2379 2551 aetate
2400 2505 2613 2563 generalis
2627 2505 2752 2549 tiebat
2815 2524 2849 2563 ’.¹
2880 2563 2882 2565 ‚

1711 2583 1836 2636 tatio,
1858 2595 1971 2625 anno
1989 2593 2013 2625 a
2035 2580 2174 2637 prima
2195 2577 2443 2637 olympiade
2467 2578 2558 2631 tali,
2580 2566 2648 2623 vel
2673 2577 2749 2622 tali
2766 2591 2780 2633 ;
2797 2576 2859 2620 ita
2893 2573 2897 2608 '-

1714 2661 1835 2700 sexta
1853 2654 2013 2698 dicitur
2033 2664 2153 2698 &inno¹
2165 2653 2219 2700 ab
2241 2651 2543 2697 incarnatione
2571 2650 2740 2695 Domini
2771 2639 2891 2706 tam}

1713 2728 1806 2774 tali.
1834 2727 1918 2771 Alii
1948 2739 1971 2770 a
1995 2726 2199 2784 passione
2222 2725 2393 2771 Domini
2418 2737 2514 2770 eam
2539 2724 2770 2769 inchoasse
2795 2720 2880 2769 tes
2893 2733 2898 2786 3

1712 2808 1806 2852 tur,
1851 2799 2058 2844 dicentes
2087 2803 2255 2844 sextam
2289 2804 2339 2850 iet
2377 2797 2602 2855 septimam
2639 2790 2898 2854 quiescent

1713 2873 1841 2919 simul
1861 2871 2106 2929 incoepisse.
2132 2870 2179 2915 ln
2191 2871 2396 2915 chronica
2409 2882 2512 2916 vero
2535 2866 2588 2915 ab
2600 2870 2780 2927 imperio
2796 2867 2845 2915 'l'i

1715 2947 1914 3003 inchoata
1941 2945 2111 3003 legitur.
2140 2944 2350 2990 Utebatur
2367 2951 2509 2990 autem
2527 2944 2718 2991 loannes
2735 2941 2886 2996 cilicis,

1715 3019 1814 3076 pilis
1834 3019 2115 3069 camelorum,
2137 3026 2179 3063 et
2197 3031 2306 3063 zona
2333 3009 2742 3076 pell3cea,‘qn0dam
2766 3017 2872 3063 loc

1714 3103 1810 3136 rum
1837 3080 1994 3148 genere
2024 3090 2167 3135 esibili
2203 3091 2475 3151 vescebatur,
2519 3094 2561 3135 et
2598 3089 2724 3134 melle
2747 3088 2818 3134 sil
2853 3093 2856 3094 ’

1718 3179 1732 3205 ι
1763 3163 1886 3208 Tunc
1908 3164 2053 3208 exibat
2071 3162 2124 3207 ad
2148 3175 2246 3208 enm
2265 3163 2407 3208 omnis
2425 3162 2587 3216 Judaea,
2609 3169 2653 3208 et
2678 3162 2797 3221 bapti
2834 3177 2851 3200 ι

1713 3242 1786 3281 tur
1805 3237 1849 3281 in
1867 3235 2069 3281 Iordane.
2094 3235 2254 3282 'v'idens
2270 3242 2412 3280 autem
2438 3216 2854 3303 multosplearis⁵
2900 3225 2909 3286 ⁴.

2904 3290 2912 3315 ς

1713 3317 1756 3355 et
1775 3309 2109 3355 Sadducaeorum
2130 3310 2354 3356 venientes
2375 3309 2429 3354 ad
2446 3309 2724 3377 baptismum,
2743 3309 2786 3356 di
2807 3297 2861 3357 ’Ϊὶ
2909 3342 2912 3345 .

1657 3407 1692 3451 D
1714 3386 1946 3444 Progenies
1986 3387 2246 3443 viperarum,
2276 3385 2374 3441 quis
2396 3384 2517 3429 vobis
2539 3384 2785 3430 demonstra
2801 3405 2858 3451 ι,Δ

1717 3471 1817 3515 gere
1839 3471 1862 3502 a
1883 3463 2063 3502 ventura
2083 3457 2172 3500 ira?
2198 3455 2344 3500 Facite
2380 3455 2532 3512 dignos
2554 3447 2755 3500 fructus·
2776 3478 2783 3493 ι
2809 3456 2841 3518 T

1718 3533 1803 3583 tiae,
1833 3539 1874 3576 et
1895 3543 1949 3575 ne
1972 3523 2130 3576 dicatis
2151 3546 2160 3574 :
2186 3529 2357 3574 Patrem
2374 3530 2582 3575 babemus
2600 3521 2861 3575 Abraba‘
2913 3519 2924 3585 1

1715 3610 1857 3662 potest
1878 3604 2089 3648 Dominus
2116 3603 2170 3648 de
2191 3601 2406 3666 lapidibus
2427 3603 2551 3655 istis,
2582 3617 2598 3644 ι
2625 3601 2668 3647 id
2685 3608 2752 3647 est
2784 3592 2848 3645 εἷ,
2917 3596 2924 3604 ’“

1717 3679 1834 3722 tibus
1865 3675 2123 3732 significatis
2161 3675 2230 3719 bis
2256 3673 2490 3734 lapidibus,
2532 3680 2548 3715 i
2591 3667 2854 3720 suscitare*
2918 3727 2921 3734 ὦ

1717 3750 1914 3794 Abrahae.
1952 3764 1965 3790 ι
2009 3748 2150 3806 Digito
2179 3752 2323 3794 autem
2368 3746 2622 3792 ostendebat
2667 3739 2801 3792 eis*¹
2908 3734 2921 3798 ι]

1718 3823 1944 3867 duodecim
1988 3822 2152 3877 lapides
2189 3802 2299 3877 quos
2338 3820 2528 3864 tulerunt
2559 3818 2848 3882 duodecin!
2902 3785 2923 3893 ξ

1718 3896 1904 3940 tribuum
1922 3893 2052 3940 lsrael
2076 3894 2129 3940 de
2152 3894 2292 3938 medio
2307 3892 2567 3938 sardanisin
2583 3893 2766 3947 armam.
2786 3887 2859 3955 ‚⁶¹²³
2899 3858 2921 3986 J

1719 3968 1887 4012 demde
1910 3968 2030 4018 arida
2054 3967 2099 4010 in
2128 3965 2378 4018 lor-danem,
2413 3978 2595 4022 quorum
2626 3965 2819 4012 acervus
2912 4020 2913 4024 Ἰ

1721 4038 1766 4098 in
1790 4038 2106 4091 testimonium,
2125 4039 2226 4096 quia
2249 4037 2368 4082 sicco
2385 4037 2493 4095 pede
2515 4037 2748 4084 Iordanem
2782 4056 2786 4058 ·

1719 4118 1846 4155 erunt
1872 4111 2015 4164 (Josue
2036 4112 2114 4170 tv).

1831 4212 1833 4214 -
1858 4184 1957 4229 Car.
1983 4184 2135 4231 xxxi.
2156 4185 2217 4230 De
2236 4186 2371 4234 tribus
2400 4185 2522 4230 sectis
2541 4172 2815 4230 liemarum*
2887 4206 2897 4237 χ

1775 4255 1903 4300 Erant
1921 4263 2063 4302 autem
2080 4264 2185 4303 tunc
2209 4258 2254 4305 in
2265 4257 2411 4304 Judaea
2426 4264 2516 4304 tres
2539 4263 2668 4322 sectae
2687 4256 2758 4313 Iu
2795 4282 2823 4296 ,,

1778 4393 1873 4452 (u)
1888 4393 1951 4439 Ex
1975 4395 2143 4443 iisdem,
