2924 4588
273 106 358 188 ἐπ’
394 155 400 163 -

267 210 360 241 nem
389 191 470 240 non
488 195 636 239 iudaea

267 270 483 324 sciplinae,
507 278 635 322 quam
657 264 710 307 de
747 253 1017 306 idstitutione
1053 258 1228 313 scripsit
1247 257 1508 300 clericorum

265 338 314 382 Β.
341 337 635 392 Augustinus,
669 331 872 388 imposuit
914 325 1057 373 linem.
1099 326 1252 370 Omnia
1291 325 1385 369 sine
1421 322 1507 366 ulla

264 410 528 463 exceptione,
551 395 646 461 qffle
686 404 730 446 in
751 403 834 445 boc.
867 399 1013 444 libello
1035 399 1197 453 scripta
1222 402 1322 439 sunt
1345 394 1398 437 de
1418 393 1508 447 spi·-

265 480 406 524 rituali
431 479 582 520 animae
616 476 770 519 decore
793 474 1037 521 disserunt,
1077 475 1118 523 et
1154 465 1367 524 quomodo
1398 464 1508 507 inte-

265 552 353 593 rior
375 551 502 592 homo
533 553 679 592 noster
700 548 906 590 virtutum
944 542 1234 599 spiritualium
1269 543 1470 582 ornatum
1493 567 1504 586 ,

263 636 349 679 quo
373 622 599 666 decoratur
617 651 628 671 ,
653 620 864 674 acquirat,
891 624 932 661 et
957 620 1198 663 conservet,
1255 611 1504 655 ostendunt.

264 696 314 738 Et
340 707 436 737 cum
457 693 578 743 dicit,
606 698 653 734 ut
680 691 752 734 ubi
786 689 1079 733 invenerimus
1100 698 1167 736 ea,
1213 696 1308 740 quae
1345 681 1507 736 scripta

265 771 380 816 sunt,
408 777 487 807 nos
513 763 733 811 facientes,
767 772 944 816 agamus
968 759 1127 815 gratias
1151 756 1332 798 Domino
1371 755 1506 798 bono-

265 849 358 879 rum
377 835 568 878 omnium
595 832 823 888 Largitori,
848 831 950 886 quid
984 829 1109 872 nobis
1149 826 1264 869 atiud
1279 824 1473 882 praecipit
1492 855 1503 876 ,

264 908 346 952 nisi
373 913 418 950 ut
443 906 513 949 ubi
535 903 891 959 deprehendimus
910 933 922 950 ,
957 900 1224 942 illuminante
1258 909 1340 941 nos
1377 896 1505 940 clari·

266 985 368 1030 tate,
395 990 488 1034 quoe
520 983 587 1021 est
624 977 668 1019 in
708 974 899 1031 speculo,
926 972 1120 1028 quaedam
1158 969 1282 1012 nobis
1318 967 1504 1018 formosa

274 1051 435 1103 inesse,
458 1049 513 1100 ei,
540 1061 592 1091 ex
616 1047 738 1102 cujus
763 1050 862 1090 sunt
889 1055 1064 1087 munere
1083 1075 1095 1093 ,
1137 1040 1394 1085 ascribentis
1415 1071 1428 1087 .
1463 1044 1505 1083 et

262 1134 435 1169 manere
457 1134 506 1166 ea
531 1121 829 1177 permittamus
850 1149 861 1168 ,
884 1125 924 1160 et
948 1127 1102 1172 augere
1138 1126 1215 1171 pro
1259 1125 1386 1170 posse
1408 1117 1504 1157 stu·

263 1193 468 1238 deamus?
506 1192 613 1236 Cum
651 1196 793 1234 autem
832 1188 1056 1244 adjungit,
1099 1192 1147 1230 ut
1174 1185 1245 1228 atii
1276 1186 1505 1242 quicunque

1147 89 1315 138 anam
1345 78 1934 133 PRAEMONSTRATENSIS
2482 143 2490 149 ·

557 170 587 206 ⁸
640 200 723 236 tur.
743 190 792 234 In
812 188 954 233 verbis
979 186 1074 232 istis
1109 186 1295 241 regulari
1335 195 1425 228 suae
1445 181 1513 223 di·
1535 181 1572 224 Α
1593 186 1796 219 cavemus
1826 172 1881 216 de
1910 169 2059 215 tuturo
2084 173 2298 213 rorantes
2328 172 2376 211 ut
2399 173 2442 212 et
2464 168 2656 231 debiturn
2689 169 2836 213 dimit·

2745 78 2833 124 58⁰

1587 252 1730 298 tatur,
1754 251 1798 290 et
1822 241 2172 288 intentationem
2193 252 2283 284 non
2308 241 2583 285 inducamur.
2609 240 2714 294 Quae
2736 253 2835 286 cum
2872 252 2878 253 ’

1587 322 1647 364 ita
1672 319 1777 371 sint,
1801 317 1958 362 iratres
1977 314 2248 368 charissimi,
2266 313 2439 357 diffiteri
2463 314 2582 358 nullo
2601 315 2730 360 modo
2756 328 2832 358 va·
2876 371 2878 373 Ι

1587 392 1725 436 lenius
1748 390 1854 446 quin
1878 387 2014 431 multa
2036 380 2091 430 de
2113 387 2198 438 bis,
2222 397 2319 441 quae
2342 387 2506 442 scripta
2531 393 2632 431 sunt
2658 375 2702 431 in
2726 388 2837 434 libro
2878 416 2884 442 r

1585 463 1670 506 hoc
1687 493 1700 513 ‚
1738 460 1864 505 nobis
1895 458 2048 504 deesse
2076 458 2317 502 videamus.
2340 456 2385 500 ln
2419 459 2568 503 multis
2590 453 2748 517 quippe
2769 460 2837 503 ol*-
2881 514 2889 532 A

1586 533 1803 577 sendimus
1834 541 2008 583 omnes3
2056 528 2175 572 nulla
2198 540 2308 584 pene
2333 527 2426 572 dies
2448 534 2542 583 est,
2565 529 2610 591 in
2632 542 2734 586 qua,
2782 541 2837 575 ex
2879 534 2891 575 l

1587 613 1708 663 parte
1732 604 1894 660 aliqua,
1919 615 2007 646 non
2031 602 2289 654 omittimus,
2313 605 2356 644 et
2379 601 2636 658 negligimus
2658 601 2837 647 reddere
2874 599 2880 612 ¹

1585 678 1767 722 Domino
1794 682 1892 721 vota
1923 680 2095 726 nostra,
2121 687 2216 731 quae
2240 674 2529 718 distinxerunt
2552 675 2664 719 labia
2684 683 2837 722 nostra

1587 750 1725 807 (Psoi.
1752 763 1881 799 Lxxv,
1912 747 1999 805 12).
2026 746 2195 791 Idcirco
2215 747 2412 790 videntes
2431 745 2582 791 deesse
2603 747 2730 791 nobis
2746 757 2837 795 non
2878 736 2889 789 'J

1585 836 1719 867 unum
1743 820 1906 878 aliquid
1923 853 1934 872 ,
1960 820 2036 864 sed
2062 820 2197 863 multa
2221 819 2273 863 de
2292 820 2382 874 his,
2407 832 2502 875 quae
2523 819 2687 876 scripta
2711 824 2835 872 sunt,
2883 820 2885 827 ²

1586 897 1821 941 clamemus
1847 895 1951 939 totis
1974 893 2120 938 cordis
2146 893 2347 938 medullis
2363 893 2416 936 ad
2433 892 2603 937 Patrem
2621 898 2836 947 nostrum,

1584 970 1656 1026 qui
1682 969 1726 1011 in
1748 969 1872 1014 coelis
1897 973 1980 1019 est,
2006 974 2048 1012 et
2069 966 2267 1011 dicamus
2290 966 2485 1011 dolentes
2507 967 2559 1011 de
2584 967 2834 1023 praeterite:

1583 1041 1758 1084 Dimitte
1782 1040 1907 1083 nobis
1931 1037 2072 1082 debita
2107 1045 2274 1091 nostra,
2299 1039 2405 1082 sicut
2429 1047 2468 1082 et
2490 1052 2564 1082 nos
2587 1039 2836 1084 dimittimus

1583 1113 1837 1158 debitoribus
1877 1113 2034 1157 nostris
2076 1110 2262 1169 (Mattk.
2303 1124 2346 1155 vt
2364 1145 2374 1163 ,
2418 1112 2504 1169 12).
2554 1111 2756 1158 Dicamus
2794 1119 2838 1159 et

1584 1193 1785 1232 caventes
1804 1185 1860 1231 de
1882 1177 2065 1231 futuro:
2091 1182 2157 1229 Ne
2181 1198 2255 1229 nos
2283 1185 2456 1229 inducas
2491 1184 2535 1229 in
2571 1187 2837 1230 tentationem

262 1273 438 1309 vestrum
462 1264 568 1307 videt
585 1262 666 1306 sihi
691 1260 847 1317 aliquid
866 1260 1029 1310 deesse5
1048 1259 1184 1303 doleat
1205 1257 1254 1300 de
1276 1257 1502 1312 praeterito‚
1528 1244 1562 1288 Β
1586 1259 1699 1319 (ibid
1719 1293 1750 1314 ‚‚
1774 1260 1870 1318 15),
1897 1258 1955 1304 Ut
1983 1266 2027 1304 et
2059 1271 2084 1303 a
2107 1259 2338 1316 praeteritis
2371 1259 2583 1312 mundati,
2609 1265 2652 1304 et
2679 1265 2836 1304 contra

261 1346 401 1381 caveat
422 1337 472 1380 de
494 1336 634 1392 futuro
654 1349 668 1378 .·
702 1347 827 1377 orans
851 1341 891 1376 ει
912 1332 1094 1375 debitum
1121 1330 1202 1375 sibi
1235 1331 1501 1381 dimittatur,

260 1415 299 1452 et
322 1407 651 1451 intentationem
686 1418 766 1447 non
804 1403 1028 1446 inducatur
1059 1415 1073 1444 .·
1105 1401 1216 1455 Quid
1256 1400 1373 1444 aliud
1406 1412 1505 1445 eum

260 1483 522 1527 aestimamus
541 1480 708 1535 jubere,
734 1478 817 1521 nisi
842 1485 888 1520 ut
911 1490 1010 1522 cum
1035 1476 1079 1519 in
1102 1476 1303 1532 praesenti
1327 1474 1503 1530 speculo

262 1553 617 1610 deprehendimus
640 1565 718 1596 nos
759 1556 979 1595 contracta
1003 1550 1195 1593 foeditate
1226 1548 1387 1605 aliquid
1415 1550 1505 1601 ,mi-

262 1639 343 1670 nus
378 1627 432 1670 de
473 1626 740 1670 formositate
776 1625 966 1675 babere,
1024 1622 1275 1668 studeamus
1320 1621 1505 1666 sollicite

261 1707 306 1744 et
340 1713 436 1744 eam
477 1699 632 1751 delere,
677 1706 719 1743 et
761 1711 815 1741 ne
844 1709 1016 1742 rursum
1062 1696 1352 1752 inquinemur,
1402 1708 1504 1751 pru-

262 1773 377 1817 denti
399 1773 524 1816 nobis
559 1772 724 1815 cautela
764 1769 1003 1826 providere.
1043 1768 1219 1822 Doleat,
1255 1768 1417 1825 inquit,
1455 1767 1506 1810 de

259 1846 482 1901 pra-terito,
508 1854 645 1888 caveat
662 1845 710 1887 de
741 1844 896 1899 saturo.
935 1843 1042 1888 Ecce
1085 1843 1306 1900 geminum
1344 1848 1506 1886 sanct-‘e

261 1918 480 1975 religionis
512 1917 763 1962 exercitium
790 1928 803 1967 ,·
852 1928 903 1960 eo
926 1917 1063 1973 magis
1102 1915 1265 1960 sanctis
1302 1915 1503 1960 omnibus

260 1995 425 2044 notum,
451 2003 536 2047 qno
560 1990 800 2034 evidentius
822 1990 972 2045 liquet,
998 1988 1114 2046 quod
1152 1989 1190 2032 si
1227 1989 1331 2032 illud
1373 1990 1504 2032 etiam

260 2060 570 2118 frequentando
590 2074 675 2104 non
698 2066 953 2116 agnoscunt,
982 2061 1119 2104 sancti
1142 2073 1237 2105 esse
1259 2061 1505 2105 nullatenus

260 2137 455 2189 possunt.
482 2132 587 2176 Cum
611 2133 723 2176 enim
756 2133 799 2175 in
833 2133 923 2189 jugi
955 2133 1093 2189 magis
1115 2134 1381 2189 experientia
1405 2145 1506 2178 sen-

260 2205 407 2256 timus.
454 2219 581 2261 quam
631 2206 675 2248 in
710 2204 932 2262 Scriptura
968 2204 1187 2261 legimus,
1229 2206 1341 2262 quod
1387 2220 1503 2249 nemo

262 2278 438 2322 mundus
474 2293 497 2321 a
541 2279 659 2321 sorde
697 2277 802 2335 (Job
852 2292 951 2330 xxv,
986 2278 1071 2335 t),
1123 2287 1162 2322 et
1217 2292 1426 2336 nunquam
1462 2280 1506 2324 in

261 2350 400 2394 eodem
439 2359 551 2395 statu
592 2351 710 2395 homo
756 2360 965 2406 permanet
1009 2351 1112 2409 (Job
1154 2365 1255 2404 xiv,
1281 2353 1354 2408 2).
1400 2353 1506 2407 Quis

262 2425 507 2470 ullomodo
549 2428 818 2471 sanctitatem
843 2428 954 2471 valet
983 2439 1241 2483 recuperare
1277 2428 1367 2483 jam
1408 2441 1507 2484 per-

262 2496 421 2548 ditam,
467 2498 550 2541 nisi
598 2498 740 2540 dolcat
784 2498 836 2541 de
881 2499 1123 2554 praeterito?
1171 2498 1277 2551 Quis
1318 2501 1506 2545 retinere

263 2568 403 2612 adhuc
427 2569 637 2622 habitam,
666 2571 751 2614 nisi
773 2578 924 2615 caveat
957 2571 1010 2616 de
1034 2570 1213 2615 futuro?
1249 2572 1399 2630 ltaque
1430 2575 1504 2631 qui

258 2640 346 2698 iam
369 2641 537 2695 cecidit,
559 2643 686 2686 addat
710 2650 753 2686 ut
773 2650 990 2700 resurgat,
1014 2645 1068 2688 de
1089 2646 1308 2701 praeterito
1329 2659 1501 2692 cavens.

262 2713 400 2759 Verba
427 2722 583 2766 autem,
610 2729 703 2772 quae
735 2718 961 2762 subintulit
989 2734 998 2763 ε
1027 2719 1163 2764 orans
1192 2729 1238 2763 ut
1277 2721 1355 2765 sibi
1393 2720 1507 2765 debi-

264 2798 348 2832 tum
380 2790 631 2842 dimittatur,
671 2798 710 2833 et
754 2792 797 2834 in
835 2794 1101 2836 tentationem
1134 2806 1209 2837 nor
1245 2794 1469 2839 inducatur
1490 2827 1502 2847 ,

262 2876 357 2920 quae
398 2863 450 2907 dc
483 2863 686 2908 Oratione
723 2865 941 2909 dominica
975 2868 1186 2924 sumpsit,
1216 2867 1265 2911 ad
1291 2881 1340 2912 ea
1371 2870 1507 2925 perti-

262 2939 380 2985 nent,
425 2947 520 2991 quae
557 2935 762 2990 praemisit
787 2951 797 2988 ;
822 2937 963 2981 doleat
996 2937 1050 2982 de
1087 2940 1318 2995 praeterito,
1359 2949 1508 2985 caveat

262 3008 315 3052 de
339 3007 497 3052 futuro.
525 3007 588 3050 Ad
611 3008 806 3052 cumdem
832 3022 1017 3066 namque
1056 3011 1184 3056 linem
1218 3014 1394 3069 respicit
1431 3013 1508 3058 do-

262 3080 350 3125 bere
373 3079 424 3124 de
455 3082 670 3135 praeterito
694 3088 734 3125 et
755 3094 880 3126 orare
922 3089 970 3127 ut
1022 3084 1214 3129 debitum
1248 3085 1505 3139 dimittatur,

266 3161 418 3193 cavere
441 3150 492 3195 de
535 3151 682 3194 futuro
715 3159 757 3196 et
793 3165 918 3198 orare
957 3161 1004 3198 ut
1056 3157 1249 3201 inductio
1288 3158 1331 3202 in
1369 3165 1510 3204 tenta-

266 3223 428 3266 tionem
452 3224 679 3269 devitetur.

322 3294 432 3340 XlX.
455 3295 590 3351 Igitur
630 3310 724 3351 nos,
762 3299 834 3354 qui
874 3299 916 3342 in
949 3299 1216 3356 professione
1241 3310 1388 3348 nostra
1411 3318 1511 3361 pro·

267 3366 461 3411 misimus
488 3367 626 3412 vivere
650 3369 886 3412 secundum
918 3369 1123 3427 Regulam
1159 3372 1206 3416 B.
1247 3374 1506 3431 Augustini,
1532 3389 1568 3433 1)

268 3439 382 3494 ligati
422 3453 569 3484 sumus
605 3443 749 3486 verbis
793 3443 880 3487 oris
916 3445 1071 3495 nostri,
1105 3451 1147 3490 et
1169 3447 1362 3492 eamdem
1387 3455 1507 3493 tene-

269 3525 365 3553 mur
388 3511 592 3568 Regulam
632 3515 887 3569 observare;
930 3530 1008 3562 nec
1046 3519 1099 3562 ab
1136 3532 1184 3563 ea
1223 3522 1316 3565 sine
1354 3524 1506 3578 grandi

270 3584 428 3629 offensa
451 3599 680 3642 possumus
704 3589 889 3633 deviare.
920 3589 1003 3635 Sed
1029 3594 1099 3647 qui
1134 3605 1179 3637 se
1211 3594 1406 3640 deviasse
1430 3596 1506 3641 de-

271 3659 523 3713 prebendit3
551 3660 696 3703 Doleat
728 3662 777 3704 de
808 3666 1032 3717 proeterito,
1073 3677 1210 3710 cat-eat
1250 3668 1299 3712 de
1333 3671 1506 3726 sucuro:

270 3743 393 3773 orans
412 3739 458 3773 nt
480 3733 559 3774 situ·
597 3734 775 3777 debitam
815 3736 1068 3789 dimittatur,
1089 3747 1127 3781 et
1177 3743 1218 3783 iu
1245 3746 1507 3789 tentationem

273 3815 352 3844 non
386 3803 619 3848 inducatur.
648 3805 836 3851 Medicus
859 3811 1002 3866 itaque.
1038 3812 1275 3857 animarum
1303 3818 1510 3871 peritissi-

272 3885 366 3915 mus
379 3873 503 3917 Pater
522 3883 665 3919 noster
678 3878 723 3920 ll.
741 3878 1005 3935 Augustinus
1027 3882 1077 3926 de
1098 3890 1279 3941 utroque
1296 3900 1376 3932 nos
1392 3901 1510 3933 exer·

273 3940 373 3988 citio
388 3947 623 3998 medicinae,
638 3951 678 3992 in
695 3951 801 3995 libro
815 3952 1039 4009 Regularis
1055 3956 1290 4013 disciplinae
1304 3973 1406 4010 suae,
1433 3976 1507 4007 ex-

272 4017 388 4061 bibet
397 4020 835 4070 eruditos2instruens
859 4039 936 4072 nos
957 4028 999 4071 in
1016 4032 1277 4087 eo‚qualiter
1293 4035 1508 4090 possimus

272 4089 448 4146 310et
473 4093 716 4145 sanitatem,
744 4109 839 4140 cum
863 4111 957 4142 eam
982 4101 1189 4148 habemus
1206 4137 1216 4155 ,
1242 4106 1509 4162 spiritualem

274 4161 505 4214 custodire,
520 4171 562 4206 et
582 4165 635 4208 ad
658 4178 875 4218 eam,cum
909 4170 1019 4215 forte
1043 4174 1505 4229 amiserimus,'redire.

276 4230 392 4275 itanc
418 4246 624 4290 namque,
652 4238 704 4281 de
720 4251 802 4295 qua
839 4242 1054 4297 loquimur
1070 4277 1080 4295 ,
1114 4247 1339 4293 sanitatem
1362 4257 1507 4295 custo-

278 4302 433 4357 ·limus,
470 4317 567 4348 cum
592 4319 672 4358 ea,
709 4322 804 4364 qoae
836 4314 996 4368 scripta
1034 4322 1156 4368 sunt,
1213 4317 1418 4374 facimus;
1456 4322 1508 4364 ad

276 4378 478 4423 emissam
502 4393 602 4424 vero
626 4383 831 4438 redimus,
859 4398 953 4432 cum
977 4389 1169 4436 dolemus
1193 4392 1245 4437 de
1272 4393 1503 4449 praeterito,

1585 1333 1732 1378 futura
1757 1333 1930 1384 muniti,
1956 1333 2097 1391 ipsum
2124 1332 2364 1385 laudemus,
2390 1337 2434 1376 et
2459 1333 2740 1386 honoremus,
2760 1333 2836 1392 qui

1583 1413 1650 1452 est
1673 1405 1785 1451 Deus
1810 1406 2063 1452 benedictus
2085 1406 2133 1454 in,
2155 1406 2328 1457 saecula,
2355 1405 2502 1450 Amen.

2049 1478 2235 1524 sunno
2262 1467 2370 1524 xm.

1584 1549 1647 1594 De
1669 1552 1816 1594 virtute
1834 1550 2026 1607 persectoe
2056 1550 2323 1603 obedientiae,
2348 1557 2386 1594 et
2411 1549 2461 1594 de
2487 1551 2694 1607 singulari
2727 1565 2838 1608 μναῖ·

1642 1625 1828 1682 roqatiua
1863 1624 1992 1679 ipsius
2013 1635 2026 1666 .·
2057 1631 2097 1667 et
2123 1624 2305 1681 qualiter
2328 1630 2467 1666 votum
2497 1613 2738 1668 obedienti-:c
2762 1638 2837 1669 us-

1639 1711 1716 1755 que
1737 1696 1791 1740 ad
1819 1704 1990 1741 mortem
2014 1698 2058 1740 in
2082 1696 2267 1749 Christo,
2297 1697 2340 1740 in
2356 1696 2610 1754 professione
2640 1697 2836 1755 Regelare·

1642 1770 1958 1829 intelliqendum
1980 1773 2053 1816 sit.

1586 1859 1789 1906 Sruorsns
1814 1875 2037 1907 snnnoms.
2062 1885 2120 1894 --
2139 1861 2180 1905 1.
2202 1859 2429 1906 Submissa
2467 1861 2537 1906 sui
2571 1862 2616 1906 in
2651 1862 2836 1909 dicendo

1641 1918 2010 1963 mensatim—2.
2035 1914 2330 1963 professionis
2367 1918 2412 1961 in
2433 1917 2584 1963 ordine
2623 1917 2838 1964 Praemou·
2877 1959 2879 1961 ,

1641 1975 1844 2019 stratensi
1865 1974 2017 2025 forma,
2029 1986 2126 2018 cum
2136 1973 2468 2031 praecedentium
2478 1975 2834 2030 anacephalaeosi.

1637 2053 1693 2062 —-
1716 2031 1757 2076 5.
1783 2029 2021 2087 Religionis
2054 2031 2228 2075 culmen
2249 2030 2414 2074 obtinet
2450 2030 2716 2081 obedientia,
2742 2033 2834 2076 vir-

1639 2091 1781 2131 tutum
1816 2089 2008 2131 omnium
2049 2087 2206 2138 robur,
2243 2088 2557 2131 incrementum
2577 2120 2589 2142 ‚
2622 2090 2833 2144 materia;

1641 2143 1971 2200 quibuscunque
1986 2142 2212 2188 sacrifieiis
2242 2143 2328 2186 Deo
2355 2143 2588 2199 acceptior.
2609 2144 2716 2189 -l.
2743 2143 2838 2189 lno-

1640 2199 1861 2244 bedientes
1884 2213 1981 2244 eum
2006 2199 2246 2244 idololatris
2273 2205 2316 2242 et
2337 2200 2738 2255 arioliscompositi‚
2757 2215 2834 2257 pa·-

1640 2256 1764 2311 rique
1787 2268 1869 2311 sup
1901 2256 2002 2299 licio
2027 2256 2169 2312 digni;
2196 2255 2469 2311 obloquentis
2494 2255 2837 2300 introductio.—

1640 2311 1681 2355 5.
1710 2311 1756 2354 Si
1777 2315 1849 2368 qui
1884 2311 2037 2355 amad
2062 2313 2300 2367 jubendum
2318 2311 2551 2361 ,indiscreti
2575 2313 2755 2368 praelati,
2781 2325 2836 2359 ne

1641 2373 1801 2412 temere
1842 2368 1994 2412 dentes
2043 2369 2267 2413 mordaces
2309 2367 2517 2412 infixeris.
2548 2393 2605 2400 —
2641 2367 2684 2412 6.
2713 2367 2836 2414 Nolle

1641 2424 1816 2468 obedire
1853 2425 2096 2469 damnabile
2131 2432 2212 2469 est.
2238 2423 2284 2468 ln
2323 2423 2550 2482 praeceptis
2587 2430 2731 2469 tamen
2768 2427 2836 2469 ni-

1640 2480 1722 2523 mis
1744 2481 1947 2537 gravibus
1989 2485 2064 2524 aut
2107 2480 2446 2537 impossibilibus
2486 2480 2584 2524 licet
2615 2483 2835 2538 propriam

1641 2536 1935 2582 infirmitatem
1970 2542 2174 2581 attexere.
2195 2562 2250 2570 -
2281 2538 2320 2582 7.
2342 2535 2466 2590 Quod
2504 2536 2725 2593 subreptio
2761 2551 2835 2582 ve-

1642 2593 1779 2644 niale,
1807 2598 2085 2650 contemptus·
2101 2593 2356 2638 obedientiae
2384 2594 2566 2636 mortale
2591 2595 2832 2639 coustituit.

1643 2647 1765 2694 Unde
1786 2650 1935 2705 lapsus
1944 2650 2210 2748 (protoplasti
2232 2649 2341 2692 tanti
2357 2649 2574 2705 ponderis.
2599 2674 2655 2682 ·-—
2671 2649 2713 2695 8.
2730 2649 2836 2694 Sin·

1641 2707 1790 2760 gulare
1816 2706 1942 2749 inobe
1975 2706 2117 2750 ientiae
2139 2706 2380 2761 exemplum
2405 2705 2450 2748 in
2486 2705 2694 2762 propbeta
2731 2718 2834 2751 vero

1643 2761 1719 2805 Dei
1754 2761 1808 2804 ad
1848 2774 1990 2818 regern
2028 2762 2163 2806 misso
2199 2762 2486 2806 examinatur.
2511 2761 2626 2805 —9.
2660 2761 2833 2809 Praeco-

1641 2818 1761 2860 nium
1787 2831 1884 2862 vere
1903 2817 2160 2868 obedientis,
2185 2818 2309 2873 cujus
2333 2830 2483 2862 norma
2522 2818 2567 2860 in
2606 2817 2768 2863 Davide
2786 2825 2833 2864 et

1645 2873 1844 2919 Samuele
1867 2879 2058 2918 ostensa.
2080 2899 2136 2905 —
2155 2874 2222 2919 10.
2253 2870 2398 2931 Typus
2415 2873 2652 2918 obedientis
2675 2875 2718 2918 in
2739 2888 2835 2919 ver-

1640 2929 1710 2974 bis
1734 2929 1925 2987 Virginis
1959 2931 2111 2974 matris
2131 2942 2363 2987 expensus.
2388 2929 2595 2985 Praejacet
2625 2929 2833 2975 obedien-

1642 2987 1714 3030 tiae
1734 2985 1972 3037 humilitas,
1997 2987 2198 3042 superbia
2225 2986 2594 3031 rebellioni.—ll.
2614 2985 2836 3043 Superbia!

1644 3041 1799 3093 fastus,
1826 3041 1982 3087 deinde
2002 3042 2258 3087 obedientiae
2279 3043 2583 3099 contemptusf,
2618 3049 2835 3098 postremo

1645 3099 1841 3155 sequitur
1873 3098 2000 3155 culpa
2029 3106 2193 3143 reatus.
2217 3122 2274 3132 --
2297 3098 2365 3143 ¹2.
2391 3097 2655 3143 Obedientiae
2690 3105 2832 3146 casti-a

1645 3155 1776 3198 nullis
1796 3155 1971 3212 casibus
1987 3188 1998 3206 ,
2025 3155 2144 3199 nullo
2169 3161 2364 3210 tempore
2386 3154 2624 3200 deserenda
2638 3186 2669 3207 „
2685 3167 2833 3200 exem-

1647 3212 1716 3267 plo
1730 3210 1967 3254 salvatoris
1994 3211 2132 3255 nostri
2154 3210 2382 3255 Det-13.
2406 3210 2471 3254 Ab
2508 3211 2714 3268 Apo'stolo
2737 3211 2834 3257 talis

1646 3267 1900 3311 obedientia}
1918 3266 2054 3322 forma
2077 3267 2221 3311 elicita
2237 3300 2248 3317 ,
2309 3280 2406 3310 uam
2459 3267 2565 3310 radn
2588 3276 2744 3323 quarto
2766 3281 2836 3313 re·

1649 3324 1770 3379 ponit
1827 3322 1870 3367 S.
1916 3323 2190 3367 Benedictus.
2209 3348 2263 3356 -
2316 3323 2357 3366 t.
2398 3323 2434 3368 Ο
2489 3324 2651 3368 dientia
2698 3337 2836 3381 usquo

1647 3379 1699 3423 ad
1727 3385 1907 3424 mortem
1945 3380 2125 3434 requirit
2163 3379 2436 3423 tolerantiam
2472 3382 2514 3423 et
2552 3389 2836 3436 perseveran-

1644 3436 1766 3479 tiam.
1799 3460 1855 3468 —·
1879 3435 1947 3479 15.
1985 3434 2238 3480 obedientia
2260 3436 2303 3478 in
2337 3434 2510 3479 Christo
2547 3447 2635 3492 prae
2671 3448 2717 3480 se
2752 3436 2836 3483 sert

1646 3503 1842 3535 normam
1865 3492 2046 3547 justitiae
2084 3498 2127 3536 et
2149 3492 2450 3536 rectitudinem
2474 3492 2726 3538 intentionis
2764 3494 2835 3538 in-

1644 3553 1791 3591 ternae.
1818 3571 1875 3579 ——-
1898 3547 1966 3591 16.
2003 3548 2265 3591 obedientiae
2298 3547 2498 3593 stimulus
2534 3555 2600 3592 est
2634 3549 2702 3592 liic
2738 3550 2835 3606 pla-

1645 3604 1766 3648 cendi
1791 3603 1978 3657 Christo,
1998 3611 2039 3648 et
2062 3616 2158 3647 cum
2182 3616 2234 3649 eo
2252 3610 2410 3648 aeterna
2435 3605 2633 3648 mercede
2665 3604 2850 3650 fruendi'
2902 3623 2924 3647 ,¹

1645 3660 1872 3716 appetitus.
2190 3712 2192 3714 V

1643 3731 1676 3776 l.
1694 3732 1829 3789 Loqui
1853 3733 2052 3777 charitati
2074 3738 2244 3785 vestran,
2260 3734 2530 3779 dilectissimi
2549 3733 2835 3787 iratres,aedi-

1589 3806 1802 3850 ficationis
1851 3813 2006 3851 vestrae
2048 3807 2308 3852 desiderium
2351 3819 2432 3852 nos
2455 3809 2672 3864 compellit
2696 3823 2707 3862 ;
2759 3801 2847 3853 sed¹

1589 3881 1762 3936 propria
1787 3880 1912 3924 nobis
1941 3880 2210 3937 imperiectio
2238 3881 2457 3926 silentium
2480 3882 2645 3926 indicit.
2670 3881 2723 3925 Et
2749 3881 2835 3926 l'or-

1590 3951 1648 3994 tia
1671 3951 1863 4006 quidem,
1885 3964 1936 3995 ex
1962 3959 2098 4008 parte,
2125 3959 2226 3996 sunt
2241 3954 2463 4005 nonnulla,
2479 3966 2583 4009 quae
2604 3955 2831 4006 debemus:

1589 4022 1662 4066 sed
1685 4022 1866 4073 debiles,
1891 4028 1934 4067 et
1959 4023 2134 4068 invalidi
2158 4024 2239 4080 ipsi
2265 4037 2431 4068 suimus.
2457 4025 2609 4082 Magna
2642 4026 2858 4089 dissimi-·
2894 4031 2895 4034 ’

1589 4093 1783 4146 litudine,
1804 4101 1847 4140 et
1868 4096 1994 4152 longa
2017 4096 2098 4141 sibi
2124 4096 2446 4153 intercapedine
2471 4098 2525 4142 ab
2546 4098 2728 4143 invicem
2768 4094 2832 4142 ‹li-
2913 4148 2919 4161 ἒ

1590 4171 1707 4209 stant
1723 4178 1841 4223 ,quae
1881 4167 2085 4212 videntur
2118 4168 2160 4211 in
2195 4168 2337 4222 nobis;
2370 4174 2414 4212 et
2435 4181 2532 4226 quoe
2553 4181 2575 4213 a
2598 4170 2728 4215 nobis.
2755 4182 2833 4212 au-

1590 4237 1767 4282 diuntur
1791 4255 1803 4284 2
1834 4237 1888 4282 Ut
1913 4252 1991 4283 vox
2012 4238 2174 4296 quidem
2190 4272 2201 4291 ‚
2228 4253 2307 4283 vos:
2325 4238 2459 4285 Jacob
2475 4243 2554 4293 sit,
2578 4255 2726 4284 manus
2760 4256 2834 4284 au·-

1592 4318 1688 4362 tem,
1712 4326 1860 4357 manus
1900 4315 1982 4358 sint
2017 4313 2129 4358 Esau
2153 4313 2281 4370 (Gen.
2300 4327 2437 4368 mm,
2466 4315 2564 4371 22).
2604 4315 2732 4361 Auris
2758 4329 2834 4358 au-

1591 4381 1712 4427 diens
1736 4382 1973 4429 admiratur
1995 4397 2101 4438 nos,
2125 4386 2199 4431 sed
2238 4386 2436 4442 indignos
2477 4398 2524 4430 se
2558 4398 2634 4431 nos
2668 4376 2833 4442 judicat
