2924 4588
290 100 399 144 4567

287 263 371 308 Sed
394 263 598 306 dicuntur
614 264 651 306 ei
670 262 843 333 obedit?
867 262 1131 328 inaniat-ata,
1159 265 1259 318 quia
1283 264 1376 307 solo
1394 263 1524 307 verbo

284 336 387 380 facit
408 337 460 380 dc
485 337 568 386 his,
596 348 690 391 quae
726 337 845 386 vult,
870 334 1111 384 secundum
1155 330 1283 391 quein
1323 336 1523 392 loquendi

282 408 455 452 modum
478 408 585 452 solet
605 409 707 476 '³3⁹5’
733 407 913 450 materia
953 406 1176 463 languoris
1208 405 1431 456 obediens,
1459 406 1523 449 vel

282 481 529 524 inobediens
556 480 792 524 medicinae.

446 551 549 595 Car.
576 551 682 594 Lvl.
709 552 766 595 De
787 551 948 594 duobus
973 551 1151 595 obsessis
1170 566 1195 595 a
1211 553 1381 609 legione.

339 625 444 667 Dum
466 631 605 667 autem
631 625 818 669 venisset
861 632 983 668 trans
1025 625 1199 675 fretum,
1262 627 1307 669 in
1347 627 1523 683 regione

280 696 613 748 Gerasenorum,
633 710 728 754 quae
744 704 812 743 est
838 705 990 742 contra
1034 699 1271 749 Galilaeam,
1315 711 1522 744 occurre-

281 778 381 813 runt
404 772 439 814 ei
460 771 544 814 duo
571 770 782 826 arreptitii
798 803 810 821 ,
852 773 954 815 saevi
993 771 1143 824 nimis,
1185 784 1367 828 qnorum
1408 786 1520 818 unus

280 844 490 894 adoravit,
511 850 552 887 ct
571 844 677 886 dixit
703 859 712 886 :
739 859 753 885 c
784 843 895 896 Quid
941 845 1085 897 nobis,
1131 851 1173 890 et
1210 846 1306 896 tibi,
1332 844 1436 892 Jesu
1462 847 1520 890 iili

279 915 351 959 Dei
376 917 566 961 ‘ivenisti
591 925 689 962 ante
717 924 884 974 tempus
911 923 1112 963 tornuere
1128 931 1210 971 nos
1235 918 1386 967 (Marc.
1407 922 1466 977 v).
1500 937 1514 962 ›

277 990 535 1035 Nesciebant
560 992 776 1037 daemones
800 1006 898 1037 eum
921 993 997 1039 Dei
1020 994 1195 1044 Filium,
1223 997 1296 1042 sed
1318 999 1519 1053 suspica-

277 1064 435 1108 bantur
458 1078 534 1120 pro
560 1067 781 1111 miraculis
801 1076 842 1112 ct
866 1070 1114 1114 testimonio
1130 1071 1288 1118 Patris.
1308 1074 1342 1116 T
1345 1075 1518 1131 orqueri

277 1144 416 1180 autem
437 1150 482 1181 se
502 1138 718 1190 dicebant,
739 1141 839 1195 quia
855 1143 1121 1197 cogebantur
1138 1146 1272 1197 exire,
1283 1151 1325 1190 et
1346 1158 1518 1191 cessare

276 1220 299 1249 a
320 1207 509 1253 laesione.
538 1208 713 1254 Dicebat
734 1212 847 1255 enim
887 1214 950 1256 illi
975 1213 1127 1260 Jesus:
1158 1231 1172 1258 ι
1206 1217 1301 1270 Exi,
1337 1219 1518 1276 spiritus

277 1283 508 1328 immunde.
542 1302 557 1327 ι
581 1285 783 1330 Sciebant
808 1295 950 1333 autem
981 1291 1023 1334 in
1053 1290 1217 1347 judicio
1242 1306 1289 1338 se
1308 1299 1517 1350 torquen-

275 1355 353 1401 dos
378 1358 421 1400 in
440 1359 660 1415 abyssum.
691 1361 886 1418 Cumque
903 1363 1085 1409 Domino
1118 1366 1327 1422 quaerenti
1358 1379 1517 1412 nomen

275 1438 419 1481 suum,
443 1428 640 1484 dixisset,
672 1446 718 1477 se
742 1435 890 1478 vocari
923 1435 1152 1492 legionem,
1199 1451 1286 1483 non
1312 1440 1426 1496 quod
1452 1441 1516 1484 sic

273 1507 518 1553 vocaretur,
543 1505 620 1548 sed
645 1507 767 1561 quasi
794 1507 910 1552 dicat
936 1525 945 1552 :
971 1509 1150 1555 Frustra
1167 1514 1513 1568 quaerisnomen,

273 1574 372 1629 qnia
394 1576 538 1631 plures
563 1591 730 1630 sumus,
769 1583 981 1638 rogabant
1006 1596 1121 1635 eum,
1158 1591 1204 1628 ut
1233 1587 1422 1631 mitteret
1438 1601 1515 1632 cos

273 1647 316 1690 in
339 1660 507 1704 gregem
538 1663 786 1707 porcorum,
811 1655 885 1711 qui
903 1655 1027 1711 juxta
1050 1658 1353 1713 pascebantur.
1374 1659 1427 1703 Et
1447 1661 1516 1705 in·

271 1725 435 1765 :rantes
459 1735 629 1778 porcos,
656 1727 1030 1783 praecipitaverunt
1058 1742 1133 1774 eos
1162 1732 1205 1774 in
1227 1743 1362 1779 marc.
1406 1732 1516 1778 indi-

270 1807 388 1851 gente
410 1803 552 1841 autem
573 1808 834 1855 rogaverunt
855 1814 970 1854 eum,
998 1811 1044 1847 ut
1081 1805 1288 1850 transiret
1311 1817 1337 1848 a
1355 1805 1513 1851 finibus

271 1881 435 1913 eorum.
463 1869 654 1927 Cmnque
676 1874 930 1919 ascenderet
962 1876 1124 1930 navim,
1167 1884 1387 1935 sanatum,
1410 1881 1513 1933 >licet

270 1950 458 1999 rogaret,
496 1945 634 1989 noluit
662 1958 811 1990 secum
849 1948 1024 1994 ducere.
1070 1950 1122 1995 Et
1159 1953 1288 1997 rediit
1321 1953 1514 2010 Caphar-

270 2029 422 2064 naum.
478 2031 604 2073 quaxn
664 2018 889 2066 Matthaeus
939 2033 1064 2068 vocat
1111 2026 1332 2071 civitatem
1389 2039 1511 2072 suam

269 2088 441 2139 (Manli.
465 2093 541 2149 ix),
566 2105 653 2136 non
674 2094 862 2150 origine,
889 2094 963 2142 sed
998 2103 1124 2155 gente
1144 2132 1154 2149 ,
1188 2100 1288 2155 quia
1312 2101 1514 2156 quaelibet

268 2163 418 2206 civitas
442 2163 626 2210 Galilaea:
649 2173 788 2222 potest
805 2167 889 2215 dici
919 2170 1072 2216 civitas
1094 2171 1386 2218 Galitaeorum.

343 2236 443 2280 Car.
466 2237 586 2282 Lvu.
613 2239 675 2282 De
705 2241 947 2298 Paratytico
976 2243 1153 2298 demisso
1181 2258 1255 2301 per
1285 2253 1451 2292 tectum.

322 2309 373 2351 Et
399 2314 566 2356 sanavit
594 2315 875 2370 paralyticum
896 2322 996 2362 ante
1019 2331 1066 2363 se
1082 2319 1318 2363 demissum
1346 2333 1423 2376 per
1443 2326 1507 2367 te·
1532 2346 1565 2392 C

266 2385 404 2438 gulas,
432 2386 571 2441 primo
596 2390 820 2434 remittens
842 2399 1020 2446 peccata
1046 2392 1142 2449 ejus
1168 2392 1288 2451 (Luc.
1319 2398 1382 2447 v),
1416 2408 1511 2452 quae

269 2455 438 2499 fuerant
473 2470 605 2501 causa
647 2461 802 2514 morbi,
840 2462 941 2519 quia
975 2464 1088 2519 quod
1126 2466 1181 2509 ob
1222 2478 1398 2511 causam
1433 2469 1505 2519 lit,

268 2536 465 2573 cessante
492 2542 623 2575 causa
659 2545 832 2579 cessare
865 2535 991 2582 debet
1026 2537 1218 2584 effectus.
1253 2539 1303 2583 Et
1335 2548 1510 2598 propter

270 2601 460 2656 Scribas,
482 2612 524 2648 et
549 2606 806 2659 Pharisaeos,
833 2610 907 2665 qui
929 2611 1138 2667 putabant
1170 2625 1267 2656 eum
1307 2614 1510 2670 blaspbe-

267 2690 424 2727 masse,
444 2679 551 2722 dixit
572 2682 824 2737 paralytico,
861 2690 908 2727 ut
935 2690 1147 2741 surgeret,
1183 2694 1224 2730 et
1256 2687 1425 2731 tolleret
1448 2689 1510 2733 le-

266 2756 382 2793 ctum
405 2765 548 2795 suum.
578 2753 627 2797 Et
650 2755 853 2807 surrexit,
871 2763 912 2800 et
935 2758 1049 2811 tulit,
1074 2765 1116 2802 et
1139 2758 1261 2803 abiit.
1281 2759 1388 2813 Quia
1406 2774 1508 2819 ergo

266 2832 451 2875 constat,
464 2828 576 2882 quod
597 2840 675 2883 pro
693 2830 883 2884 peccatis
895 2831 1345 2891 quandoqueaegrotat
1358 2835 1504 2889 homo,

267 2897 458 2940 medicus
482 2899 660 2942 visitans
679 2911 856 2954 mgr-um,
884 2901 1023 2956 primo
1056 2903 1185 2947 debet
1207 2915 1305 2946 eum
1331 2915 1509 2948 monere

265 2968 319 3012 ad
345 2970 656 3025 poenitentiam,
682 2978 725 3016 et
747 2972 1065 3019 consessionem
1081 3007 1094 3026 ,
1135 2987 1191 3018 ne
1215 2981 1393 3031 peccato
1417 2988 1511 3018 ma·

269 3052 412 3094 ruente,
439 3052 643 3101 taliquam
671 3046 784 3091 ferro
810 3048 852 3090 in
872 3049 1074 3099 vulnere,
1100 3047 1261 3093 trustra
1292 3049 1350 3093 sit
1373 3050 1510 3092 mala-

271 3129 369 3172 gma
390 3130 619 3173 apponere.

484 3192 586 3237 Cir.
612 3191 752 3237 Lvnt.
771 3193 831 3237 De
858 3203 978 3251 puteo
1003 3195 1304 3243 Samaritarum.

328 3262 434 3306 Dum
459 3271 601 3308 autem
624 3266 894 3312 ascendisset
917 3269 959 3311 in
975 3265 1184 3324 Judaeam,
1205 3280 1248 3317 et
1266 3273 1424 3318 iterum
1446 3288 1510 3320 re·

270 3337 380 3380 diret
406 3340 447 3380 in
466 3338 698 3401 Galilaea-m,
718 3341 944 3395 oportebat
968 3356 1066 3387 eum
1106 3347 1291 3392 transire
1316 3362 1392 3405 per
1427 3348 1509 3392 Sa·

268 3408 465 3458 mariam,
487 3408 529 3451 id
556 3417 622 3454 cst
646 3423 721 3467 per
751 3412 967 3467 regionem
988 3446 999 3465 ‚
1041 3417 1165 3472 eujus
1202 3428 1330 3475 caput
1370 3420 1508 3465 iuerat
1535 3415 1568 3457 D
1591 3427 1792 3460 messem.
1824 3414 1947 3460 Unde
1967 3415 2247 3472 perpenditur
2267 3415 2422 3461 hiemis
2445 3423 2637 3473 tempore
2665 3416 2748 3460 boe
2772 3414 2837 3464 Γί-
2901 3431 2904 3435 ·

267 3478 461 3523 Samaria
486 3480 629 3537 (loun.
658 3490 735 3538 iv).
764 3484 926 3530 Civitas
951 3499 1054 3543 ergo
1085 3501 1242 3535 nomen
1280 3494 1506 3550 antiquum

270 3555 486 3605 amiserat,
511 3562 552 3600 et
589 3557 812 3602 dicebatur
842 3558 1045 3614 Sebaste,
1077 3564 1152 3606 sed
1195 3566 1312 3621 regio
1349 3580 1507 3612 nomen

270 3625 375 3669 illud
399 3628 650 3673 retinuerat
676 3628 865 3675 Veniens
881 3638 1024 3676 autem
1039 3632 1162 3690 juxta
1188 3635 1376 3691 Sichem,
1413 3653 1509 3696 quze

268 3706 471 3754 corrupte
492 3699 645 3744 Sichar
667 3703 893 3747 dicebatur
915 3709 947 3755 ⁶,
968 3712 1011 3750 et
1036 3714 1129 3751 erat
1149 3716 1304 3765 puteus
1338 3714 1380 3755 in
1398 3725 1510 3768 prae-

269 3770 356 3819 dio,
383 3771 496 3827 quod
515 3774 618 3815 erint
636 3774 770 3819 Jacob
792 3788 815 3819 a
839 3789 939 3834 rege
964 3778 1136 3832 Ilemor,
1171 3784 1287 3838 quod
1314 3790 1356 3826 ct
1391 3785 1509 3830 dedit

270 3842 357 3885 silio
381 3855 459 3886 suo
482 3843 657 3900 Joseph,
683 3853 726 3890 et
754 3847 953 3904 fatigatus
985 3863 1039 3894 ex
1070 3852 1222 3897 itinere
1249 3855 1361 3898 sedit
1379 3869 1510 3913 super

272 3921 446 3971 puteum
470 3917 618 3969 Jacob,
640 3919 711 3975 qui
733 3923 941 3967 hactenus
964 3926 1028 3969 sic
1047 3933 1227 3971 vocatus
1251 3929 1421 3975 suerat:
1457 3945 1511 3976 ex

270 3998 422 4034 eventu
441 4025 452 4041 ,
487 3995 559 4048 qui
595 3995 806 4050 sequitur,
832 4004 928 4052 post
949 3999 1251 4055 agnominatus
1273 4012 1339 4048 est
1355 4011 1510 4060 puteus

274 4062 570 4110 Samaritanae.
596 4066 704 4110 Sunt
728 4068 801 4123 qui
818 4068 968 4113 dicunt
990 4072 1130 4115 locum
1158 4074 1277 4119 iilum
1298 4089 1394 4122 esse
1415 4091 1511 4121 um·

273 4134 450 4180 bilicum
475 4144 599 4182 terrae
623 4146 783 4185 nostrae
801 4142 1067 4195 habitabilis,
1095 4149 1195 4202 quia
1217 4148 1398 4203 singulis
1433 4163 1512 4194 an-

275 4204 344 4250 nis
362 4208 546 4262 quadam
570 4211 639 4254 die
659 4213 819 4257 :estatis
842 4215 1077 4259 meridiana
1105 4217 1212 4261 hora
1242 4221 1306 4263 sol
1330 4221 1511 4265 descen·

273 4278 334 4322 dit
359 4281 403 4324 in
427 4295 579 4341 aquam
606 4285 962 4343 putei,nusquam
987 4289 1146 4336 faciens
1165 4294 1377 4346 umbram,
1396 4296 1511 4351 quod

275 4352 518 4409 philosophi
540 4357 652 4412 apud
673 4349 842 4404 Sienetn
861 4361 951 4405 fieri
977 4364 1262 4411 tradiderunt.
1287 4367 1384 4411 blco
1396 4369 1510 4414 enim

277 4423 438 4470 dictum
460 4434 608 4484 putant
631 4431 673 4475 in
686 4431 1035 4480 Deuteronomio:
1055 4453 1067 4477 ι
1086 4437 1510 4484 Constituiteumsu-

1295 98 1455 143 PETRI
1483 97 1832 145 COMESTORIS

290 191 466 248 obedire
491 188 1022 256 Deo-dogmatizaverunt
1045 188 1188 232 omnia
1207 189 1397 231 animata
1419 199 1530 233 esse.
1557 190 1593 236 A
1615 199 1692 243 per
1715 188 1930 232 excelsam
1956 197 2113 233 terram
2133 189 2275 248 (Dent.
2305 191 2461 249 xxxn).
2479 209 2502 236 »-
2522 192 2694 240 lverunt
2711 204 2852 244 autem

1574 1590 1694 1622 nem
1719 1581 1988 1638 quaestionis,
2010 1595 2106 1639 quae
2125 1582 2238 1628 inter
2263 1585 2382 1642 ipsos
2414 1593 2457 1631 et
2490 1586 2665 1635 Judaeos
2698 1603 2860 1637 versa-s

2741 89 2850 155 1³5oe

1607 259 1809 316 discipuli
1830 260 1873 303 in
1897 261 2066 314 urbem,
2091 268 2139 307 ut
2163 263 2286 308 cibos
2304 271 2516 318 emerent,
2539 267 2743 325 venitque
2764 283 2850 315 mu·
2889 295 2892 297 ·

1605 332 1686 375 lier
1705 332 1881 377 haurire
1915 345 2098 390 aquam,
2120 347 2218 392 quae
2259 334 2443 382 Domino
2483 340 2647 395 petenti
2687 343 2852 397 potum,

1607 405 1730 461 quasi
1760 410 1918 451 notans
1958 417 2087 458 eum,
2129 408 2236 452 dixit
2281 407 2453 457 Judaeos
2494 423 2583 456 non
2622 414 2739 464 couti
2778 412 2883 471 Sap

1605 479 1849 531 maritmis,
1872 492 2138 539 cognoscens
2159 495 2211 526 ex
2246 482 2428 531 fimbriis
2465 486 2584 542 pallii
2621 487 2852 535 Dominum
2889 518 2891 523 ·

1603 549 1797 594 Judaeum
1822 564 1935 596 esse.
1961 551 2205 598 Translatis
2222 554 2370 599 decem
2386 556 2603 611 tribubus,
2627 571 2704 604 rex
2717 558 2852 620 Assy-

1604 624 1767 667 riorum
1792 625 1913 669 misit
1931 623 2088 670 Persas
2111 631 2151 670 et
2171 626 2375 685 Assyrios
2397 630 2450 674 ad
2478 631 2748 676 incolendam
2768 633 2856 683 sib}
2878 646 2880 650 ’

1603 702 1779 740 terram.
1804 696 1885 750 Qui
1909 698 1964 743 ob
1987 705 2149 744 metum
2173 699 2364 746 serarum
2387 702 2521 749 libros
2556 704 2692 762 Moysi
2730 716 2855 756 recen

1601 779 1770 825 perant,
1796 779 1836 815 et
1860 771 2051 828 legitima
2071 781 2212 826 terrae,
2241 788 2323 825 nec
2343 781 2489 822 tamen
2529 779 2760 824 cessabant
2796 778 2858 841 ab·

1604 842 1869 888 idololatria.
1890 844 1970 897 Qui
1997 846 2139 902 primo
2152 848 2321 893 Cuthaei
2353 851 2494 894 vocati
2528 859 2647 906 sunt,
2682 847 2854 900 alluvio
2882 891 2885 894 Α

1600 915 1848 969 Persarum,
1878 924 1980 962 tunc
1998 925 2141 964 autem
2163 920 2423 966 Samaritani
2437 924 2712 979 dicebantur,
2725 915 2870 985 quaes

1600 980 1731 1033 medii
1772 990 1883 1035 iuter
1917 991 2089 1037 Judaeos
2122 999 2164 1038 et
2195 999 2360 1050 gentes.
2404 995 2672 1055 Quandoque
2708 1006 2879 1064 tame-w-

1598 1061 1734 1107 Judaei
1762 1070 2027 1124 vocaverunt
2048 1078 2123 1111 eos
2145 1066 2385 1122 samnitas,
2414 1071 2455 1115 id
2476 1079 2542 1116 est
2560 1073 2876 1130 supplantato-³

1600 1154 1682 1191 res,
1702 1141 1803 1197 quia
1823 1149 1981 1186 terram
2011 1142 2192 1194 fratrum
2214 1158 2413 1199 suorum,
2447 1162 2542 1205 qszae.
2573 1163 2649 1196 eos
2680 1153 2851 1197 contin·
2873 1174 2878 1201 ς

1599 1214 1741 1269 gebat,
1774 1215 1838 1260 eis
1863 1216 2264 1272 supplantaverant.
2298 1218 2460 1264 Horum
2495 1224 2604 1269 cibis
2634 1227 2871 1270 etvascu··²

1599 1285 1652 1330 lis
1670 1299 1758 1330 non
1783 1289 2013 1333 utebantur
2027 1289 2181 1335 Judaei.
2213 1290 2411 1350 Cumque
2433 1297 2720 1354 colloquendo
2750 1311 2881 1344 cum·-

1595 1356 1715 1410 Jesu,
1741 1361 1984 1417 accepisset
2005 1362 2059 1406 ab
2082 1375 2134 1406 eo
2166 1366 2285 1421 quod
2313 1366 2505 1424 quinque
2539 1371 2880 1428 virosfhabue-i·

1595 1438 1679 1482 rat,
1704 1437 1746 1476 ct
1779 1435 1888 1477 sexti
1925 1441 2019 1479 erat
2058 1438 2330 1492 concubina,
2366 1442 2459 1486 ait:
2502 1457 2517 1484 c
2558 1442 2695 1490 Video
2742 1447 2848 1503 quia
2871 1491 2873 1494 ,

1594 1505 1805 1562 propheta
1832 1514 1964 1552 estu.
1997 1525 2013 1551 ι
2034 1508 2096 1560 ‚Et
2122 1511 2268 1555 statim
2292 1514 2495 1569 quaesivit
2518 1515 2855 1578 determinatio·

1594 1651 1739 1698 batur,
1763 1653 1972 1700 Dicebant
1989 1658 2106 1703 enim
2141 1657 2281 1704 Judaei
2310 1661 2558 1718 proprium·
2582 1664 2724 1714 locum
2766 1666 2844 1711 ad·
2878 1655 2881 1658 ⁴

1594 1727 1749 1772 orandi
1772 1741 1869 1774 esse
1885 1727 2126 1776 Jerusalem
2142 1738 2184 1776 et
2210 1735 2417 1792 templum
2434 1750 2446 1790 ;
2462 1735 2724 1784 Samaritani
2746 1753 2848 1787 vero
2867 1765 2877 1786 ³-

1594 1810 1782 1847 montem
1802 1803 2007 1857 Garizim,
2047 1805 2093 1849 in
2122 1818 2211 1862 quo
2246 1808 2596 1866 antiquihpatres
2624 1813 2845 1869 ,adorave-

1593 1881 1712 1921 runt.
1735 1874 1864 1920 Jesus
1888 1882 2033 1922 autem
2053 1878 2161 1922 dixit
2189 1885 2358 1936 tempus
2379 1882 2554 1927 venisse
2574 1882 2618 1928 in
2639 1896 2742 1941 quo,
2767 1897 2847 1932 nee

1594 1949 1639 1992 in
1660 1946 1921 2002 Jerusalem,
1940 1963 2022 1995 nec
2044 1951 2089 1994 in
2120 1952 2355 1996 monteillo
2370 1953 2608 2000 adorarent
2627 1956 2848 2005 homines.
2906 1980 2908 1985 ’

1594 2022 1727 2075 Quasi
1758 2022 1963 2068 diceret:
1997 2022 2093 2068 Non
2127 2025 2314 2082 praefero
2344 2026 2489 2071 locum
2539 2029 2638 2080 loco
2682 2030 2730 2076 in
2768 2027 2876 2078 υἰέ

1593 2095 1774 2141 orando.
1800 2093 1973 2153 Ubique
1998 2098 2113 2142 enIm
2137 2098 2339 2144 adoretur
2356 2099 2471 2147 Deus
2494 2107 2663 2150 tantum
2688 2104 2733 2149 in
2756 2105 2847 2164 spi-

1593 2169 1680 2214 ritu
1698 2176 1741 2214 et
1759 2171 1957 2222 veritate,
1978 2170 2021 2215 id
2045 2178 2182 2217 estex
2208 2171 2456 2229 dilectione,
2474 2185 2579 2231 ‚quae
2599 2180 2667 2221 est
2694 2188 2725 2227 „a
2757 2177 2848 2236 spi·

1592 2241 1698 2289 ritu,
1718 2247 1762 2285 et
1780 2253 1860 2297 pro
1884 2240 1954 2286 his
1969 2254 2068 2298 quae
2088 2255 2186 2287 vera
2207 2249 2310 2287 sunt
2332 2275 2345 2295 ,
2378 2244 2421 2289 id
2435 2235 2502 2291 est
2532 2259 2611 2303 pro
2652 2249 2848 2295 aeternis.

1593 2310 1673 2356 Cui
1698 2313 1888 2357 mulier:
1914 2328 1929 2355 ι
1963 2312 2193 2372 Scioquod
2218 2315 2402 2362 Messias
2427 2317 2563 2370 venit,
2596 2335 2611 2361 ι
2639 2319 2680 2364 id
2700 2329 2766 2365 est
2799 2321 2851 2367 in.
2887 2342 2890 2343 ⁷

1592 2385 1790 2442 proximo
1809 2379 1876 2430 est
1895 2391 1943 2429 ut
1967 2387 2131 2431 veniat.
2175 2387 2306 2433 Forte
2341 2394 2384 2435 et
2414 2389 2675 2446 Samaritani
2721 2394 2844 2452 signa
2887 2407 2893 2439 ζ·

1591 2458 1802 2505 adventus
1836 2458 2012 2504 Domini
2064 2466 2338 2507 notaverant.
2386 2462 2568 2510 Messias
2601 2465 2841 2520 llebraice,
2891 2471 2893 2474 ⁴

1593 2530 1791 2576 Christus
1825 2531 2008 2587 Graece,
2043 2542 2196 2579 unctus
2249 2534 2420 2582 Latine.
2459 2536 2626 2584 Punice
2668 2552 2844 2600 quoque

1591 2615 1748 2655 messe,
1771 2603 1932 2648 dicitur
1954 2618 2073 2663 unqe.
2094 2604 2264 2663 Lingua
2290 2607 2408 2651 enim
2441 2606 2608 2654 Punica
2643 2617 2686 2656 et
2713 2610 2840 2671 Syra,
2883 2637 2894 2673 ,ἦ

1591 2676 1739 2722 affines
1758 2685 1860 2723 sunt
1882 2677 2087 2725 ssebraeae.
2130 2679 2243 2724 Dicit
2275 2681 2316 2725 ei
2353 2681 2520 2728 Jesus:
2557 2698 2573 2726 ‹
2612 2683 2702 2742 Ego
2725 2698 2844 2739 sunt,
2878 2677 2895 2744 Ξ

1590 2753 1664 2808 qui
1680 2751 1840 2807 ‚loquor
1878 2758 2038 2798 tecum.
2076 2768 2092 2795 ι
2129 2752 2320 2811 Reliquit
2353 2756 2511 2801 mulier
2546 2757 2760 2816 hydriam,
2784 2765 2841 2819 et

1590 2825 1699 2869 abiit
1723 2827 1767 2869 in
1791 2825 2028 2879 civitatem,
2055 2839 2238 2872 monens
2261 2828 2379 2873 cives
2401 2829 2567 2890 egredi,
2602 2831 2657 2874 ad
2689 2832 2840 2876 viden·
2884 2863 2895 2881 ;

1590 2898 1692 2942 dum
1715 2898 1952 2951 hominem,
1973 2901 2049 2957 qui
2072 2900 2242 2946 dixerat
2277 2903 2317 2947 ei
2348 2915 2619 2962 quaecunque
2658 2905 2840 2959 fecerat,
2872 2937 2891 2988 ⁴}

1589 2976 1633 3015 et
1649 2971 1853 3016 dicebat:
1880 2986 1896 3012 c
1934 2969 2139 3030 Nunquid
2170 2973 2242 3018 hic
2285 2982 2353 3020 est
2387 2974 2620 3022 Christus?
2641 2992 2656 3018 ι
2677 2975 2843 3023 Timuit
2872 2983 2890 3015 a*

1590 3057 1807 3097 asserere,
1836 3046 1951 3102 quod
1988 3047 2201 3100 audierat,
2224 3053 2268 3092 et
2292 3048 2519 3102 credebat,
2557 3061 2614 3095 ne
2643 3051 2725 3095 viri
2767 3050 2836 3096 in·
2884 3025 2914 3125 ξ

1589 3119 1872 3175 dignarentur
1903 3131 1928 3164 a
1950 3120 2131 3164 muliere
2161 3120 2336 3166 doceri.
2377 3121 2554 3167 Civibus
2581 3134 2684 3168 vero
2713 3134 2839 3181 egre-
2894 3156 2900 3191 :-
2916 3175 2917 3178 Ἴ

1590 3195 1811 3239 dientibus
1835 3187 2007 3239 vocavit
2029 3193 2270 3250 discipulos
2313 3193 2459 3247 Jesus,
2496 3201 2540 3253 et
2563 3196 2639 3252 ait,
2670 3202 2840 3254 segete·

1589 3275 1764 3324 paratas
1785 3266 1839 3311 ad
1857 3280 2061 3320 messem,
2081 3268 2124 3311 id
2152 3273 2220 3311 est
2254 3274 2428 3324 paratos
2461 3268 2516 3312 ad
2554 3269 2861 3326 credendum„
2915 3326 2917 3330 Α

1590 3355 1687 3387 cum
1709 3349 1853 3386 tamen
1878 3342 2022 3386 adhuc
2057 3348 2339 3399 superessent
2367 3349 2558 3400 quatuor
2588 3355 2759 3402 menses
2781 3340 2863 3389 ss·
2916 3356 2919 3362 ·

1589 3494 1723 3534 ctum.
1745 3487 1873 3535 Jesus
1911 3494 2056 3533 autem
2089 3488 2143 3532 ad
2182 3489 2434 3546 petitionem
2471 3501 2622 3534 eorum
2658 3489 2840 3554 intravit

1590 3563 1757 3614 urbem,
1776 3568 1820 3607 et
1839 3563 2000 3608 mansit
2026 3562 2086 3606 ibi
2109 3562 2276 3619 aliquot
2301 3562 2412 3616 dies,
2431 3556 2479 3607 et
2495 3562 2622 3606 multi
2640 3560 2866 3611 (;ι·οι1ἰιΙο-’«,Δ

1589 3642 1690 3679 runt
1710 3636 1752 3680 in
1772 3648 1892 3681 eum.
2844 3656 2857 3689 χ
2899 3675 2924 3712 ἰ

1645 3709 1834 3752 ‘Additio
1854 3710 1894 3754 t.
1921 3707 2094 3753 Siebem
2121 3709 2249 3754 modo
2270 3708 2429 3752 dicitur
2459 3707 2657 3766 Neapoli,
2677 3715 2855 3766 quarto,
2901 3703 2924 3777 ζῑ1

1590 3783 1791 3826 milliario
1815 3795 1838 3825 a
1861 3780 2040 3826 Sebaste
2059 3781 2243 3825 distans.
2262 3779 2307 3823 ln
2327 3793 2380 3824 ea
2398 3780 2524 3836 juxta
2549 3779 2712 3823 iontem
2735 3778 2860 3824 fecit
2922 3822 2924 3828 ,

1588 3855 1817 3900 Jeroboam
1839 3856 2016 3907 vitulos,
2041 3867 2151 3911 quos
2171 3856 2317 3911 posuit
2339 3855 2382 3898 in
2406 3853 2574 3907 Bethel,
2596 3858 2639 3897 et
2660 3853 2704 3897 in
2722 3851 2836 3902 Dan.
2868 3887 2870 3889 .
2912 3878 2914 3901 r

1590 3930 1704 3989 quod
1726 3935 1792 3974 est
1817 3943 1901 3973 uno
1914 3929 2115 3972 milliario
2133 3940 2157 3971 a
2173 3928 2362 3972 sichem.
2745 3945 2747 3947 ·

1909 4001 2013 4046 Car.
2033 3999 2140 4045 mx.
2166 4000 2229 4045 De
2250 4000 2509 4057 filio-repuli.
2856 4047 2858 4052 ,

1646 4073 1773 4119 Venit
1801 4075 2113 4119 autemit‘eruin
2135 4073 2180 4117 in
2208 4072 2325 4117 Cana
2349 4071 2534 4116 Galilaeae
2554 4083 2577 4114 a
2598 4068 2786 4122 Judaeae
2818 4088 2821 4093 r
2891 4070 2912 4139 ’ἶ

1589 4161 1718 4205 quam
1742 4148 1994 4209 ascenderat
2018 4145 2163 4204 (loen.
2185 4145 2262 4203 tv).
2282 4144 2337 4188 Et
2363 4153 2456 4190 erat
2475 4144 2534 4188 ibi
2558 4143 2733 4200 quidam
2760 4153 2832 4186 re-
2855 4148 2861 4203 s
2883 4178 2910 4197 ,ἡ

1590 4222 1732 4278 gntus,
1756 4221 1798 4264 id
1821 4227 1887 4267 est
1906 4222 1961 4267 de
1982 4220 2294 4278 potentioribus
2315 4217 2440 4263 teri-ae
2465 4218 2545 4263 sub
2566 4216 2835 4287 rege,‘cu1us
2883 4233 2912 4291 ιν

1591 4291 1704 4335 filius
1729 4282 2042 4342 infirmabatur.
2067 4304 2166 4346 ‘non
2197 4291 2241 4334 in
2275 4290 2410 4342 Cana,
2449 4290 2533 4354 sed>
2559 4289 2603 4333 in
2641 4287 2834 4345 Caphar·

1590 4377 1735 4408 naum.
1762 4364 1813 4414 Et
1836 4359 2014 4422 rogabat
2034 4364 2280 4416 Dominum,
2309 4370 2356 4407 ut
2387 4361 2667 4407 descenderet
2695 4366 2835 4405 etcu-
2869 4382 2908 4412 ·,

1594 4445 1707 4483 taret
1745 4439 1876 4482 lilium
1909 4450 2051 4484 suum.
2091 4436 2174 4490 Qui
2211 4435 2467 4490 redargutus
2493 4441 2559 4479 est
2582 4446 2605 4477 a
2631 4431 2836 4484 nomino,
2862 4443 2904 4452 ·’

2866 4546 2885 4588 i
2904 4551 2907 4588 ;

2789 4069 2806 4112 nu·
