2924 4588
261 58 347 105 45⁹

268 144 511 190 obedienter
523 85 789 196 adimpletug
814 136 865 178 Et
886 131 1179 191 quiajtilarem
1213 130 1396 172 datorem
1420 127 1485 169 di·
1508 127 1543 172 A

270 219 358 272 tigit
373 221 479 258 vens
493 213 559 269 (ΙΙ
573 212 666 255 Cor.
681 223 737 260 ix,
762 209 817 263 7),
837 206 958 263 quasi
975 206 1155 261 perlecta
1177 197 1370 249 le-tione.
1387 211 1483 243 cum

267 294 395 331 cantu
417 284 734 341 responwrium
775 280 944 328 dicitur,
972 274 1072 322 dum
1097 282 1220 331 prout
1242 273 1483 329 praecedens

269 357 507 416 praedicatio
538 354 800 405 instruxerit,
843 364 952 407 opus
980 351 1136 394 bonum
1155 360 1251 391 cum
1274 347 1486 389 hilaritate

268 429 550 484 subsequitur.
590 423 919 480 Responsorium
966 420 1189 476 siquidem,
1225 425 1270 461 ut
1293 419 1427 468 scitis,
1460 429 1485 459 a

267 499 557 557 respondendo
572 498 749 541 dicitur:
771 502 812 538 et
824 493 1135 550 quodammodo
1151 493 1293 535 audita
1307 492 1485 535 lectione

267 571 580 628 responsorium
598 568 718 617 dicia,
742 568 840 610 dum
869 566 1094 621 alloquenti
1131 571 1170 608 te
1191 577 1264 619 per
1281 564 1487 619 praealica-

265 644 423 686 tionem
465 653 600 691 suam,
641 640 803 683 doctori
850 639 956 682 bene
997 637 1211 693 operando
1234 636 1482 691 respondes·

268 714 383 758 Unde
409 718 451 756 ct
477 712 528 756 de
554 712 824 767 responsorio
856 711 966 767 qnod
1005 717 1099 765 post
1128 711 1347 753 lectlonem
1383 721 1486 765 apo·

265 788 361 832 stoli
384 798 457 830 seu
470 786 649 838 alicujus
673 785 887 840 prophetae
904 784 956 827 ad
977 784 1150 827 missam
1170 783 1329 827 dicitur
1352 799 1362 826 ε
1387 783 1487 839 qui-

264 860 359 903 dam
380 870 463 902 non
507 858 647 901 minus
674 857 821 906 nitide,
848 869 974 913 quam
1012 857 1219 901 veraciter
1241 856 1396 901 cecinit
1439 856 1485 901 in

264 928 375 972 hunc
396 931 566 971 modum
586 928 730 972 dicens
756 927 867 984 (255)
897 944 906 970 ;

398 1001 534 1045 Lectio
556 1015 647 1059 quoe
662 1003 843 1058 sequitur
862 1001 1091 1046 doctrinam
1110 1002 1248 1058 niquat
1273 1015 1432 1055 eorum,

454 1073 534 1126 Qui
555 1081 649 1116 sunt
671 1075 891 1128 proemissi,
910 1073 1169 1129 septuaginta
1191 1073 1305 1123 dno:

399 1144 572 1188 Illorum
594 1147 774 1196 monitis,
799 1146 898 1188 dum
921 1147 1178 1199 responsoria
1208 1153 1367 1199 cantat,

452 1215 824 1260 Edocetauensum
847 1230 888 1259 se
913 1217 1102 1260 tribuisse
1124 1216 1287 1261 chorus.

318 1283 366 1331 V.
412 1286 538 1333 Prius
592 1289 734 1345 itaque
778 1290 921 1339 lectio,
954 1296 1101 1345 postea
1141 1288 1482 1346 responsorium.

260 1358 366 1412 Quia
404 1372 479 1416 per
523 1362 864 1418 praedicationem
914 1362 1095 1416 credes;
1155 1362 1335 1409 credens
1375 1359 1485 1409 bene

260 1431 465 1487 operaria.
489 1436 535 1475 ut
558 1433 685 1485 idem,
730 1433 783 1478 de
817 1445 902 1489 quo
924 1435 1122 1492 superius
1150 1437 1398 1480 memoriam
1421 1434 1481 1482 fe-

258 1501 412 1554 cimus,
452 1503 510 1546 ait
534 1503 665 1561 (25⁴).

393 1571 524 1616 Audis
540 1580 584 1615 ut
599 1573 758 1626 endas,
784 1577 882 1632 quia
896 1575 1029 1619 credis
1050 1582 1097 1620 ut
1110 1574 1246 1621 hostia
1261 1578 1357 1634 fias.

451 1642 608 1688 Taliter
631 1644 851 1701 incipimus
868 1660 972 1698 esse,
996 1654 1218 1704 sumusque
1250 1648 1343 1693 Dei.

313 1710 364 1756 Et
387 1718 433 1756 ut
453 1713 683 1769 Apostolus
720 1716 804 1761 ait:
847 1716 970 1761 Fides
992 1731 1044 1763 ex
1095 1720 1271 1762 andita:
1315 1721 1482 1766 auditus

257 1791 391 1828 autem
411 1798 484 1840 per
506 1787 669 1832 verbum
694 1789 850 1834 Christi
874 1791 1007 1849 (Rom.
1027 1805 1070 1845 x,
1095 1793 1182 1850 1⁸1).
1221 1794 1310 1839 Hoc
1329 1801 1395 1840 est
1416 1796 1483 1840 di-

255 1867 350 1901 cere
373 1862 691 1915 responsorium
726 1862 849 1907 bonae
883 1866 1066 1909 actionis
1087 1878 1139 1911 ex
1178 1867 1360 1912 lectione
1382 1881 1483 1925 pro-

255 1929 366 1973 cedit
390 1943 503 1975 sanae
518 1934 847 1989 praedicationis.
872 1935 980 1980 Dicit
1003 1939 1103 1982 item
1116 1939 1208 1996 ipse
1233 1956 1242 1983 :
1266 1940 1481 1994 Quomodo

255 1999 418 2043 credent
436 2004 491 2054 ei,
516 2018 632 2061 quem
652 2020 731 2048 non
749 2007 995 2054 audierunt?
1026 2012 1229 2066 quomodo
1253 2020 1388 2056 autem
1406 2028 1483 2058 au-

253 2077 365 2121 dient
386 2079 471 2122 aine
483 2080 762 2134 praedicante?
782 2080 911 2139 (laid.
930 2082 1017 2140 it.)
1033 2082 1167 2136 Quasi
1184 2086 1252 2130 bis
1269 2087 1479 2140 alludens,

255 2163 349 2207 quae
369 2152 410 2195 in
434 2153 631 2197 manibus
653 2153 859 2201 babemus
881 2155 1138 2201 subinferat.
1162 2157 1383 2212 Quomodo
1406 2162 1481 2207 de·

255 2235 355 2267 cens
370 2232 435 2267 est
464 2230 511 2267 ut
551 2228 871 2281 responsorium
910 2228 1056 2272 dicant
1093 2236 1193 2274 ante
1229 2232 1481 2278 lectionem?

256 2295 474 2348 Quomodo
506 2305 646 2343 autem
690 2301 912 2346 lectionem
935 2303 1112 2349 audient
1147 2305 1240 2350 sine
1294 2307 1490 2366 legente?

258 2369 310 2412 Et
344 2378 483 2416 tamen
526 2374 584 2415 ita
627 2372 680 2418 de
719 2375 938 2420 modernis
980 2383 1113 2433 agunt
1138 2382 1351 2435 nonnulli,
1387 2390 1489 2443 quia

258 2443 439 2498 prompti
451 2443 620 2499 quidem
634 2446 688 2490 ad
703 2447 983 2493 audiendum:
1008 2451 1116 2506 pigri
1135 2452 1187 2494 ad
1206 2460 1486 2510 operandum.

258 2511 356 2570 Legi
379 2515 550 2570 quidem
580 2518 642 2562 eis
674 2519 899 2564 lectionem
938 2522 1117 2577 volunt;
1160 2525 1234 2569 sed
1259 2541 1490 2587 responso-

259 2586 367 2628 rium
392 2586 532 2632 dicere
562 2591 727 2635 nolunt.
755 2590 976 2638 imitantes
1001 2596 1138 2648 illum,
1182 2599 1236 2646 de
1260 2615 1347 2658 quo
1385 2606 1490 2652 dicit

259 2654 475 2709 Salomon,
501 2661 600 2715 quia
629 2675 682 2717 qu
710 2663 737 2704 d
779 2663 902 2722 dicis,
938 2667 1149 2725 intelliqit,
1186 2679 1224 2715 et
1248 2678 1489 2731 respondere

254 2733 475 2775 contemnit
496 2733 637 2789 (Pr-ov.
659 2749 777 2787 xxix,
807 2737 890 2795 19),
918 2737 1002 2784 Vos
1019 2748 1177 2795 autem,
1204 2747 1375 2800 fratres,
1399 2763 1485 2796 non

256 2804 333 2848 sic.
357 2803 494 2850 Vultis
516 2808 664 2853 audire
689 2813 825 2853 virum
849 2818 1061 2866 sanctum,
1088 2825 1204 2861 recte
1228 2819 1282 2863 de
1305 2820 1371 2866 his
1389 2836 1488 2867 sen-

255 2875 462 2919 nentem?
486 2876 682 2935 Loquere,
724 2880 912 2936 Domine,
949 2885 1046 2940 quia
1089 2887 1205 2930 audit
1228 2903 1367 2935 servus
1391 2902 1484 2938 tuus

257 2947 294 3002 (f
338 2946 432 3003 Req.
480 2962 547 3000 ιιι,
593 2951 677 3006 to).
722 2951 892 2998 Samuel
937 2955 1007 2998 liic
1048 2966 1140 3000 erat
1159 2972 1262 3015 puer
1293 2973 1483 3012 sanctus.

258 3018 439 3065 Sanctus
469 3036 639 3079 quoque
682 3027 853 3081 quando
897 3030 1053 3079 senuit,
1078 3037 1120 3074 et
1147 3034 1353 3079 incanuit.
1397 3038 1484 3083 Nec

256 3094 392 3147 potuit
407 3107 501 3137 eum
521 3097 645 3140 bomo
662 3109 683 3139 a
708 3099 890 3153 pueritia
907 3113 1040 3157 usquc
1060 3104 1114 3146 ad
1141 3114 1399 3153 senectutem
1415 3123 1487 3155 ac-

256 3177 422 3211 cusare.
440 3166 683 3214 Laud-abilis
706 3178 836 3224 ccrte,
862 3179 908 3216 ut
948 3175 1073 3232 vulgo
1108 3177 1279 3231 dicitur,
1301 3194 1376 3238 per
1394 3196 1487 3226 om-

256 3238 326 3282 nia
352 3239 460 3290 dies,
483 3242 606 3298 cujus
631 3255 654 3286 a
676 3257 801 3289 mane
824 3259 957 3302 usque
980 3250 1032 3292 ad
1068 3263 1286 3307 vesperam
1311 3255 1483 3301 claritas

256 3321 342 3354 non
371 3311 527 3356 delicit.
567 3314 687 3367 Quod
713 3319 884 3369 auditis,
931 3320 1108 3378 toquere,
1134 3324 1187 3367 ad
1222 3326 1477 3382 lectionem3
1507 3335 1540 3378 Ι)

256 3382 369 3437 quod
411 3397 508 3429 vero
555 3389 697 3432 statim
737 3391 1025 3437 subinfertur:
1065 3396 1163 3450 quia
1190 3398 1309 3442 audit
1345 3413 1485 3444 servus

258 3462 367 3506 tuus,
394 3458 447 3500 ad
470 3463 788 3516 responsorium
826 3468 1024 3521 pertinet,
1058 3472 1156 3524 quia
1189 3471 1370 3517 lectione
1390 3486 1487 3530 per—

260 3526 364 3570 lecta
378 3531 521 3573 statim
547 3536 865 3589 responsorium
879 3539 1076 3583 cantabo.
1093 3540 1142 3583 Et
1159 3542 1211 3585 de
1229 3542 1296 3587 his
1305 3543 1357 3586 ad
1380 3558 1484 3600 prae-

259 3610 372 3646 sens,
398 3601 581 3647 breviter
602 3607 772 3662 quidem
791 3625 799 3651 :
827 3609 1026 3659 fortassis
1049 3629 1132 3659 non
1147 3615 1381 3663 infructose
1397 3619 1486 3663 brec

258 3667 370 3712 dicta
394 3679 506 3716 sunt.

313 3741 382 3786 vt.
411 3744 467 3789 De
490 3747 568 3791 hoc
592 3758 730 3795 autem
754 3756 866 3811 quod
894 3757 961 3800 liic
981 3758 1064 3802 dici
1089 3760 1248 3805 auditis
1266 3762 1319 3806 de
1338 3762 1485 3806 Domi·

258 3827 330 3868 no,
352 3819 466 3872 quod
484 3833 734 3876 egressurus
756 3829 811 3871 sit
834 3829 885 3873 de
901 3829 1177 3884 Samaria,ad
1202 3842 1367 3891 portam
1390 3849 1484 3893 quae

258 3889 431 3943 respicit
456 3891 507 3934 ad
526 3894 746 3947 orientem,
772 3906 813 3943 et
835 3909 1039 3947 venturus
1052 3905 1095 3947 in
1115 3904 1376 3959 Bethlehem,
1392 3920 1483 3951 am·

255 3958 410 4006 balans
433 3978 558 4020 super
576 3981 706 4024 aquas
726 3972 1027 4029 redemptionis
1047 3977 1196 4024 Judae:
1229 3982 1262 4024 si
1295 3982 1365 4039 pie
1389 3983 1462 4038 pul

259 4034 380 4083 catis,
406 4037 542 4081 aderit
566 4053 615 4083 ex
634 4055 750 4086 more
768 4046 898 4090 clavis
920 4046 1070 4100 David,
1092 4053 1162 4106 qui
1180 4054 1327 4106 operit,
1352 4060 1391 4096 et
1413 4067 1485 4098 ne·

259 4115 326 4146 ma
342 4104 495 4148 claudit
520 4120 535 4157 ς
566 4110 723 4154 claudit
763 4120 801 4166 et
843 4129 958 4158 nemo
999 4121 1130 4173 aperit
1164 4122 1307 4177 (Apoc.
1332 4135 1398 4176 ιιι,
1423 4123 1485 4182 7).

258 4173 345 4219 Nec
369 4179 584 4233 patiemini
624 4185 835 4232 ullatenus
868 4191 1084 4246 repulsam
1121 4195 1176 4239 ab
1205 4208 1274 4248 co,
1298 4198 1485 4254 quipul·

1502 2265 1535 2310 C

315 4263 431 4322 (²5³)
463 4268 729 4319 ”wolbertus
746 4274 905 4323 Turon.
931 4279 1119 4337 archiep.
1140 4283 1183 4327 ιη
1206 4296 1316 4329 vers.
1338 4284 1399 4329 oe
1419 4286 1567 4343 sacrif.
1594 4291 1749 4336 mmoe.
1768 4291 1875 4339 viae
1892 4293 2090 4339 ιιιιιοιιι.
2112 4293 2190 4339 ss.
2217 4293 2334 4341 Patr.
2353 4279 2461 4347 tm.
2480 4291 2571 4338 xii.

315 4319 429 4378 (254)
454 4323 535 4376 Qui
555 4339 700 4383 supra.

1134 36 1302 83 Anam
1331 27 1916 93 PRAEMONSTRATENSIS

1566 122 1760 166 santibus
1781 119 1918 175 aperit
1963 117 2189 162 thesauros
2232 112 2526 170 absconditos,
2562 119 2608 159 et
2649 101 2818 171 arcani*

1565 201 1829 237 secretorum
1854 190 1946 247 (Isa
1965 202 2062 241 xcv,
2083 189 2143 246 3).
2190 186 2295 230 Mihi
2317 192 2460 230 autem
2484 186 2668 240 videtur,
2691 184 2822 255 quo}

1564 264 1774 322 profunda
1807 263 2002 320 quaedam
2043 274 2092 305 ac
2113 260 2294 318 mystica
2340 259 2386 303 in
2409 258 2478 302 his
2513 253 2822 319 continentut‘>

1565 338 1685 382 Sicut
1707 336 1822 382 enim
1855 348 1953 379 cum
1989 345 2135 377 arcam
2163 332 2350 388 aliquam
2373 331 2567 376 clausam
2604 330 2770 376 manib

1565 409 1941 467 apprehendimus,
1960 419 2013 450 ex
2027 405 2138 449 mole
2155 409 2197 448 et
2223 398 2411 461 pondere
2432 403 2544 459 eius,
2580 401 2694 446 intra
2720 422 2724 427 ·
2774 407 2780 412 ’
2806 419 2813 449 ³.

1563 485 1698 528 multa
1739 482 1872 525 latere
1915 479 2153 531 sentimus3
2199 477 2299 520 lic-et
2347 474 2452 532 quid
2479 475 2525 519 in
2559 487 2611 520 ea
2634 475 2756 534 sit,p

1563 569 1613 601 eo
1671 554 1787 611 quod
1843 553 1992 596 clausa
2049 556 2150 595 sunt
2197 548 2343 593 omnia
2387 547 2648 593 intrinsecus
2689 559 2760 606 po
2776 543 2817 602 ἦ*

1564 638 1621 679 ta,
1667 627 1844 673 omnino
1878 625 2122 669 nesciamus
2164 622 2226 665 ita
2278 632 2392 677 saepe
2425 620 2471 664 in
2513 615 2812 665 saetosam*

1563 697 1646 756 45
1662 697 1817 741 divinae
1833 695 1998 753 paginae
2013 692 2254 744 sententiis,
2274 704 2326 735 ex
2347 690 2490 735 verbis
2508 690 2603 746 ejus
2620 691 2802 748 gravid‘

1564 768 1775 827 profunda
1799 782 1850 813 ac
1873 769 2055 825 mystica
2083 767 2215 810 latere
2239 769 2510 810 sacramenta
2534 764 2790 820 conjicimus
2803 766 2817 822 j,

1563 855 1807 900 quanquam
1843 840 2026 886 necdum
2069 838 2270 883 revelatis
2313 849 2390 893 per
2430 837 2630 894 spiritum
2671 836 2798 881 oculi

1563 915 1719 958 mentis
1735 919 1894 958 nostrae
1914 913 2008 967 ejus
2033 910 2239 954 interiora
2261 908 2409 953 videre
2434 907 2671 953 valeamus.
2696 906 2779 962 Qui
2809 912 2821 974 ἰζ

1564 986 1695 1044 igitur
1707 986 1833 1030 nobis
1850 984 2077 1040 agendum,
2091 983 2175 1026 nisi
2187 988 2233 1025 ut
2245 980 2630 1046 tandiu-pulsemus
2645 981 2786 1038 quoad
2804 976 2806 978 ’
2822 975 2831 986 ”

1565 1071 1701 1116 usque
1722 1059 1845 1102 nobis
1870 1055 2116 1114 aperiatur?
2136 1054 2231 1099 Non
2261 1054 2376 1099 enim
2413 1053 2563 1099 fallere
2583 1053 2722 1107 novit,
2744 1054 2809 1109 si-

1563 1139 1637 1176 cut
1661 1143 1741 1176 nec
1771 1143 1958 1187 unquam
1993 1127 2083 1173 falli
2115 1129 2271 1186 potuit,
2301 1126 2378 1185 qui
2415 1127 2502 1173 ait':
2533 1122 2741 1185 Pulsate,

1563 1205 1770 1260 aperietur
1795 1202 1906 1247 vobis
1933 1201 2067 1260 (Luc.
2101 1213 2152 1254 11,
2173 1201 2234 1258 9).
2253 1200 2306 1245 ΕΙ,
2328 1206 2428 1259 post
2451 1212 2614 1258 pauca:
2644 1208 2686 1246 et
2714 1201 2817 1259 pul-

1562 1277 1690 1328 tantt',
1714 1276 1870 1333 inquit,
1896 1275 2103 1330 aperietur
2135 1271 2254 1333 (ibid.
2281 1272 2370 1331 ¹0).
2392 1271 2490 1318 Non
2503 1285 2609 1331 ergo
2628 1273 2792 1325 claudit
2808 1328 2812 1335 .

1562 1349 1666 1407 quin
1693 1348 1923 1405 aliquando
1953 1347 2146 1404 aperiat,
2169 1345 2245 1391 sed
2269 1351 2320 1390 ut
2347 1344 2402 1390 ad
2432 1345 2692 1411 pulsandum
2726 1358 2824 1400 noy.

1562 1419 1711 1465 avidos
1731 1420 1898 1466 reddat.
1933 1418 2029 1463 Non
2061 1419 2202 1463 solum
2232 1423 2394 1469 autem,
2421 1417 2498 1463 sed
2521 1422 2570 1462 ut
2594 1423 2683 1462 tam
2707 1430 2787 1477 gra
2814 1445 2825 1461 .-

1561 1494 1665 1538 tiam
1686 1493 1948 1551 aperientem
1970 1491 2282 1544 collaudemus,
2309 1501 2440 1548 quam
2465 1495 2662 1549 apertum
2685 1502 2774 1536 no·
2796 1508 2816 1530 τ.

1560 1569 1778 1613 internum
1799 1571 2011 1611 secretum
2042 1565 2290 1623 diligamus.
2314 1563 2446 1622 Aperi
2470 1576 2592 1622 ergo,
2613 1562 2811 1619 Domine,

1561 1641 1705 1686 nobis.
1727 1638 1839 1693 Quid
1860 1644 1927 1683 est
1948 1638 2095 1695 egredi
2109 1638 2163 1684 de
2177 1635 2401 1682 Samaria?
2413 1636 2821 1695 Egrederefluw,

1561 1713 1616 1758 ad
1634 1726 1716 1758 nos
1731 1713 1785 1758 de
1809 1712 2004 1757 Samaria
2028 1713 2134 1765 hac,
2160 1712 2208 1756 ιιι
2226 1711 2310 1757 iste
2338 1719 2458 1766 tuns,
2491 1712 2545 1758 de
2574 1723 2662 1770 quo
2681 1710 2812 1757 modo

1560 1789 1730 1844 loquor,
1763 1798 1968 1844 egressus
1999 1785 2055 1831 de
2086 1784 2300 1838 Samaria,
2329 1785 2493 1831 indicet
2522 1785 2672 1840 nobis,
2707 1785 2812 1844 quid

1561 1862 1617 1906 sit
1647 1859 1848 1919 teegredi
1878 1860 1932 1907 de
1965 1859 2179 1906 Samaria.
2210 1859 2320 1904 Nam
2347 1873 2373 1905 a
2396 1859 2609 1913 Samaria,
2634 1859 2813 1916 fratres.

1560 1941 1702 1992 potest
1733 1933 1897 1992 aliquid
1929 1933 2033 1979 boni
2054 1934 2184 1979 esse?
2214 1933 2398 1978 multum
2419 1935 2498 1992 per
2520 1944 2691 1978 omnem
2717 1943 2825 1980 mo·-

1559 2009 1677 2053 dum.
1696 2007 1804 2052 Nam
1826 2007 2044 2065 quomodo
2071 2019 2161 2052 non
2181 2007 2367 2052 multum
2399 2006 2504 2052 boni
2538 2019 2563 2050 a
2595 2003 2821 2065 Samaria:

1560 2095 1659 2128 cum
1674 2084 1826 2140 etipse
1844 2081 2053 2127 Dominus
2074 2082 2222 2139 egredi
2238 2081 2412 2126 dicatur
2433 2081 2488 2126 de
2511 2079 2744 2126 Samaria?
2805 2107 2808 2110 -

1615 2155 1705 2201 Vll.
1737 2156 1791 2200 Et
1823 2156 2022 2213 quidem,
2048 2162 2097 2200 ut
2130 2156 2270 2207 scitis,
2306 2155 2417 2201 viles
2454 2154 2569 2213 apud
2605 2154 2818 2213 populun

1561 2230 1731 2276 Domini
1747 2229 1964 2287 quondam
1987 2229 2258 2274 habebantur
2279 2227 2558 2281 Samaritani,
2573 2235 2656 2274 nec
2679 2227 2816 2274 ullam
2912 2228 2915 2231 ’

1570 2316 1667 2348 cum
1697 2303 1761 2348 eis
1783 2304 2131 2348 communionem
2166 2303 2326 2348 babere
2362 2301 2667 2360 dignabantur,
2687 2301 2815 2358 iuxta
2846 2315 2848 2319 ’

1570 2375 1672 2420 illud
1685 2391 1695 2420 ε
1710 2373 1810 2419 Non
1822 2377 1931 2419 enim
1944 2382 2169 2419 coutuntur
2176 2374 2206 2418 J
2210 2375 2317 2419 udoei
2325 2374 2609 2422 Samot-itania
2620 2369 2846 2440 (Ioanne-V

1569 2449 1628 2506 0).
1648 2447 1768 2494 Unde
1785 2462 1883 2493 cum
1894 2462 2024 2495 verus
2036 2450 2107 2493 ille
2122 2448 2313 2502 lud-aeus,
2328 2449 2403 2506 qui
2416 2451 2648 2511 confitetur
2658 2448 2818 2496 videli-·
2842 2472 2845 2477 2

1569 2531 1634 2567 cet
1647 2522 1828 2571 Domino
1837 2522 1954 2566 Patri
1964 2523 2062 2567 coeli
2079 2528 2273 2571 etterrae.
2283 2523 2357 2579 qui
2367 2521 2596 2567 abscondit
2605 2533 2629 2566 a
2645 2522 2814 2580 sapien·
2837 2515 2845 2572 Ϊ,

1569 2598 1684 2642 tibus
1698 2603 1741 2642 et
1763 2597 2064 2654 prudentibus,
2079 2608 2174 2653 quae
2186 2597 2345 2641 revelat
2359 2596 2553 2652 parvulis
2565 2594 2738 2655 (natm.
2757 2604 2808 2660 ιι,
2831 2622 2845 2649 3
2920 2617 2922 2620 v

1566 2669 1639 2727 25)
1660 2682 1759 2714 cum
1783 2676 1905 2716 sexta
1918 2676 2042 2714 aetate
2059 2670 2206 2713 mundi
2221 2670 2403 2713 instaret
2422 2669 2546 2723 hora,
2563 2681 2649 2727 qua
2662 2667 2812 2729 fatiga-
2839 2671 2844 2681 ²

1566 2746 1638 2786 tus
1656 2754 1710 2786 ex
1727 2742 1882 2786 itinere
1901 2741 2045 2799 (Joan.
2060 2742 2174 2799 iv,6)
2188 2741 2464 2787 mortalitatis
2477 2743 2727 2799 assumptae,
2740 2754 2806 2789 ae*-
2840 2742 2848 2770 ²
2915 2741 2917 2743 ’

1566 2814 1686 2859 deret
1704 2827 1836 2870 super
1854 2814 2049 2866 fontem,
2072 2814 2306 2861 humilians
2332 2828 2380 2860 se
2405 2816 2449 2860 in
2482 2815 2810 2862 similitudinem
2839 2862 2841 2867 ,
2920 2831 2921 2835 ’

1565 2889 1709 2932 carnis
1732 2889 1898 2945 peccati
1923 2887 2059 2945 (Rom.
2077 2900 2175 2941 vin,
2196 2889 2256 2947 5),
2280 2894 2323 2934 et
2356 2901 2382 2931 a
2407 2889 2488 2935 tide
2522 2889 2728 2935 Ecclesiae
2755 2889 2811 2936 de
2842 2930 2845 2937 ,

1566 2961 1765 3017 gentibus
1782 2974 1828 3006 se
1845 2967 2009 3018 peteret
2020 2963 2185 3018 potari:
2211 2963 2362 3019 ignara
2374 2963 2566 3020 mysterii
2579 2964 2748 3016 mulier,
2765 2967 2813 3009 et
2846 2995 2854 3027 3

1565 3035 1762 3080 nesciens
1794 3034 1954 3080 donum
1977 3035 2068 3088 Dei,
2088 3049 2170 3082 nec
2189 3036 2288 3097 quis
2309 3042 2418 3088 erat,
2443 3037 2517 3092 qui
2539 3034 2650 3081 dixit
2668 3037 2724 3082 ei.
2746 3034 2809 3082 Da
2831 3036 2834 3040 “

1563 3105 1668 3148 milii
1694 3106 1856 3159 bibere,
1883 3120 1962 3151 nec
1980 3108 2129 3153 valens
2152 3106 2205 3151 ad
2223 3119 2321 3153 eum
2344 3107 2506 3160 venire,
2535 3107 2621 3153 nisi
2642 3107 2811 3155 fidelem

1565 3177 1795 3222 adduceret
1821 3180 2100 3234 intellectum,
2133 3180 2273 3225 virum
2293 3180 2460 3230 scilicet
2480 3190 2641 3224 vocans
2664 3187 2827 3236 sunm,
2912 3174 2921 3204 ‘3

1562 3263 1657 3307 qnae
1680 3254 1893 3307 quondam
1926 3254 2115 3317 quinque
2149 3253 2438 3310 corporalium
2467 3264 2673 3298 sensuum
2702 3246 2813 3301 virs·
2855 3263 2857 3270 ⁴

1560 3329 1709 3384 juncta
1731 3342 1922 3373 errorem
1945 3330 2078 3375 modo·
2092 3343 2172 3387 pro
2202 3330 2300 3383 fide,
2329 3330 2586 3376 adulterium
2609 3341 2688 3387 pro
2714 3327 2810 3375 viro

1565 3400 1766 3453 babebat,
1791 3403 2035 3459 respondit:
2051 3395 2267 3457 Quomodo
2291 3411 2336 3447 tat
2354 3401 2528 3446 Jndaem
2546 3415 2640 3446 cum
2655 3402 2731 3454 sis,
2746 3391 2810 3446 t'ta-
2855 3410 2859 3418 ‘¹

1565 3473 1655 3517 bere
1673 3488 1700 3516 a
1715 3488 1776 3517 me
1794 3476 1944 3530 poscis,
1959 3489 2050 3532 qua:
2066 3490 2159 3519 sum
2175 3477 2325 3521 mulier
2339 3475 2644 3522 Samaritana?
2661 3474 2808 3535 (lonn-
2842 3462 2857 3493 '³⁴
2914 3506 2916 3508 >

1563 3559 1623 3597 ιν,
1643 3548 1704 3605 9.)
1730 3547 1813 3592 Sed
1832 3549 1923 3604 iam
1945 3549 2162 3593 mirantur
2185 3555 2395 3607 quantum
2419 3550 2568 3594 volunt
2588 3544 2807 3606 discipuli,
2851 3565 2858 3582 ³
2906 3566 2921 3607 g

1564 3621 1680 3666 cuod
1705 3633 1802 3664 cum
1827 3621 2006 3666 muliere
2030 3623 2222 3680 loquitur
2239 3621 2381 3668 Iesus.
2411 3621 2639 3678 Increpant
2665 3626 2708 3667 et
2727 3606 2809 3673 Pe·
2915 3671 2918 3675 Δ

1564 3704 1680 3734 trum
1709 3692 1864 3737 fratres
1897 3694 2011 3750 quod
2041 3696 2183 3742 ,intrat
2214 3695 2270 3740 ad
2306 3697 2424 3741 viros
2446 3696 2703 3753 praeputium
2730 3692 2810 3739 ba·
2842 3645 2869 3755 ζ
2904 3686 2907 3707 '

1568 3763 1734 3815 bentes,
1760 3771 1802 3809 et
1824 3767 2054 3810 manducat
2075 3781 2173 3812 cum
2196 3769 2282 3813 illis
2311 3768 2421 3826 (Act.
2450 3780 2496 3819 ιι,
2531 3767 2591 3825 3).
2622 3765 2808 3824 Tempu·
2840 3782 2873 3825 :·'·

1566 3842 1695 3879 estut
1719 3838 1772 3880 ab
1795 3840 1995 3894 aquilone
2017 3853 2171 3885 aurum
2193 3842 2354 3891 veniat,
2384 3845 2427 3884 et
2444 3852 2470 3884 a
2491 3839 2579 3885 Deo
2601 3838 2808 3886 formido·
2837 3826 2857 3919 {s
2904 3829 2911 3874 Ϊ

1566 3911 1657 3953 losa
1683 3912 1871 3956 laudatio
1897 3913 1991 3972 (Job
2018 3929 2180 3970 xxxvn,
2206 3915 2315 3974 22),
2348 3922 2398 3960 ut
2425 3921 2469 3961 et
2489 3917 2634 3973 aquilo
2659 3915 2734 3962 det
2764 3921 2808 3960 et
2835 3927 2873 3946 ··*
2908 3940 2911 3943 ·

1567 3989 1712 4027 auster
1728 3998 1815 4028 non
1840 3987 2064 4042 prohibeat
2098 3988 2206 4047 (¹⁸⁶-
2224 3999 2348 4041 xum,
2372 3988 2433 4047 6).
2459 3987 2568 4041 Quia
2585 3988 2809 4047 oportebat
2864 3983 2869 4021 f
2906 3974 2924 4016 3

1564 4068 1661 4099 eum
1679 4059 1867 4103 transire
1879 4072 1956 4116 per
1978 4060 2234 4114 Samariam,
2258 4061 2332 4118 qui
2359 4061 2612 4118 pertransiit
2633 4059 2808 4106 benefa-
2842 4117 2850 4123 ,
2871 4079 2873 4094 ·

1562 4126 1714 4171 ciendo
1741 4128 1849 4186 (Act.
1875 4143 1919 4185 x,
1945 4132 2035 4190 58),
2058 4140 2102 4177 et
2132 4132 2328 4178 sanando
2356 4144 2507 4176 omnes
2531 4134 2760 4188 oppressos
2781 4141 2806 4173 a
2870 4156 2873 4184 3

1561 4199 1756 4255 diabolo,
1784 4209 1832 4248 ut
1863 4217 1940 4261 per
1960 4204 2087 4250 fidem
2111 4205 2383 4251 venientibus
2412 4205 2465 4248 ad
2493 4217 2589 4248 eum
2617 4203 2805 4247 Samari·
2921 4190 2924 4233 Ῐ
