2924 4588
140 147 248 204 tas-1

722 130 982 200 nt's'ronu
1015 142 1407 201 scnoLAsric‘A.
1438 178 1495 187 ..-
1526 152 1687 199 mern
1716 153 2080 203 suntnnonun.

2568 157 2676 205 ¹258

137 232 264 309 putus
288 251 356 296 hic
378 248 534 294 delebit
553 260 648 303 nos,
673 240 783 294 sicut
805 249 913 294 solet
945 249 1023 292 bos
1045 249 1199 294 herbas
1218 262 1369 314 usque
1393 253 1430 298 Α
1503 250 1603 293 cip.
1638 249 1825 295 xxxiii.
1856 251 1927 295 'De
1963 250 2206 296 ariolattoesi
2241 247 2435 302 Balaam,
2464 256 2504 293 et
2534 250 2623 305 ejice

137 325 190 368 ad
225 323 391 367 radices
430 331 608 377 carpere
641 318 792 374 (Num.
826 319 953 374 xxti).
987 318 1185 374 misitque
1220 332 1370 363 eorum

135 395 319 440 consilio
343 394 394 438 ad
419 393 609 444 Balaam,
636 391 771 451 tilium
807 387 932 441 Beor,
955 391 1155 444 ariolum,
1179 392 1255 447 qui
1291 393 1373 436 ba·

74 448 78 454 .
136 452 300 510 bitabat
335 477 465 523 super
488 464 645 508 numen
671 462 1031 514 Ammonitarum,
1060 470 1106 506 ut
1127 464 1307 515 veniret,
1329 472 1373 508 et

136 540 409 594 malediceret
435 537 592 595 populo
616 537 732 581 huic.
757 535 993 586 Audieram
1016 536 1128 579 enim
1159 537 1272 592 quod
1298 537 1373 580 be-

134 611 332 656 nedictus
365 618 459 655 erat
491 610 561 654 cui
599 607 880 654 benedicebat
902 606 1093 661 Balaam,
1116 615 1159 652 ct
1196 609 1372 652 maledi·

135 691 232 730 ctus
255 667 642 728 cui'inaledicebat.
677 680 915 724 Audiet-ant
936 680 1064 724 etiam
1087 680 1203 735 qunti
1240 679 1370 725 lsrael

134 768 220 800 non
248 754 446 799 vincebat
468 755 511 798 in
534 765 636 798 arcu
671 759 714 804 ct
752 752 911 809 gladio,
946 751 1023 796 sed
1046 753 1242 796 oratione
1275 753 1371 797 susa

131 830 185 874 ad
210 829 343 873 Deum
377 839 528 881 suum;
553 825 779 882 visumque
804 834 873 870 est
908 825 974 869 eis
1003 825 1275 870 commodum
1297 838 1371 869 ex·-

130 899 445 944 sectationibus
472 904 625 943 contra
661 897 879 941 orationes
916 896 1139 940 dimicare„
1175 896 1371 952 Cumque

129 955 349 1015 venissent
367 969 421 1013 ad
442 968 618 1012 Balaam
639 967 832 1012 seniores
863 965 988 1011 Moab
1031 974 1075 1012 et
1096 965 1282 1020 Madian,
1307 967 1371 1012 se·-

19 1098 28 1114 ..
56 1034 57 1037 '
129 1049 272 1086 rentes
295 1053 473 1086 munera
513 1036 791 1085 divinationis
833 1039 878 1083 in
911 1040 1141 1094 manibus,
1169 1053 1371 1085 causam-

129 1125 214 1174 que
236 1113 314 1157 viae
345 1112 671 1169 exposuissent,
696 1112 800 1156 dicit
835 1113 897 1156 eis
918 1110 1090 1156 Balaam
1117 1127 1129 1156 z
1159 1127 1174 1154 ι
1202 1112 1369 1157 Manete

129 1184 200 1230 bic
229 1187 309 1230 hac
326 1193 467 1238 nocte,
494 1185 630 1229 donec
650 1185 818 1229 videam
863 1185 967 1242 quid
981 1185 1135 1230 dixerit
1160 1185 1264 1230 mibi
1290 1184 1371 1229 Do·

129 1260 291 1303 minus.
315 1273 330 1299 ι
359 1256 528 1302 Domini
554 1258 667 1302 enim
705 1258 955 1314 prophetam
979 1272 1025 1303 se
1063 1259 1364 1311 mentiebatur,

129 1329 230 1373 licet
271 1329 315 1373 in
360 1329 641 1373 sacrificando
676 1331 922 1376 consuleret
967 1328 1366 1376 daenioucs.'Forte

125 1403 362 1446 daemonem
400 1403 473 1458 qui
495 1403 577 1447 sibi
617 1403 873 1460 loquebatur
901 1405 1132 1449 Dominum
1166 1405 1363 1449 vocabat.

127 1472 327 1531 Dixitque
351 1474 391 1518 ei
411 1473 619 1518 Dominus
643 1474 685 1518 in
717 1482 842 1520 nocte
863 1487 1013 1519 curam
1036 1477 1183 1532 populi
1204 1475 1270 1520 sui
1294 1489 1366 1532 gc·-

126 1555 258 1591 rens:
299 1562 312 1586 ι
340 1544 436 1593 Non
467 1557 544 1590 eas
566 1559 671 1591 cum
712 1547 791 1601 eis,
827 1559 908 1592 nee
941 1547 1172 1592 maledices
1206 1549 1365 1604 populo

126 1619 243 1669 huic,
268 1619 370 1676 quia
392 1619 642 1665 benedictus
665 1626 747 1664 est.
775 1634 791 1662 t
829 1619 952 1665 Mane
983 1632 1164 1676 surgens
1189 1619 1363 1664 Balaam

126 1691 232 1734 dixit
267 1704 312 1736 se
345 1692 610 1748 prohibitum
646 1705 672 1737 a
710 1692 910 1736 Domino.
949 1691 1140 1736 Rursum
1165 1693 1284 1737 misit
1309 1693 1364 1736 ad

125 1773 224 1808 eum
247 1764 375 1808 Baiae
401 1765 518 1808 viros
556 1765 717 1820 plures,
742 1770 786 1808 et.
820 1765 1072 1816 honoratos,
1097 1777 1364 1823 muneraque

125 1836 304 1892 majora,
334 1845 377 1880 et
420 1838 627 1893 ampliora
670 1839 870 1894 promisit
905 1837 943 1883 si
979 1838 1250 1882 malediceret
1286 1851 1364 1895 po-

124 1908 242 1964 pulo.
269 1907 436 1962 Quibus
454 1910 514 1955 ait
544 1908 749 1954 Balaam:
775 1925 790 1952 ι
818 1910 862 1953 Si
897 1910 1063 1954 dederit
1093 1911 1199 1954 mihi
1235 1910 1363 1957 Baiae

125 1981 299 2024 domum
326 1994 448 2025 suam
473 1983 641 2038 plenam
665 1983 775 2037 auri,
797 1996 880 2027 non
905 1994 1054 2039 potero
1080 1993 1248 2029 mutare
1266 1998 1364 2029 ver·

123 2049 224 2094 bum
266 2052 450 2096 Domini.
491 2052 678 2098 Obsecro
719 2061 889 2110 manete
927 2056 998 2099 hic
1033 2057 1160 2101 etiam
1199 2058 1243 2102 in
1283 2058 1362 2103 bac

125 2128 266 2166 nocte.
291 2138 306 2164 i
336 2123 388 2167 Et
410 2125 468 2168 ait
507 2123 712 2170 Dominus
749 2127 800 2170 ad
838 2138 936 2170 eum
977 2138 1132 2174 noete:
1164 2146 1177 2173 ι
1207 2130 1359 2187 Surge,

123 2193 230 2236 vade
270 2205 367 2237 cum
408 2195 497 2248 eis3
538 2195 596 2240 ita
632 2197 855 2251 duntaxat,
883 2206 931 2243 ut
967 2201 1081 2256 quod
1119 2193 1360 2257 praecepero

125 2265 199 2308 tibi
226 2264 374 2309 Facias.
404 2281 418 2308 i
448 2266 571 2311 Mane
606 2275 738 2313 strata
765 2270 883 2314 asina
907 2272 1126 2328 profectus
1157 2279 1224 2316 est
1259 2282 1358 2318 cum

120 2336 184 2379 eis
209 2352 218 2375 z
245 2351 259 2376 ‹
285 2337 335 2379 Et
368 2338 503 2382 iratus
520 2346 587 2383 est
610 2340 816 2387 Dominus
848 2344 905 2397 ei,
946 2345 1149 2402 stetitque
1183 2345 1359 2400 angelus

124 2408 311 2462 Domini,
339 2411 480 2467 gladio
509 2414 751 2468 evaginato,
776 2415 816 2458 in
840 2417 910 2460 via
932 2426 1084 2462 contra
1117 2418 1308 2464 Balaam.
1339 2436 1355 2463 ι

121 2481 359 2527 Mutaverat
396 2487 511 2528 enim
541 2489 836 2542 propositum,
867 2497 909 2534 et
945 2499 1095 2548 captus
1129 2494 1360 2549 cupiditate

121 2556 450 2612 promissorum,
482 2558 736 2616 disponebat
758 2564 974 2619 ullomodo
995 2566 1153 2621 populo
1177 2568 1360 2612 maledi-

119 2634 251 2681 ceret,
277 2629 375 2672 lieet
394 2631 686 2686 prohibuisset
707 2633 932 2679 Dominus.
953 2636 1166 2694 Josepbus
1189 2640 1359 2685 videtur

118 2695 227 2739 velle
263 2698 377 2752 quod
417 2697 627 2745 Dominus
651 2703 804 2756 iratus,
840 2707 964 2760 quasi
1000 2708 1165 2754 ironice
1201 2710 1358 2755 dixerit

118 2768 158 2810 ei
179 2781 188 2809 z
213 2783 229 2810 ι
256 2766 374 2814 Vade
390 2783 487 2815 cum
511 2774 590 2816 eis.
620 2787 635 2815 i
662 2775 783 2828 Quod
811 2778 911 2832 quia
932 2791 1018 2842 pon
1044 2780 1253 2826 intellexit
1276 2784 1356 2827 ob·

119 2841 227 2885 stitit
248 2842 287 2886 ei
310 2845 501 2900 angelus.
535 2845 643 2890 Cum
678 2855 820 2893 autem
858 2850 1034 2896 vidisset
1066 2854 1187 2898 asina
1223 2867 1356 2911 ange-

117 2912 225 2966 lum,
246 2926 375 2969 quem
400 2923 542 2960 tamen
567 2918 739 2963 Balaam
774 2933 860 2964 non
883 2922 1070 2975 videbat,
1101 2924 1255 2969 timens
1280 2926 1355 2969 de·

117 2984 311 3028 viavit‘in
347 2998 515 3044 agrum.
539 2988 676 3040 Quam
698 3003 798 3035 cum
819 2991 1082 3037 *verberibus
1114 2997 1355 3042 reduxisset

117 3051 288 3097 Balaam
315 3056 368 3099 ad
404 3059 618 3111 semitam,
656 3061 811 3106 iterum
842 3055 958 3108 stetit
985 3067 1163 3123 angelus
1193 3069 1236 3111 in
1277 3082 1354 3112 an-

116 3128 266 3182 gustiis
291 3131 592 3184 maceriarum,
617 3135 774 3188 quibus
803 3136 937 3180 vineae
974 3139 1271 3196 cingebantur,
1299 3143 1354 3187 ti·

116 3212 322 3257 mensque
350 3204 471 3248 asina
493 3204 636 3260 junxit
660 3219 706 3250 se
739 3209 908 3263 parieti,
934 3217 976 3254 et
997 3213 1162 3258 attrivit
1198 3215 1351 3270 pedem

114 3274 316 3317 sedentis.
343 3277 397 3320 At
421 3277 491 3320 ille
524 3278 779 3324 verberabat
800 3294 912 3326 eam.
939 3282 1095 3332 lterum
1135 3287 1252 3338 stetit
1274 3300 1357 3331 anz-

116 3344 235 3400 gelus
258 3346 300 3388 in
323 3347 417 3391 loco
435 3357 618 3404 angusto
645 3350 718 3394 ubi
741 3364 820 3397 nec
841 3356 916 3398 ad·
931 3355 1168 3408 dexteram,
1194 3371 1273 3402 nec
1297 3361 1349 3404 ad

1952 307 2182 363 prophetia.

1501 392 1610 435 Cum
1634 404 1736 448 ergo
1758 394 1853 446 iret,
1875 392 2003 438 Baiae
2023 396 2211 440 occurrit
2234 395 2272 439 ei
2296 396 2338 440 in
2362 395 2566 441 extremis
2583 394 2680 439 nnt-

1448 464 1531 508 bus
1553 465 1857 517 Moabitarum,
1885 467 2113 522 magnifice
2137 467 2376 524 suscipiens
2396 481 2512 523 eum,
2535 475 2575 512 et
2601 468 2678 512 de-

1448 536 1510 581 dit
1526 537 1565 580 ci
1587 549 1766 581 munera
1792 538 1943 595 (Num.
1965 541 2089 592 xxii).
2106 539 2189 584 >Cui
2212 546 2478 585 contestatus
2505 540 2678 584 Balaam

1449 608 1509 650 ait
1542 622 1552 651 ε
1582 623 1598 649 ι
1627 608 1721 652 Non
1753 616 1904 666 potero
1928 610 2044 665 loqui
2068 611 2150 655 nisi
2175 611 2289 667 quod
2318 612 2510 668 posuerit
2534 612 2680 655 Domi-

1449 694 1531 725 nus
1555 683 1596 725 in
1623 694 1697 726 ore
1721 695 1832 727 meo.
1864 698 1878 726 ι
1913 684 2294 740 Ascenderuntque
2315 687 2473 741 pariter
2511 686 2679 730 excelsa

1449 754 1624 807 montis,
1656 755 1769 798 unde
1807 762 2043 799 extremam
2076 764 2239 811 partem
2270 756 2417 812 populi
2453 756 2681 800 intueban-

1449 832 1533 869 tur.
1557 825 1748 870 Aberant
1770 836 1911 871 autem
1934 829 1987 870 ab
2005 828 2189 872 exercitu
2210 827 2378 871 Domini
2404 829 2551 872 stadiis
2572 841 2682 885 qua-

1448 894 1665 951 draginta.
1705 897 1901 953 Dicitque
1943 899 2113 943 Balaam
2162 900 2214 943 ad
2250 898 2378 944 Baiae
2410 915 2420 942 t
2454 915 2470 941 ‹
2497 899 2679 944 AEdiiica

1450 965 1519 1010 hic
1548 975 1709 1024 septem
1737 982 1850 1023 aras,
1879 979 1921 1015 et
1949 984 2051 1026 para
2078 973 2249 1016 totidem
2290 974 2462 1026 vitulos,
2496 981 2540 1017 et
2565 974 2681 1029 eius-

1447 1038 1543 1082 dem
1567 1041 1736 1084 numeri
1775 1042 1932 1089 arictes
1952 1043 2102 1099 (Num.
2136 1045 2277 1100 xxiii).
2311 1045 2505 1101 Cumque
2537 1044 2679 1101 impo-

1447 1111 1635 1155 suissent
1669 1113 1799 1156 ambo
1820 1114 2002 1157 vitulum
2034 1121 2076 1159 et
2109 1116 2283 1159 arietem
2309 1128 2437 1171 super
2455 1129 2592 1169 aram,
2615 1116 2683 1160 di-

1447 1182 1505 1226 cit
1529 1181 1702 1227 Balaam
1728 1183 1817 1240 regi
1839 1200 1850 1228 :
1879 1200 1894 1225 ‹
1925 1184 1998 1229 Sta
2021 1184 2140 1242 Juxta
2169 1187 2487 1240 holocaustum,
2510 1188 2679 1242 vadam,

1449 1257 1485 1302 si
1509 1257 1618 1302 sorte
1647 1267 1844 1303 occurrat
1884 1260 1988 1302 milii
2026 1259 2250 1314 Dominus,
2276 1269 2316 1304 et
2350 1261 2464 1316 quod
2505 1261 2682 1317 jusserit

1394 1313 1425 1356 Β
1447 1331 1600 1386 loquar
1622 1330 1713 1374 tibi.
1734 1332 1930 1387 Cumque
1955 1331 2146 1385 abiisset,
2163 1333 2306 1387 posuit
2329 1332 2535 1377 Dominus
2552 1334 2680 1378 verba

1445 1403 1488 1447 in
1514 1414 1589 1448 ore
1609 1404 1726 1459 eius.
1754 1403 1836 1456 Qui
1877 1405 2045 1448 rediens
2063 1417 2209 1448 coram
2237 1405 2437 1449 omnibus
2460 1412 2680 1461 assumpta

1443 1475 1666 1531 parabola,
1690 1477 1755 1519 vel
1781 1477 1968 1531 incoepta
1994 1477 2161 1519 ratione
2185 1489 2279 1530 sua,
2307 1483 2352 1519 ut
2377 1475 2580 1521 Hebraeus
2600 1477 2680 1519 ba·

1443 1548 1530 1600 bet,
1556 1548 1614 1592 ait
1646 1564 1661 1593 ι
1687 1563 1702 1590 ‹
1732 1547 1958 1601 Quomodo
1985 1550 2236 1594 maledicam
2261 1550 2434 1607 populo,
2462 1552 2531 1594 cui
2552 1551 2680 1594 bene-

1444 1620 1554 1663 dixit
1579 1619 1831 1664 Dominusi·
1850 1619 2069 1664 Habitabit
2107 1622 2226 1664 solus
2273 1621 2384 1665 inter
2432 1628 2596 1678 gentes.
2639 1630 2682 1667 et

1444 1705 1531 1737 non
1558 1694 1840 1749 reputabitur.
1877 1709 1894 1735 ο
1928 1695 1967 1737 id
1990 1700 2054 1738 est
2081 1694 2311 1750 singularis
2332 1694 2412 1738 erit
2430 1708 2516 1750 prae
2540 1695 2681 1738 omni·-

1443 1766 1524 1810 bus
1547 1773 1591 1810 et
1614 1767 1956 1811 innumerabilis.
1985 1784 1999 1808 ι
2029 1767 2237 1811 Moriatur
2261 1769 2401 1811 anima
2427 1780 2519 1811 mea
2542 1778 2680 1813 morte

1438 1838 1671 1893 justorum,
1690 1847 1734 1883 et
1758 1840 1862 1883 fiant
1887 1839 2122 1884 novissima
2157 1853 2249 1883 mea
2273 1841 2427 1883 borum
2453 1840 2628 1884 similia.
2658 1854 2673 1881 t

1441 1908 1732 1953 contristatus
1768 1910 1896 1955 Baiae
1941 1911 2036 1954 ait:
2063 1925 2077 1951 ‹
2112 1911 2223 1964 Quid
2268 1918 2335 1955 est
2371 1911 2487 1966 quod
2511 1911 2636 1967 agis?
2660 1925 2673 1950 ι

1444 1978 1655 2036 Duxitqne
1686 1993 1783 2024 eum
1821 1984 1873 2024 ad
1920 1981 2052 2025 alium
2086 1983 2225 2025 locum
2263 1982 2480 2026 excelsum
2519 1982 2679 2026 montis

1441 2053 1631 2110 phasga,
1651 2056 1763 2098 unde
1789 2055 1916 2098 aliam
1951 2062 2116 2112 partem
2157 2055 2304 2112 populi
2330 2055 2474 2099 videre
2513 2062 2675 2110 posset,

1441 2127 1677 2171 secundum
1720 2139 1910 2170 errorem
1937 2127 2158 2183 gentilium
2207 2134 2363 2183 putans
2407 2127 2550 2170 omnia
2571 2127 2679 2171 locis

1440 2198 1583 2243 inesse
1598 2207 1641 2242 et
1660 2200 1940 2255 temporibus,
1963 2210 2004 2244 et
2023 2197 2155 2243 Deum
2181 2199 2291 2244 sicut
2314 2199 2529 2243 bominem
2551 2211 2678 2256 posse

1440 2271 1618 2314 mutari.
1649 2271 1843 2328 Cumque
1864 2274 1987 2327 juxta
2019 2273 2191 2315 modum
2215 2271 2466 2328 praedictum
2498 2271 2677 2314 statuis·

1381 2368 1418 2418 C
1442 2354 1537 2390 sent
1564 2346 1622 2390 ibi
1660 2353 1820 2403 septem
1846 2359 1962 2398 aras,
1987 2355 2030 2391 et
2055 2347 2334 2404 imposuisset
2358 2348 2674 2399 holocaustum,

1441 2417 1594 2461 iterum
1619 2417 1764 2474 posuit
1783 2418 1991 2463 Dominus
2011 2420 2139 2464 verba
2160 2420 2202 2462 in
2228 2431 2300 2464 ore
2322 2420 2431 2475 ejus,
2458 2427 2499 2463 et
2529 2432 2675 2463 rever·-

1441 2496 1538 2533 tens
1561 2491 1621 2534 ait
1644 2492 1693 2533 :A
1722 2489 1815 2534 Non
1857 2499 1921 2536 est
1945 2492 2103 2535 idolum
2133 2493 2176 2535 in
2201 2491 2347 2544 Jacob,
2375 2505 2455 2536 nec
2492 2493 2673 2536 simula·

1440 2574 1563 2606 crum
1611 2564 1653 2606 in
1695 2562 1843 2608 lsrael.
1863 2565 2069 2609 Dominus
2103 2565 2214 2610 Deus
2249 2566 2343 2622 ojus
2377 2578 2474 2609 eum
2517 2578 2669 2611 coest.

1436 2633 1531 2678 Non
1555 2643 1621 2679 est
1640 2636 1867 2692 augurium
1887 2637 1927 2680 in
1948 2637 2096 2684 Jacob.
2129 2651 2205 2683 nee
2224 2639 2432 2691 divinatio
2456 2639 2497 2683 in
2526 2639 2669 2685 lsrael.

1440 2706 1597 2764 Surget
1633 2716 1677 2752 ut
1711 2709 1793 2761 leo,
1821 2711 1942 2766 quasi
1974 2712 2105 2754 leaena
2143 2724 2227 2755 nnn
2264 2712 2505 2761 accubabit,
2536 2712 2671 2755 donec

1436 2780 1611 2823 devoret
1648 2782 1832 2836 praedam
1854 2815 1864 2835 ,
1896 2797 1910 2823 i
1934 2782 1973 2824 id
2020 2789 2086 2825 est
2118 2789 2277 2826 terram
2308 2781 2667 2826 chananaeorum„

1437 2850 1558 2894 Tunc
1580 2852 1640 2896 ait
1674 2852 1803 2898 Balac
1832 2867 1843 2898 ε
1873 2870 1886 2894 ι
1916 2853 2077 2898 Saltem
2120 2867 2198 2898 nec
2224 2855 2449 2898 benedicas
2483 2855 2563 2907 eis,
2591 2867 2668 2898 nec

1435 2923 1683 2969 maledicas.
1725 2941 1742 2967 ι
1792 2925 1980 2982 itemque
2019 2925 2140 2969 duxit
2181 2939 2279 2969 enm
2322 2934 2665 2981 supermontem

1434 2994 1619 3052 Pliogor,
1652 2998 1886 3053 statuitque
1906 3005 2066 3053 septem
2094 3006 2192 3040 aras
2221 2997 2515 3053 impositisque
2547 2997 2667 3039 holo-

1434 3069 1594 3111 caustis
1618 3080 1693 3123 per
1716 3068 1924 3123 singulas,
1951 3081 2035 3110 non
2060 3069 2166 3110 abiit
2193 3069 2379 3118 Balaam,
2413 3069 2524 3110 sicut
2547 3075 2662 3119 ante,

1434 3145 1482 3181 ut
1520 3139 1751 3195 augurium
1790 3146 2015 3193 quaereret,
2056 3140 2129 3182 sed
2156 3140 2327 3182 clevans
2373 3140 2520 3182 oculos
2559 3138 2666 3180 vidit

1432 3207 1567 3256 Israel
1586 3218 1927 3255 commorantem
1952 3211 1994 3254 in
2014 3211 2208 3256 tentoriis
2232 3224 2306 3266 per
2326 3211 2460 3258 tribus
2480 3224 2595 3263 suas,
2621 3217 2664 3254 et

1432 3284 1624 3327 irruente
1663 3283 1706 3327 in
1747 3295 1792 3326 se
1814 3284 1968 3338 spiritu
2016 3283 2120 3335 Dei,
2157 3285 2217 3326 ait
2263 3283 2448 3338 loquens,
2484 3284 2538 3326 de
2570 3295 2616 3326 se
2648 3296 2660 3327 :

1437 3370 1452 3396 t
1483 3354 1598 3397 Dixit
1621 3353 1795 3397 Bataam
1814 3355 1928 3398 filius
1949 3355 2088 3398 L'eorz.
2104 3354 2240 3397 Homo
2262 3355 2385 3409 cujus
2406 3355 2662 3398 obscuratus

115 3417 333 3462 sinistram
357 3429 525 3475 poterat
546 3423 724 3467 deviari.
751 3423 1011 3483 ‘timensque
1034 3431 1172 3483 asina,
1195 3433 1349 3478 cecidit
1373 3424 1409 3468 D
1431 3432 1497 3469 2⁵2
1520 3425 1687 3477 oculus,
1718 3425 1887 3468 studim?
1914 3438 2159 3469 sermonum
2195 3425 2282 3468 Dei·
2309 3424 2443 3477 Quam
2480 3426 2660 3479 pulchra

112 3491 194 3533 sub
213 3492 392 3547 pedibus
414 3495 617 3539 sedentis.
641 3498 834 3550 Quicum
855 3492 1129 3547 vehementer
1158 3503 1346 3549 fustibus

113 3564 292 3608 crederet
318 3569 449 3616 latera
485 3568 594 3622 ejus,
624 3571 792 3624 aperuit
825 3572 1032 3621 Dominus
1056 3589 1104 3620 os
1129 3579 1277 3632 asinae,
1306 3590 1347 3623 et

112 3637 203 3686 ait:
235 3650 251 3679 t
277 3637 363 3679 Cur
388 3640 576 3693 percutis
599 3643 696 3684 me?
730 3641 843 3687 Ecce
860 3646 948 3700 jam
986 3649 1138 3692 tertio?
1168 3649 1251 3702 Qui
1285 3663 1346 3694 re-

111 3709 295 3762 spondit.
319 3709 495 3755 illusisti
529 3713 668 3766 mian,
700 3716 863 3759 utinam
897 3719 1094 3765 haberem
1130 3724 1343 3779 gladium,

59 3806 63 3811 -
110 3788 155 3821 ut
177 3790 442 3834 percuterem
466 3792 504 3827 te
525 3785 535 3828 l
566 3801 584 3827 ι
605 3783 816 3832 Assuetus
851 3790 932 3833 iste
958 3795 1166 3837 monstris
1188 3796 1240 3838 ad
1265 3808 1343 3839 vo·-

108 3864 199 3893 cem
218 3854 352 3896 asinae
386 3866 472 3897 non
503 3858 704 3911 expavit:
732 3874 748 3900 r
778 3855 981 3905 Protinus
1004 3866 1170 3919 aperuit
1196 3865 1347 3910 Domi»

107 3937 189 3970 nus
210 3925 360 3968 oculos
398 3925 598 3983 Balaam3
622 3920 816 3987 viditque
848 3935 1046 3989 angelum
1084 3943 1264 3981 stantem
1299 3940 1343 3983 in

105 3996 173 4040 xia
209 4009 306 4039 cum
345 3998 502 4053 gladio,
541 4009 583 4044 et
619 4003 811 4047 adoravit
848 4017 965 4056 eum,
1003 4008 1082 4050 Cui
1131 4012 1342 4065 angelus:

109 4065 356 4132 ‹Perversa
378 4075 444 4112 est
477 4069 584 4113 mihi
616 4073 684 4121 via
710 4082 799 4124 tua,
827 4090 843 4115 ι
866 4082 907 4118 et
931 4076 1015 4120 nisi
1051 4078 1173 4122 asina
1211 4081 1342 4125 decli-

105 4145 267 4189 nasset,
305 4139 556 4185 occidissem
583 4149 638 4187 te.
674 4143 755 4188 Cui
792 4146 999 4191 Balaam:
1043 4164 1058 4190 ι
1081 4147 1274 4204 Peccavi,
1299 4158 1342 4195 et

105 4219 220 4249 nunc
241 4208 276 4250 si
289 4208 361 4251 ria
380 4221 474 4253 mea
497 4212 572 4254 tibi
589 4219 654 4257 est
675 4216 905 4267 contraria,
930 4225 1133 4260 revertar.
1161 4211 1241 4260 Cui
1264 4230 1341 4260 an-

106 4281 222 4334 gelus
244 4296 255 4323 z
288 4296 302 4322 ‹
332 4281 466 4335 Vade,
491 4285 567 4330 sed
589 4298 693 4331 eave
716 4298 770 4333 ne
809 4287 923 4330 aliud
946 4299 1073 4343 quam
1098 4300 1338 4344 praecepero

107 4351 178 4394 tibi
205 4354 406 4409 loquaris.
434 4370 448 4396 »

1429 3496 1703 3540 tabernacula
1728 3504 1815 3548 tua,
1836 3496 1968 3539 Jacob
1997 3495 2294 3551 (Numam).
2321 3511 2334 3535 r
2364 3495 2566 3539 ‚Hebraeus
2583 3495 2660 3538 ha·-

1428 3568 1818 3624 beu-eitranslatio
1851 3567 2045 3623 origenis
2074 3585 2084 3611 ι
2116 3583 2130 3608 ε
2157 3568 2292 3623 Cujus
2323 3569 2472 3630 oculus
2494 3567 2657 3611 revela-

1426 3647 1496 3684 tus
1517 3648 1596 3685 est.
1624 3656 1640 3684 n
1663 3641 1824 3690 Tamen
1852 3642 1960 3684 idem
1981 3650 2044 3684 est
2063 3653 2233 3694 sensus,
2252 3642 2347 3696 quia
2371 3642 2470 3684 duni
2494 3641 2653 3684 dormi—

1428 3719 1508 3766 ret,
1534 3714 1575 3760 in
1595 3714 1759 3758 somnis
1783 3715 1889 3757 vidit
1919 3714 2009 3756 baec
2034 3726 2127 3767 quae
2162 3714 2327 3757 dicebat
2347 3729 2358 3756 ;
2382 3718 2492 3756 unde
2514 3722 2556 3757 et
2579 3714 2654 3756 oh-

1427 3792 1594 3831 turatus
1617 3797 1708 3829 erat
1727 3786 1865 3829 oculis
1889 3787 2047 3836 carnis,
2073 3796 2114 3827 et
2137 3786 2346 3829 revelatus
2364 3786 2514 3829 oculus
2536 3798 2655 3828 men·

1425 3859 1495 3901 tis.
1521 3856 1641 3901 Unde
1676 3866 1717 3901 et
1750 3859 1943 3912 sequitur
1970 3873 1979 3899 :
2012 3873 2024 3898 ε
2067 3857 2145 3909 Qui
2182 3858 2309 3910 cadit,
2331 3865 2371 3901 et
2405 3858 2652 3913 aperiuntur

1424 3930 1536 3972 oculi
1560 3929 1671 3984 ejus.
1704 3944 1717 3970 ι
1742 3927 1945 3971 Hebraeus
1966 3928 2132 3982 plenius
2156 3928 2313 3971 babet:
2342 3942 2356 3966 r
2380 3926 2460 3978 Qui
2480 3927 2611 3982 ponit,
2631 3942 2648 3979 ι,

1424 4000 1466 4044 id
1490 4007 1554 4043 est
1581 3999 1657 4053 qui
1682 4000 1861 4041 collocat
1880 4012 1923 4041 se
1949 4000 1991 4040 in
2023 3999 2146 4041 lecto.
2184 3998 2354 4042 Addidit
2377 3999 2502 4040 etiam
2526 4009 2648 4053 apen

1423 4079 1509 4115 tam
1531 4071 1582 4114 de
1603 4070 1730 4114 Saule
1773 4071 2040 4126 prophetiam
2076 4071 2225 4114 dicens
2249 4084 2259 4113 ε
2295 4084 2310 4111 ε
2338 4069 2527 4114 Tolletnr
2549 4081 2648 4124 pro·

1404 4137 1514 4200 >pter
1535 4143 1653 4199 Agag
1673 4156 1747 4185 rex
1789 4143 1899 4197 ejus,
1940 4152 1983 4186 et
2021 4143 2240 4185 auferetur
2267 4154 2443 4198 regnum
2466 4142 2595 4184 illius.
2624 4157 2641 4183 ι

1420 4217 1541 4267 Quod
1565 4216 1723 4257 sactum
1757 4221 1822 4257 est
1846 4212 1979 4264 Sauli,
2011 4215 2110 4268 qnia
2134 4220 2379 4268 pepercerat
2416 4215 2527 4268 [agag
2556 4213 2644 4268 regi

1419 4287 1750 4329 Amalecitarum
1774 4300 1783 4326 ε
1809 4284 1858 4327 Et
1883 4294 1991 4338 post,
2012 4285 2165 4326 direxit
2187 4285 2310 4327 veiim
2334 4283 2384 4324 ad
2409 4285 2607 4338 populum
2629 4298 2641 4326 z

1425 4374 1438 4399 ε
1469 4358 1547 4408 Qui
1573 4356 1833 4398 benedixerit
1866 4356 1955 4406 tibi,
1979 4357 2058 4397 erit
2083 4361 2122 4397 el-
2154 4356 2243 4409 ipse
2275 4353 2533 4401 benedictus,
2568 4356 2638 4408 qui

1420 4427 1698 4484 maledixerit,
1726 4428 1765 4467 in
1794 4426 2086 4472 inmediri-icae
2118 4425 2393 4476 reputabitur.
2412 4438 2425 4463 ι
2451 4423 2639 4478 Cumque
