2924 4588
258 133 367 178 {859

256 236 354 283 esse
378 227 593 278 pastorem
640 218 703 262 Sit
725 217 853 262 etiam
881 225 1008 258 vorax
1045 213 1089 255 in
1122 212 1282 263 animo,
1311 212 1444 274 dicto·

258 280 386 323 sacto.
420 276 541 319 Sicut
574 254 685 317 &nim
723 284 822 315 vere
844 270 1004 323 dicitur
1026 267 1195 312 :Verba
1234 267 1491 315 sacerdotis.

258 340 332 376 aut
353 343 471 380 vcra,
493 338 563 373 aut
585 324 892 382 sacri-legaaita
923 337 1007 367 non
1022 324 1173 368 smnus
1193 333 1294 366 vere
1315 323 1426 364 dicta
1450 327 1493 364 et

259 390 369 430 facta
392 386 645 430 sacerdotis.
666 390 740 425 aut
759 391 874 429 vera,
901 386 973 424 aut
997 375 1290 432 sacrilega.Ad
1309 377 1491 419 Niniven

257 443 461 491 mittitur,
498 442 539 482 id
570 446 635 483 est
659 436 910 483 Ecclesiam,
946 435 999 478 de
1036 446 1119 489 qua
1152 447 1161 475 τ
1192 433 1296 475 Tota
1318 431 1493 486 pulchra

256 512 315 547 es,
342 499 474 540 amica
499 490 706 545 vianne.
731 490 871 547 (cant.
905 489 980 546 w),
1005 496 1047 532 et
1073 490 1224 532 itinere
1249 489 1377 531 trium
1401 487 1494 550 die·

256 565 351 596 rum
392 553 576 595 intratur
620 547 674 591 ad
699 559 810 596 eam,
844 557 940 588 cum
965 545 1123 587 dicitur
1149 560 1159 586 ·.
1182 543 1358 597 Baptizo
1383 549 1420 584 te
1447 554 1493 582 m

255 608 420 651 nominc
441 606 601 653 Patris,
625 611 665 646 et
686 601 807 651 Filii,
827 608 865 643 et
900 599 1081 653 Spiritus
1117 600 1267 641 sancti.
1294 597 1353 640 De
1386 609 1491 660 casu

256 663 362 718 fugit
381 675 404 704 a
428 662 536 703 facio
559 659 742 708 Domini,
767 669 852 700 non
877 656 1036 710 populi.
1053 656 1210 696 Sumus
1229 653 1344 715 enim
1366 663 1490 707 quast

255 719 451 773 sepulcra
481 717 700 763 dealbata,
726 718 807 756 etc,
838 712 882 753 in
902 717 1078 754 tonsura
1107 709 1416 754 ecclesiastica.
1448 708 1493 749 in

254 778 374 816 veste
405 771 605 821 candida,
633 770 675 811 in
697 765 918 824 psallendo
943 765 1206 813 solemniter,
1233 763 1276 805 in
1306 763 1491 805 interce·

254 829 394 871 dendo
421 827 594 883 jugiter,
622 826 665 867 in
698 820 962 865 comedendo
982 825 1158 875 peccata
1182 819 1326 874 populi
1346 818 1489 859 multi·

254 883 449 925 formiter
476 898 485 924 ·.
510 882 574 923 Ad
607 879 807 922 interiora
846 877 990 924 navia,
1026 875 1194 916 sentina
1222 884 1307 915 non
1351 878 1490 926 potest

254 948 475 981 remanere
495 937 538 979 in
562 931 908 983 modio,inferius
929 930 1095 973 caeteris
1112 928 1354 983 cadit,quia
1369 929 1491 982 praeit

254 993 474 1035 cadentes.
489 990 619 1033 Navis
641 987 729 1032 Noe
750 988 937 1043 quinque
954 985 1200 1028 mansiones
1221 984 1346 1026 habet
1369 982 1487 1039 (Gen.

253 1047 346 1100 vu).
363 1046 408 1088 ln
437 1058 621 1096 summa,
643 1043 841 1086 homines
859 1047 900 1083 et
922 1052 1038 1088 aves,
1093 1040 1222 1082 raelati
1245 1045 1288 1083 et
1304 1045 1492 1082 contem·

254 1102 416 1167 plativi.
442 1100 542 1156 quia
575 1100 654 1143 soli
684 1099 770 1141 Deo
808 1108 959 1139 vacare
1004 1096 1057 1138 ba
1115 1100 1177 1138 nt.
1210 1093 1255 1136 ln
1281 1093 1488 1145 secunda,

254 1156 433 1199 inunitia
455 1155 672 1205 animalia,
694 1154 735 1196 id
760 1160 824 1196 est
840 1152 985 1201 activi,
1006 1150 1079 1205 qui
1101 1150 1226 1193 divisi
1245 1156 1362 1194 sunt.
1388 1148 1490 1192 Post

252 1212 456 1261 immitia}
486 1210 561 1264 qui
596 1210 768 1252 nomine
793 1214 986 1254 tantum,
1010 1211 1051 1248 et
1091 1217 1175 1248 non
1212 1205 1413 1254 numine,
1444 1206 1485 1246 in

253 1266 422 1310 sentina
459 1272 677 1315 stercora,
721 1275 830 1318 aqua
864 1262 1068 1318 paulatim
1097 1261 1280 1311 intrans,
1319 1260 1488 1314 pondus

251 1322 427 1364 trahens
451 1320 686 1375 superiora.
711 1317 787 1362 Est
816 1318 930 1360 enim
954 1327 1125 1364 avarus,
1155 1321 1198 1358 ιιι
1224 1314 1343 1365 Saul,
1368 1315 1487 1369 piger

254 1385 298 1418 ut
323 1376 474 1426 Adam,
495 1375 735 1418 malitiosus
756 1380 803 1416 ut
821 1370 969 1420 Satan,
995 1376 1036 1414 et
1057 1376 1124 1414 est
1146 1370 1308 1413 malitia
1329 1372 1487 1412 malum

253 1431 447 1474 alliciens
469 1444 479 1472 :
507 1429 671 1470 Dormit
692 1439 836 1471 soriano
867 1426 999 1481 gravi,
1025 1431 1091 1469 est
1114 1437 1243 1480 sopor
1260 1425 1489 1469 infirmita·

251 1488 326 1536 tis,
344 1485 635 1534 necessitatis,
651 1483 859 1533 veritatis,
878 1481 1092 1530 vanitatis,
1114 1480 1273 1531 brevis,
1292 1480 1486 1536 grandis,

252 1540 358 1584 levis
378 1572 390 1589 ,
431 1540 572 1594 gravis
592 1568 604 1590 ,
643 1536 963 1587 admittendus,
1005 1537 1318 1590 exspectandus
1343 1567 1355 1585 ‚
1403 1547 1490 1577 am·

283 1595 502 1649 lectendus
520 1626 531 1641 ‚
578 1593 873 1648 abjiciendus;
919 1590 1019 1646 quia
1062 1591 1182 1635 utilis
1198 1622 1210 1642 ‚
1260 1591 1490 1634 inevitabi-

270 1652 321 1700 is,
370 1650 582 1701 amabilis,
623 1649 904 1692 detestabilis.
942 1646 992 1688 Et
1027 1658 1146 1702 pone
1187 1647 1486 1689 auctoritatem

251 1705 305 1748 de
343 1716 600 1761 unoquoque
648 1703 852 1759 periculo.
898 1702 1080 1746 Devorat
1117 1714 1215 1744 eum
1253 1701 1487 1744 Leviatlian

248 1762 396 1809 draco,
415 1760 487 1815 qui
509 1758 646 1802 factus
662 1764 728 1802 est
747 1760 790 1802 in
811 1757 920 1799 mari
940 1755 991 1799 ad
1011 1756 1270 1799 illudendum
1295 1757 1332 1798 ei
1349 1755 1484 1812 (Paul.

247 1822 360 1870 cin),
387 1814 610 1858 desolatio.
637 1813 717 1857 Sed
737 1824 792 1856 ne
826 1811 1020 1867 desperet
1042 1823 1192 1855 servus
1215 1811 1422 1867 fugitivus
1446 1812 1482 1854 si

279 1870 513 1918 (enituerit,
555 1869 590 1912 si
619 1868 673 1911 de
708 1866 933 1922 profundis
955 1867 1217 1917 clamaverit,
1244 1872 1366 1910 eruet
1389 1878 1487 1909 eum

271 1924 456 1967 )ominus
479 1923 533 1967 dc
548 1923 788 1966 visceribus
809 1923 922 1975 ceti,
945 1921 998 1965 de
1032 1920 1230 1965 faucibus
1249 1921 1422 1969 inferni,
1446 1927 1488 1964 et

246 1986 405 2022 statuet
431 1991 526 2022 eum
549 1990 571 2020 a
595 1978 757 2024 dextris
781 1978 891 2021 inter
907 1989 1026 2026 oves,
1059 1977 1170 2019 inter
1190 1989 1301 2032 quas
1325 1982 1487 2020 statuat

247 2046 328 2079 nos
353 2033 560 2082 Dominus
594 2039 756 2078 noster·
777 2032 903 2076 lesus
942 2031 1157 2082 Christus,
1194 2044 1291 2075 cum
1323 2033 1487 2075 venerit

243 2088 438 2145 judicare
455 2090 573 2133 vivos
597 2087 856 2136 et'mortuos
872 2119 883 2138 ,
908 2092 950 2130 et
972 2088 1176 2130 soeculum
1201 2099 1276 2144 per
1299 2087 1456 2144 ignem.

691 2158 876 2207 SERito
895 2157 1042 2204 XLIX.

716 2248 768 2279 u>
792 2245 1026 2280 monachos,

304 2312 427 2357 Omni
449 2310 638 2354 custodia
678 2321 749 2350 cor
773 2315 888 2351 tuum
911 2303 1089 2355 ennodi,
1109 2304 1172 2359 fili
1209 2303 1267 2346 mi
1274 2314 1289 2352 ,·
1312 2315 1364 2346 ex
1397 2303 1485 2357 ipso

245 2370 353 2414 enim
380 2366 562 2422 procedit
595 2366 683 2408 vita
710 2363 853 2418 (Prov.
879 2366 956 2416 tv).
998 2359 1041 2403 ln
1088 2358 1314 2415 superficie
1335 2359 1487 2401 litterae

246 2429 423 2479 apparet
454 2426 552 2477 quia
597 2426 718 2475 pater
750 2418 940 2473 loquitur
981 2416 1033 2459 ad
1066 2417 1202 2458 tilium
1222 2446 1234 2466 ‚
1281 2415 1355 2458 sed
1390 2415 1488 2468 quis

246 2485 369 2533 patet
404 2479 456 2520 ad
490 2488 616 2531 quem
642 2471 804 2524 tilimn,
834 2485 920 2517 non
956 2472 1064 2515 satis
1086 2467 1347 2531 elucet;.1{st
1371 2469 1484 2532 enim

248 2541 369 2589 pater
407 2530 618 2588 carnalis,
645 2535 719 2574 est
750 2535 793 2572 et
826 2534 949 2584 pater
981 2527 1318 2582 spiritualissse
1348 2534 1486 2579 prinio

248 2589 482 2630 secundum
520 2597 691 2629 earnem
736 2585 953 2627 nascimur
987 2583 1039 2625 ad
1079 2581 1294 2635 laborem·;
1333 2585 1486 2622 natura

246 2644 322 2685 tilii
347 2644 420 2685 ine
437 2640 606 2698 (Ephes.
631 2638 776 2695 n);,de
798 2638 990 2682 secundo
1011 2648 1087 2695 per
1111 2647 1267 2691 aquam
1290 2638 1331 2680 et
1356 2635 1486 2690 spiri-

247 2707 336 2740 tum
364 2697 633 2741 renascimur
669 2694 720 2737 ad
737 2694 980 2750 justitiam,
1005 2697 1079 2747 per
1102 2690 1373 2749 adoptionem
1411 2690 1486 2733 tilii

246 2752 409 2810 gratias.
434 2750 740 2795 Verumtamen
758 2744 781 2799 ,¹⁹-
798 2749 835 2792 si
860 2749 1049 2792 carnalis
1080 2755 1200 2803 pater
1217 2747 1482 2802 loqueretur,

252 2807 477 2852 verisimile
492 2814 572 2856 est.
620 2803 703 2849 uod
724 2804 911 2848 humano
926 2810 969 2848 et
984 2803 1115 2846 veteri
1133 2803 1360 2858 proverbio
1381 2813 1484 2844 usus

250 2870 361 2907 esset
385 2863 438 2906 de
462 2820 661 2914 custodia
683 2860 907 2915 corporis,
931 2858 1081 2902 dicens
1103 2872 1114 2902 ;
1142 2857 1268 2902 Omni
1290 2856 1483 2901 mistodia

245 2919 406 2961 custodi
450 2929 598 2980 corpus
628 2924 761 2966 tuum,
787 2914 850 2970 fin·
866 2915 940 2958 mi.
965 2914 1128 2957 Bonum
1154 2914 1268 2957 enim
1289 2919 1482 2956 castrum

246 2974 451 3024 custodit,
475 2971 562 3029 qul=
577 2983 734 3027 corpus
752 2982 877 3014 suum
900 2970 1105 3014 custodit.
1130 2969 1281 3012 Restat
1308 2981 1411 3024 ergo
1435 2972 1481 3009 ut

245 3036 368 3084 pater
389 3028 627 3085 Spiritualis
650 3028 849 3082 loquatur
860 3027 913 3070 de
935 3025 1104 3080 justitia
1122 3023 1478 3079 spiritus.Vormn

246 3087 283 3127 is
303 3096 473 3138 qnoque
490 3079 967 3140 sillidividitur.l³rimus
992 3087 1112 3135 pater
1132 3079 1372 3135 spiritualis
1395 3083 1478 3127 est,

246 3140 318 3196 qui
343 3151 421 3183 nos
437 3142 610 3194 generat
627 3137 755 3180 verbo
775 3137 984 3185 veritatis,
999 3135 1062 3179 vel
1083 3141 1304 3189 regenerat
1322 3135 1480 3176 virtuto

245 3195 532 3248 baptismatis.
557 3192 802 3236 Secundum
824 3192 938 3234 hunc
973 3192 1145 3233 modum
1176 3190 1334 3232 dicitur
1367 3190 1480 3232 Mar·

245 3262 326 3293 cus
354 3249 470 3293 Petri
513 3249 626 3292 tilius
656 3246 694 3303 (1
718 3247 834 3289 Petr.
862 3247 919 3300 v).
956 3245 1005 3288 Et
1026 3245 1184 3288 Paulus
1221 3245 1272 3287 ad
1307 3244 1479 3288 Galatas

245 3305 386 3348 aiebat
409 3319 418 3347 ε
446 3303 610 3353 filioli,
636 3315 737 3357 quos
769 3305 920 3345 ieram
943 3304 1151 3355 parturio.
1173 3300 1300 3341 donec
1325 3301 1478 3354 forme-

247 3368 315 3402 tur
335 3358 525 3403 Christus
552 3360 594 3401 in
617 3358 728 3402 vobis
751 3357 864 3413 (Gal.
891 3361 967 3410 tv).
995 3356 1219 3399 Secundus
1252 3363 1372 3411 pater
1390 3355 1479 3411 spi-2

1242 115 1404 166 mm
1431 115 1780 162 comsToms

1509 2344 1543 2390 C

246 3415 414 3458 ritualis
436 3421 523 3464 est,
550 3413 677 3455 Pater
705 3412 870 3457 Donnini
900 3412 1036 3455 nostri
1080 3411 1181 3455 Jesu
1215 3410 1375 3460 Christi
1407 3409 1477 3467 til
1502 3402 1538 3443 D

246 3469 343 3512 Cor.
365 3471 415 3525 ι),
441 3469 566 3514 Pater
588 3468 999 3522 misericordiarum,
1025 3475 1066 3511 et
1087 3466 1200 3510 Deus
1219 3467 1349 3508 totius
1373 3479 1478 3508 con-

246 3525 470 3568 solationis
488 3556 500 3574 ,
522 3525 595 3580 qui
622 3524 870 3578 consotatur
891 3534 971 3566 nos
995 3524 1038 3565 in
1061 3522 1177 3566 omni
1202 3522 1479 3565 tribulatione

247 3583 409 3624 nostra.
430 3580 598 3624 Primus
612 3578 675 3629 εει
690 3586 812 3635 patet·
831 3587 990 3628 noster,
1004 3579 1076 3632 qui
1095 3585 1161 3620 est
1178 3579 1222 3619 in
1240 3577 1382 3627 terris;
1406 3588 1476 3618 sc·

247 3636 413 3678 cundus
429 3642 494 3678 est
509 3633 888 3688 paternoster-,qut
900 3640 963 3676 est
978 3631 1478 3686 incoelis.Proinde,quia

247 3692 410 3745 primus
430 3690 568 3733 adhuc
585 3694 650 3732 est
673 3701 787 3732 unus
802 3701 856 3732 ex
875 3688 1018 3738 nobis,
1042 3688 1196 3731 similis
1225 3687 1350 3730 nobis
1379 3698 1479 3742 pas·

246 3745 400 3795 sibilis,
425 3745 693 3788 commodius
725 3744 932 3788 dixisset:
956 3743 1081 3787 Omni
1104 3742 1300 3787 custodia
1326 3748 1478 3787 custo·

246 3802 414 3844 diamus
438 3811 512 3842 cor
534 3805 745 3849 nostrum,
765 3798 819 3841 tui
843 3798 918 3841 mi.
977 3822 980 3825 <

304 3855 508 3910 Superest
538 3867 656 3909 ergo,
676 3863 723 3896 nt
743 3854 868 3897 Pater
886 3853 1210 3908 Deusloquatur
1223 3852 1275 3896 ad
1297 3851 1471 3901 Filium,

248 3911 311 3953 vel
336 3917 382 3951 ut
398 3911 540 3952 verius
574 3910 785 3957 dicamus.
826 3909 1022 3963 loquatur
1059 3909 1170 3952 Deus
1193 3908 1319 3953 Pater
1342 3909 1396 3950 ad
1426 3908 1475 3950 li·

248 3967 342 4014 lios,
368 3966 490 4019 cujus
513 3973 597 4006 tres
614 3972 713 4007 sunt
730 3965 820 4012 tilii.
834 3962 930 4015 tob,
951 3964 1097 4008 Daniel
1112 3971 1155 4008 et
1169 3964 1273 4017 Noe,
1291 3964 1471 4013 activus,

247 4022 410 4063 scilicet
433 4027 473 4062 ct
495 4019 849 4073 ‹cntemplativus
869 4051 880 4068 ‚
914 4026 956 4061 et
995 4022 1216 4074 utriusque
1253 4019 1469 4075 praelatus.

247 4074 416 4117 Primus
448 4080 514 4116 est
543 4075 653 4116 lilius
687 4075 848 4129 gratiae,
880 4074 1096 4117 secundus
1128 4075 1239 4118 iilius
1270 4074 1475 4117 obedion-

246 4130 329 4175 tiae.
356 4130 506 4170 tertius
537 4129 648 4170 lilius
666 4128 865 4176 dexterae.
890 4130 961 4183 qui
987 4130 1161 4172 dextera
1198 4142 1360 4173 remum
1382 4141 1473 4170 aiii-

247 4187 440 4239 pfexans.
463 4189 665 4236 tanquam
691 4183 812 4226 fortis
838 4186 1063 4227 nauclerus
1084 4185 1324 4228 naviculam
1357 4183 1472 4226 Petri

247 4239 524 4294 gubernabat.
552 4237 719 4279 Prinms
744 4240 933 4281 nascitur
951 4240 991 4280 in
1023 4240 1290 4293 baptismate.
1317 4251 1472 4282 sccun-

247 4295 328 4338 dus
353 4293 393 4336 in
418 4293 580 4335 ordinis
611 4292 888 4346 professione,
913 4296 1063 4337 tertius
1082 4297 1123 4336 in
1143 4296 1347 4338 canonica
1373 4306 1471 4348 pro-

250 4349 450 4389 motione.
493 4346 739 4389 Statuamus
777 4348 918 4402 itaque
955 4349 1060 4391 istos
1103 4357 1189 4391 tres
1226 4350 1333 4391 filios
1372 4355 1470 4390 ante

249 4405 398 4452 facient
424 4401 567 4444 Patris
582 4412 748 4446 eorum.
772 4402 877 4446 Nam
898 4410 938 4446 et
960 4404 1051 4458 ipse
1075 4403 1179 4448 dixit
1201 4419 1210 4448 z
1236 4403 1468 4458 Ubicunque

217 4496 249 4509 *Q
277 4513 280 4517 .
296 4514 298 4516 .

2713 128 2822 173 (840

1451 218 1493 254 ει
1517 217 1550 262 Α
1575 211 1729 263 [aerini
1754 209 1837 251 duo
1872 215 1944 252 aut
1964 218 2047 253 tres
2085 212 2322 266 conpreqati
2353 213 2397 255 in
2428 215 2590 258 nomine
2624 230 2729 268 meo.
2764 221 2821 264 iti

1575 278 1649 321 eqo
1674 277 1765 307 sum
1791 266 1834 307 in
1871 265 2005 307 medio
2027 278 2169 308 eorum
2207 266 2378 322 (Macrin.
2404 274 2545 326 xviii).
2570 271 2620 314 Et
2643 275 2822 318 elevatis

1575 321 1714 364 oculis
1742 320 1785 362 in
1807 320 2062 371 liliossuos,
2087 324 2287 376 aperiens
2310 334 2359 367 os
2383 335 2508 367 suum
2530 326 2644 368 dicat
2664 343 2674 371 :
2702 343 2719 368 ι
2747 329 2820 372 Fi.

1575 377 1666 419 lioli
1690 407 1702 426 ,
1745 375 1891 418 audite
1927 377 2110 430 'patrem
2160 385 2353 420 vestrum
2379 409 2391 427 ,
2432 380 2634 424 inclinate
2673 395 2820 427 aurem

1573 438 1761 475 vestram
1801 431 1847 473 in
1885 432 2013 476 verba
2053 432 2143 476 oris
2175 435 2256 486 mei
2291 432 2343 475 ad
2377 435 2706 480 custodiendum
2737 450 2821 491 eag

1574 498 1672 529 narn
1707 485 1751 528 in
1783 485 2080 531 custodiendis
2116 487 2201 530 illis
2235 487 2462 531 retributio
2500 493 2652 535 multa.
2694 507 2712 533 ι
2754 494 2819 539 Ad

1573 552 1701 605 quem
1713 540 1788 583 titii
1811 553 1821 582 :
1846 554 1864 580 ‹
1883 539 2090 595 Loquere,
2109 540 2255 591 Pater,
2272 548 2314 586 et
2337 544 2564 590 audiemus
2583 552 2639 598 te;
2663 559 2820 602 praesta

1573 595 1714 644 nobis,
1739 601 1788 637 ιιι
1807 606 1901 649 qute
1918 596 2097 647 dixeris,
2119 599 2432 650 custodiamus,
2451 601 2550 656 quia
2569 614 2649 644 nec
2666 603 2818 646 saltem

1572 651 1761 705 cogitare
1783 651 1946 706 aliquid
1984 652 2086 694 honi
2107 651 2354 699 ,sullicimus
2381 666 2433 698 ex
2464 655 2588 699 nobis
2614 658 2736 710 quas-i
2763 671 2814 702 ex

1573 704 1787 762 nobis(11
1805 706 1903 749 Cor.
1923 706 2008 758 ιιι).
2041 722 2057 748 »
2076 705 2139 750 Ad
2162 720 2272 763 quos
2291 707 2447 752 Pater:
2477 724 2492 751 ι
2525 709 2656 755 Vobis
2680 714 2820 759 tribuo

1571 774 1619 804 cx
1648 762 1906 804 necessitate
1934 761 2144 805 incumbit
2176 764 2461 807 communiter
2491 767 2634 810 cordis
2669 773 2818 811 custo-

1572 817 1656 858 dla.
1693 814 1788 858 Vita
1809 816 1924 859 enim
1939 823 1981 859 et
2002 828 2119 860 mors
2144 817 2187 860 in
2212 819 2412 863 manibus
2429 821 2586 863 cordis.
2605 821 2662 865 Dc
2682 833 2821 868 morte

1571 871 1742 925 legistis
1767 871 1808 914 in
1833 870 2099 929 Evangelio:
2136 871 2195 915 De
2215 873 2338 916 corde
2358 882 2507 918 exeunt
2531 877 2662 931 furtu,
2681 878 2817 921 Ιιοιιιί-

1571 927 1698 978 cidia,
1723 926 1988 981 blasphemiae
2011 926 2184 981 (Manli.
2209 928 2280 980 xv)
2303 943 2312 971 :
2351 930 2610 986 stipendium
2632 945 2816 988 quorum

1570 994 1689 1026 mors
1726 987 1793 1025 est
1830 988 2008 1037 aeterna.
2049 981 2172 1034 Quod
2203 989 2345 1027 autem
2368 986 2456 1028 vita
2493 987 2549 1029 sit
2583 1000 2636 1031 ex
2669 990 2815 1039 corde,

1569 1037 1716 1079 audite
1738 1036 1997 1091 discipulum
2033 1049 2173 1080 mcum
2198 1038 2327 1083 unius
2354 1041 2496 1084 noctis
2523 1041 2814 1091 Salomonem.

1570 1093 1642 1146 qui
1676 1091 1734 1134 ait
1757 1107 1767 1133 ·.
1794 1091 1859 1134 Ex
1883 1091 2006 1134 corde
2042 1094 2126 1135 vita
2161 1095 2346 1146 procedit
2370 1095 2517 1140 (Pron.
2557 1097 2634 1155 ιν).
2669 1097 2751 1142 Sed
2775 1104 2818 1141 et

1569 1148 1681 1190 alius
1704 1147 1950 1203 discipulus
1971 1159 2092 1191 meus
2126 1148 2254 1191 trium
2275 1149 2439 1193 dierum
2464 1151 2625 1196 Paulus
2649 1153 2813 1209 inquitz

1571 1200 1706 1245 Corde
1723 1202 1906 1246 creditur
1925 1202 2209 1257 adjustitiam
2229 1203 2365 1259 (Rom.
2395 1207 2454 1258 x).
2482 1206 2639 1254 Verum
2663 1215 2819 1264 prat-ter

1570 1256 1680 1300 lianc
1701 1269 1971 1300 communem
1992 1258 2115 1302 vobis
2137 1259 2394 1312 custodiam,
2416 1273 2445 1304 o
2468 1261 2526 1305 lili
2547 1265 2718 1318 gratiae,
2739 1264 2816 1307 tibi

1570 1314 1780 1376 incumbit
1796 1313 1994 1356 custodia
2029 1314 2160 1357 etiam
2184 1317 2396 1372 corporis.
2419 1317 2572 1361 Adhuc
2596 1319 2708 1364 enim
2737 1320 2817 1362 lia-

1568 1367 1681 1410 bitas
1701 1367 1747 1411 in
1787 1368 1928 1411 medio
1955 1369 2145 1412 nationis
2167 1382 2324 1425 pravae.
2355 1371 2490 1416 frater
2513 1373 2748 1417 draconum
2772 1380 2817 1418 et

1569 1422 1861 1465 struthionum
1888 1424 2059 1467 socius:
2079 1423 2221 1467 adhuc
2243 1427 2396 1482 gemis,
2416 1428 2530 1472 sicu-t
2546 1429 2682 1472 lilium
2703 1430 2816 1472 inter

1568 1478 1731 1532 spinas,
1755 1477 1870 1521 sicut
1893 1490 2075 1533 granum
2099 1479 2213 1522 inter
2236 1481 2398 1536 paleas.
2436 1482 2623 1527 Proinde
2646 1491 2720 1527 tua
2744 1485 2815 1527 in⁴

1569 1539 1720 1597 aerest.
1745 1539 1792 1575 ιιι
1816 1534 2036 1578 custodias
2064 1535 2258 1590 quinque
2283 1549 2489 1582 sensuum
2514 1539 2726 1591 officinas,
2759 1551 2815 1583 ne

1567 1600 1645 1643 pet·
1675 1594 1887 1632 tenestras
1921 1601 2070 1633 eorum
2096 1603 2214 1633 mors
2243 1591 2509 1648 ingrediatur
2537 1594 2591 1638 ad
2628 1595 2815 1638 animam

1566 1649 1703 1687 tuam.
1723 1643 2088 1699 concupiscibilia
2108 1646 2299 1702 quotidie
2317 1648 2453 1700 vides,
2481 1650 2606 1695 audis
2629 1651 2813 1700 ludicra.

1568 1699 1725 1742 odoras
1760 1698 2012 1764 fragrantia,
2042 1709 2192 1754 gustas
2223 1702 2434 1756 J‘uctmda,
2467 1706 2611 1762 tangis
2646 1707 2812 1750 suavia.

1569 1751 1653 1796 Sed
1678 1760 1734 1817 *et
1771 1757 1868 1806 tibi,
1896 1766 1923 1797 o
1954 1754 2012 1798 lili
2041 1757 2244 1805 dexterae,
2270 1757 2552 1805 nihilominus
2584 1762 2732 1806 eadem
2757 1762 2816 1804 sit

1569 1820 1715 1852 cat-ms
1755 1810 1969 1853 custodia.
2012 1809 2098 1855 Vos
2136 1813 2250 1855 enim
2286 1814 2372 1856 duo
2409 1815 2562 1860 lucetis
2592 1815 2637 1860 in
2674 1817 2818 1860 medio

1601 1876 1712 1907 ravae
1743 1865 1935 1910 nationis
1963 1873 2168 1922 tanquam
2205 1867 2278 1911 lux
2315 1869 2402 1912 fixa
2437 1870 2480 1914 in
2525 1866 2815 1916 tirntamento.
2888 1870 2890 1872 ’

1606 1932 1713 1976 uper
1731 1919 1839 1963 haecv
1859 1929 2002 1965 autem
2031 1921 2264 1966 commissa
2298 1930 2365 1967 est
2401 1924 2478 1968 tibi
2499 1928 2699 1971 custodia
2724 1926 2815 1970 fra-

1552 1980 1700 2018 trum.
1721 1974 2029 2030 Speculatorem
2054 1983 2092 2020 te
2108 1976 2203 2020 dedi
2217 1977 2359 2021 domui
2378 1979 2516 2024 lsrael
2531 1981 2702 2038 (Erech.
2724 1984 2813 2038 ιιι).

1567 2029 1782 2082 Quocirca
1814 2038 1859 2074 tu
1889 2031 1955 2086 fili
1992 2030 2177 2075 dexterae
2203 2035 2316 2076 omni
2353 2036 2543 2079 custodia
2564 2036 2819 2081 custodicor

1570 2092 1703 2135 tuum,
1731 2093 1772 2130 et
1794 2098 1971 2131 carnem
1996 2093 2131 2138 tuam,
2155 2095 2195 2131 ct
2233 2101 2402 2146 gregem
2438 2095 2577 2137 tuum.
2613 2092 2675 2136 Tu
2714 2105 2817 2136 vero

1568 2140 1634 2195 fita·
1671 2142 1837 2197 gratim,
1867 2142 1980 2185 ouini
2012 2141 2202 2186 custodia
2226 2145 2389 2188 custodi
2409 2158 2482 2190 cor
2515 2154 2631 2190 tuum
2650 2154 2692 2192 et
2717 2161 2815 2192 ear-

1568 2208 1666 2240 nem
1691 2203 1826 2252 tuam,
1851 2203 1899 2240 ut
1925 2197 2045 2241 dicas
2074 2209 2171 2241 cum
2206 2197 2464 2246 Psalmista:
2491 2201 2575 2246 Gor
2606 2217 2741 2248 vacum
2767 2212 2815 2247 -et

1569 2263 1668 2295 caro
1705 2259 1797 2294 mea
1847 2252 2160 2296 exsultaverunt
2205 2254 2247 2297 in
2302 2255 2436 2300 Deum
2485 2271 2620 2302 memn
2661 2258 2811 2316 (psat.

1568 2306 1857 2363 unni).-Tu
1883 2319 1985 2352 vero
2007 2309 2065 2365 tili
2085 2308 2356 2365 obedientiae,
2381 2313 2594 2370 elongasti
2621 2313 2811 2371 fugiens,

1569 2369 1612 2406 et
1634 2370 1823 2427 manens·
1839 2364 1882 2407 in
1911 2364 2142 2408 solitudine
2162 2375 2335 2419 carnem
2357 2373 2474 2410 tuam
2502 2371 2546 2412 in
2571 2376 2662 2414 tut-o
2685 2370 2816 2414 collo·

1569 2419 1697 2464 casti,
1736 2420 1941 2475 tunquam
1981 2420 2025 2462 in
2059 2431 2160 2463 arce
2185 2421 2373 2471 sublimi.
2409 2435 2462 2467 ne
2484 2423 2814 2468 circumlatran-

1568 2473 1676 2529 tium
1696 2472 1903 2529 fluctuum
1940 2475 2187 2519 incursibus
2213 2478 2484 2520 concutiatur
2505 2490 2530 2522 a
2555 2481 2694 2536 longe.
2730 2479 2816 2525 So·

1568 2541 1672 2590 num
1695 2529 1888 2573 littorum
1911 2530 2052 2580 audis,
2086 2530 2356 2587 naufragium
2387 2545 2486 2577 veru
2518 2533 2608 2580 non
2631 2536 2811 2590 perhor-

1567 2585 1718 2628 rescis.
1759 2585 1972 2637 Quocirca
1997 2587 2111 2628 omni
2149 2586 2338 2630 custodia
2374 2589 2538 2633 custodi
2567 2603 2641 2637 cor
2672 2598 2809 2643 aarum,

1570 2640 1635 2695 fili
1657 2641 1744 2690 mi,·
1782 2641 1912 2694 hujus
1936 2641 2049 2684 enim
2075 2642 2203 2686 unius
2227 2649 2377 2687 custos
2399 2657 2462 2693 es,
2493 2646 2607 2691 unde
2632 2652 2678 2692 et
2714 2658 2811 2692 mo-

1565 2695 1733 2739 nachus
1756 2696 2002 2753 appellaris.
2018 2694 2244 2750 Praeterea,
2264 2697 2401 2750 tilioli,
2419 2700 2649 2756 diligenter
2670 2707 2812 2746 atten·

1565 2751 1668 2801 dite,
1695 2763 1832 2806 quare
1849 2750 2030 2795 dixerim
2055 2764 2131 2796 cor
2152 2753 2482 2798 custodiendum
2515 2758 2632 2802 omni
2655 2764 2806 2803 custo·

1563 2806 1661 2859 dia;
1686 2808 1938 2850 translative
1959 2807 2074 2850 enim
2098 2806 2261 2852 dictum
2285 2815 2368 2862 est,
2393 2809 2475 2854 sub
2499 2811 2665 2862 ratione
2683 2807 2806 2857 simi-

1564 2861 1776 2906 titudinis.
1810 2861 1938 2905 Vides
1972 2863 2215 2918 quempiam
2251 2864 2334 2907 sub
2371 2865 2471 2907 divo
2500 2861 2808 2924 ambutantetn,

1564 2928 1732 2960 ceream
1770 2918 1956 2961 satuilam
1993 2929 2247 2962 succensam
2281 2920 2547 2966 inmanibus
2578 2921 2805 2972 ferentem,

1564 2977 1746 3027 utraque
1786 2985 1915 3016 manu
1951 2974 2259 3030 circumposita
2294 2977 2484 3019 custodit
2522 2986 2635 3028 eam,
2671 2989 2726 3021 ne
2765 2979 2806 3025 vi

1563 3032 1789 3071 ventorum
1813 3028 2130 3083 exstinguatur,
2154 3034 2197 3073 et
2233 3030 2269 3073 si
2294 3031 2552 3087 quandoque
2587 3032 2806 3082 aduritur.

1562 3083 1778 3127 ustionem
1811 3083 2007 3127 sustinet·
2028 3084 2257 3139 patientem
2290 3083 2336 3128 In
2371 3086 2485 3130 hunc
2516 3087 2690 3132 modum
2728 3091 2806 3133 cor·

1563 3146 1753 3181 vestrum
1795 3139 2082 3181 illuminatum
2113 3132 2308 3197 gestatis,
2350 3146 2554 3197 tanquam
2581 3143 2804 3187 lucernam

1563 3193 1782 3236 ardentem
1825 3195 1867 3236 in
1903 3195 2121 3244 manibus,
2162 3201 2208 3238 nt
2234 3194 2390 3240 dicatis
2408 3209 2430 3241 :⁴
2451 3198 2606 3240 Anima
2639 3211 2729 3241 mea
2757 3200 2803 3241 in

1560 3249 1753 3291 manibus
1802 3250 1903 3291 meis
1945 3254 2104 3302 semper
2144 3249 2280 3306 (Psal.
2316 3251 2486 3309 cxvn't).
2535 3251 2806 3297 illuminatur

1561 3314 1662 3346 voro
1689 3316 1782 3353 cor,
1810 3304 1985 3359 quando
2022 3305 2103 3348 scit
2126 3303 2277 3354 Deum,
2303 3307 2417 3350 scire
2437 3315 2598 3357 amem,
2622 3314 2689 3352 est
2723 3321 2802 3354 cu-

1559 3358 1722 3402 stodire
1759 3360 1960 3402 mandata
1996 3359 2106 3414 ejus,
2143 3359 2384 3405 secundum
2416 3362 2550 3406 illud:
2572 3363 2670 3416 >Qui
2699 3363 2802 3406 dicit

1560 3427 1604 3457 se
1621 3426 1740 3458 nosse
1764 3416 1912 3464 Deum,
1936 3422 1975 3456 et
2009 3414 2210 3457 mandata
2235 3415 2325 3470 ejus
2357 3429 2438 3460 non
2463 3420 2661 3468 custodit,
2687 3432 2800 3462 men·

1559 3469 1644 3511 dax
1662 3475 1723 3512 est
1743 3467 1782 3525 (1
1801 3468 1931 3512 Joan.
1958 3469 2023 3524 u).
2050 3469 2316 3523 illuminatur
2332 3477 2474 3515 autem
2507 3485 2581 3528 per
2607 3473 2726 3523 tria,
2779 3485 2802 3516 ι·

1558 3525 1867 3578 poenitudinem
1913 3525 2180 3576 accend.tur,
2217 3537 2293 3580 per
2325 3528 2634 3571 correctionem
2657 3541 2706 3572 ar
2737 3536 2797 3580 et,

1561 3592 1634 3634 per
1668 3579 1999 3622 sollicitudinem
2037 3580 2164 3622 lucet.
2204 3580 2323 3625 Hanc
2354 3581 2508 3637 lucem,
2535 3583 2620 3626 nisi
2652 3591 2800 3628 custo-

1557 3636 1715 3684 dia-tur,
1749 3641 1838 3677 tres
1872 3636 1986 3677 venti
2034 3635 2332 3691 exstinguunt.
2369 3636 2481 3680 Caro
2524 3639 2579 3682 ob
2611 3639 2793 3687 oriente..

1556 3703 1703 3743 corpus
1721 3690 1846 3739 enim,
1860 3689 1968 3745 quod
1983 3692 2223 3743 corruptum
2235 3698 2296 3734 est
2311 3691 2585 3747 originaliter,
2599 3701 2796 3750 ayqrawt

1557 3747 1758 3795 animam,
1786 3753 1825 3787 et
1856 3753 2017 3788 terrena
2039 3745 2242 3789 habitatio
2264 3747 2463 3802 deprimit
2480 3761 2643 3792 sensum
2661 3749 2794 3795 multa

1556 3802 1803 3855 coyitamem
1829 3799 1948 3855 (Sap.
1977 3801 2054 3856 tx).
2075 3799 2340 3845 Munda-sai)
2366 3800 2605 3853 occidente,
2638 3805 2793 3850 transit

1555 3856 1668 3899 enim
1684 3857 1726 3898 in
1736 3867 1936 3898 occasum
1951 3855 2152 3906 mundus,
2165 3858 2357 3913 etomnis
2371 3858 2502 3912 gloria
2514 3858 2625 3912 ejus.
2643 3857 2794 3903 Diabo-

1556 3911 1622 3954 lus
1639 3911 1691 3953 ab
1711 3911 1925 3965 aquilone.
1957 3909 2115 3955 Auster
2129 3914 2233 3966 veroj
2259 3913 2393 3955 nutrit
2419 3912 2561 3967 ignem
2588 3913 2790 3958 lucernae.

1554 3964 1690 4008 Porro
1714 3967 1808 4008 dum
1831 3978 1984 4009 manus
2014 3965 2307 4011 custodientes
2330 3968 2548 4010 lucernam
2575 3967 2619 4012 iu
2651 3970 2801 4014 activa

1555 4026 1655 4064 sunt
1668 4020 1948 4076 eleemosynae
1960 4016 2243 4084 etjeJunium'.
2263 4020 2309 4064 ln
2328 4022 2503 4076 praelato
2527 4021 2721 4067 doctriua
2746 4029 2790 4067 ct

1555 4076 1662 4125 νίκη
1681 4077 1725 4118 in
1750 4077 2096 4131 contemplativo,
2114 4076 2241 4119 lectio
2255 4076 2464 4120 etorssuio.
2496 4076 2695 4121 Audistis·
2713 4090 2789 4132 paq

1554 4138 1661 4177 trem
1686 4131 1927 4185 loquentem
1947 4142 2044 4174 cum
2070 4130 2169 4174 tiliis
2190 4131 2242 4174 de
2259 4132 2454 4175 custodia
2478 4132 2620 4176 cordis
2638 4141 2787 4180 contra

1550 4194 1772 4229 ventorum
1805 4186 2068 4229 violentiam.
2103 4185 2404 4230 Verumtamen
2440 4188 2638 4231 diffusius
2663 4199 2787 4255 agere

1553 4241 1865 4295 possumus'de
1903 4252 2081 4285 numero
2101 4247 2343 4292 ventorum,
2374 4247 2416 4285 et
2435 4243 2650 4286 violentia.
2677 4241 2787 4287 bunt

1551 4297 1663 4338 enim
1697 4297 1916 4351 generales
1938 4307 2011 4340 sex
2036 4297 2308 4344 tentationes,
2328 4309 2423 4351 quae
2458 4298 2660 4342 miserum
2685 4309 2781 4353 pre-

1551 4358 1672 4392 munt
1697 4352 1912 4405 spiritum.
1939 4357 1982 4394 et
2011 4350 2097 4394 fere
2120 4352 2366 4406 opprimunt
2391 4367 2402 4394 :
2427 4364 2521 4406 quae
2547 4353 2784 4396 secundum

1552 4417 1623 4448 sex
1667 4406 1823 4450 locales
1858 4417 2085 4461 corporum
2126 4407 2363 4461 positiones
2397 4407 2660 4452 considerari
2685 4417 2786 4462 pos·

2922 3918 2924 3929 ι

2923 3956 2924 3966 ι

2923 3980 2924 3988 ι

2922 3993 2924 4004 t

2878 4126 2888 4136 a
