2924 4588
241 154 351 202 1035
568 163 596 198 ο

603 238 827 282 Βὶειίηούο
853 243 1099 291 tempotum.
1222 283 1227 288 ⁶

293 315 425 372 Gajus
448 326 555 370 papa
604 312 713 354 sedit
737 309 863 353 annis
886 308 1102 360 undecim,
1128 307 1350 351 mensibus
1375 317 1482 362 qua-

242 396 352 436 tuor,
379 388 531 432 «liebus
546 383 788 428 dundeeim.
807 381 959 427 Cessat
981 379 1146 436 papalis
1165 379 1367 423 cathedra
1386 384 1483 434 post

240 472 335 503 eum
355 458 505 501 diebus
527 468 617 499 sex.

292 528 569 576 Aurelianus,
611 532 802 579 tempore
828 522 921 578 Gaji
961 533 1096 579 papae,
1142 520 1322 576 imperat
1356 519 1482 563 annis

240 600 445 656 quinque,
471 603 514 640 et
541 596 763 640 mensibus
787 608 879 639 sex.
907 593 992 639 Iste
1014 593 1178 638 Gothos
1201 605 1370 637 summa
1394 594 1482 636 vir-

241 681 329 717 tute
347 671 576 728 depressit,
604 679 644 714 et
668 669 847 713 Romam
875 671 1013 714 muris
1037 667 1302 712 firmioribus
1327 668 1479 720 cinxit,

240 753 279 789 ct
305 745 417 788 Solis
443 744 647 800 templum
682 742 938 791 construxit.
959 740 1004 784 ln
1026 740 1301 787 Christianos
1325 741 1395 784 ille
1409 753 1486 785 no-

239 829 338 860 nam
388 817 731 872 persecutionem
781 813 1032 858 concitavit.
1060 812 1135 870 vEt
1175 813 1267 870 ipse
1309 813 1483 859 tandem

240 891 410 933 occisus
430 895 510 934 est.

295 962 469 1007 Tacitus
506 962 757 1018 imperator,
784 961 981 1005 similiter
1005 961 1097 1019 Gaji
1132 974 1253 1019 papae
1272 968 1481 1019 tempore,

238 1042 388 1092 regnat
411 1037 633 1080 mensibus
653 1048 744 1080 sex.

293 1108 395 1152 item
429 1107 674 1159 Florianus,
712 1107 793 1152 sub
826 1108 976 1153 eodem
1001 1107 1130 1166 Gajo,
1148 1115 1301 1166 regnat
1323 1108 1485 1155 mensi-

239 1181 321 1225 bus
340 1182 495 1225 tribus.

1174 141 1462 188 GODEFsslDl
1491 138 1869 188 VlTERBlssNSlS

1503 203 1540 285 A
1564 232 1676 287 ejus,
1699 233 1875 277 nomine
1895 231 2034 284 Iohel,
2062 234 2228 290 accepit
2255 246 2450 288 uxorem,
2475 236 2530 282 de
2551 249 2636 294 qua
2662 241 2813 296 genuit

2692 149 2801 198 1080
2821 173 2832 193 2>

1563 303 1912 348 Constantinum.
1951 303 2158 357 Quamvis
2187 307 2261 350 aiii
2296 314 2495 353 asserant
2532 309 2673 367 ipsum
2695 312 2816 358 Con-
2860 360 2862 363 ,

1565 373 1804 417 stantinum
1829 373 1964 419 fuisse
1980 375 2182 430 spurium
2203 375 2337 420 filium
2360 376 2548 431 lielenae,
2567 381 2722 435 pueliae
2741 388 2812 427 ta·

1563 447 1792 497 bernariae,
1816 448 1860 489 in
1878 445 2038 491 tinibus
2054 446 2286 492 Persarum
2311 451 2530 506 genitum;
2561 453 2664 497 dunt
2689 461 2815 510 pater

1563 520 1659 576 ejus
1681 518 1980 572 Constantius,
2016 533 2097 577 pro
2126 522 2380 578 colligendis
2405 523 2579 570 tributis
2606 526 2811 581 publicis,

1564 592 1776 650 legatione
1807 592 1861 646 =in
1891 591 2072 639 Perside
2107 593 2374 651 fungeretur.
2407 595 2504 651 lpse
2526 595 2815 643 Constantius

1564 669 1702 731 pater,
1725 660 1939 719 iii-Anglia
1957 664 2077 721 apud.
2091 664 2335 710 Eboracum
2361 667 2524 710 dicitur
2545 676 2643 713 esse
2666 670 2815 725 sepul*
2868 706 2871 707 γ

1565 743 1650 781 tus.

1618 808 1780 855 Eodem
1803 817 1997 866 tempore
2020 807 2262 852 Maxentius
2283 808 2397 852 lilius
2427 808 2693 864 Maximiani,
2725 809 2815 856 Ro-

1564 892 1644 922 mae
1660 887 1832 926 creatus
1856 886 1921 924 est
1957 879 2193 935 imperator
2221 894 2231 922 :
2256 892 2381 935 quem
2405 879 2687 939 Constantius
2698 888 2842 939 post-v,

1569 966 1619 996 ea
1649 966 1671 996 a
1694 952 1905 998 Romanis
1926 961 2132 1005 vocatus,
2159 953 2284 1009 juxta
2316 961 2488 1009 pontem
2513 955 2645 999 Milvii
2675 955 2814 1002 inter-

1564 1024 1699 1081 iecit;
1743 1033 1787 1070 et
1827 1027 1920 1083 ipse
1950 1027 2157 1083 ,regnavit
2193 1027 2321 1070 annis
2360 1028 2553 1084 triginta,
2590 1030 2820 1076 mensibus

1563 1097 1734 1144 decem..
1755 1098 1951 1156 Regnum
1977 1112 2076 1144 vero
2099 1099 2335 1156 Britanniae
2359 1099 2573 1147 ‘racherio
2598 1103 2839 1155 avunculo„

1566 1184 1646 1216 suo
1667 1174 1854 1231 reliquit.
1882 1174 1932 1217 Et
1956 1174 2080 1231 prius
2109 1174 2282 1231 quidem
2305 1166 2587 1222 Christianos*
2609 1189 2828 1233 persecu-·

294 1254 477 1305 Probus,
498 1254 578 1297 sub
599 1252 748 1297 eodem
766 1252 873 1309 GaJo
891 1262 1016 1310 papa,
1036 1253 1217 1311 imperat
1242 1254 1367 1299 annis
1390 1267 1482 1306 sex,
1565 1252 1637 1291 ωδ
1654 1254 1736 1299 88¹2
1764 1253 1915 1303 P⁰⁵²e³
1940 1259 2043 1292 ”0¹⁷⁰
2065 1259 2141 1303 901'
2168 1246 2438 1305 Sylvefflmm
2467 1261 2623 1306 papam
2648 1252 2818 1300 aecem*

239 1335 279 1373 et
297 1329 518 1373 mensibus
539 1335 741 1384 quatuor.
1066 1363 1070 1366 .

626 1397 851 1445 Distinetio
873 1410 1118 1456 tentporum.

292 1491 563 1536 Marcellinus
589 1503 700 1547 papa
736 1489 846 1535 sedit
877 1491 1004 1535 annis
1033 1503 1206 1545 novem,
1258 1492 1484 1538 mensibus

238 1564 444 1619 quinque,
461 1563 615 1607 diebus
638 1562 881 1608 duodecim.
901 1559 1053 1609 Cessat
1080 1563 1233 1609 diebus
1251 1567 1342 1609 sex'.

290 1639 429 1683 Carus
462 1633 711 1695 imperator,
747 1648 859 1681 cumv
879 1639 979 1683 filiis
1010 1639 1103 1684 suis
1122 1639 1298 1691 Carino,
1325 1646 1368 1684 et
1394 1638 1486 1683 Nu*-

236 1712 445 1764 meriano,
476 1717 668 1766 tempore
701 1709 938 1754 Marcellini
977 1722 1113 1767 papae,
1142 1711 1324 1766 imperat
1357 1713 1485 1756 annis

238 1783 393 1828 trihus.
418 1782 502 1827 lste
525 1783 707 1827 devictis
724 1781 870 1828 Persis
894 1795 993 1826 cum
1015 1790 1128 1828 esset
1153 1797 1283 1840 supra
1307 1784 1483 1828 fluvium

237 1856 470 1913 Tigridem,
497 1868 595 1900 cum
623 1856 793 1901 duobus
818 1856 917 1901 liliis
940 1857 1048 1910 suis,
1087 1858 1174 1901 ictu
1194 1859 1386 1903 fulminis
1411 1871 1484 1904 oc-

236 1929 355 1975 cisus
374 1935 456 1974 est.
860 1943 863 1946 ·
1324 1937 1326 1939 ’

291 2002 516 2047 Marcellus
553 2014 665 2060 papa
707 2001 818 2047 sedit
858 2003 987 2047 annis
1024 2016 1177 2048 novem
1206 2037 1218 2060 ,
1261 2005 1484 2051 mensibus

236 2077 440 2133 quinque,
458 2083 500 2121 ct
517 2075 670 2121 diebus
686 2075 839 2133 viginti
863 2089 965 2121 uno.
990 2076 1284 2123 Cessatsedes
1300 2081 1483 2137 papalis,

235 2150 387 2194 dicbus
403 2149 568 2205 viginti.
939 2167 944 2173 ·

280 2219 584 2267 Diocletianus
601 2227 642 2266 et
661 2221 960 2274 Maximianus,
982 2232 1173 2280 tempore
1190 2223 1396 2279 Marcelli,
1410 2226 1487 2271 iin-

236 2301 357 2350 pcrat
407 2296 534 2340 annis
583 2295 751 2353 viginti.
796 2285 1089 2343 Diocletianus
1141 2299 1310 2344 socium
1353 2305 1482 2346 suum

1511 1303 1739 1364 Bsacrum
1761 1320 2040 1376 baptismum.
2090 1360 2094 1365 ,
2132 1348 2135 1351 -

1622 1393 1842 1451 sylvester
1874 1386 1982 1451 papa
2010 1393 2119 1438 sedit
2145 1394 2272 1439 annis
2311 1394 2465 1453 viginti
2490 1394 2632 1442 tribus
2651 1429 2664 1450 ,
2694 1409 2820 1442 meu·
2862 1442 2867 1447 ,

1565 1467 1873 1512 sibusdecem.
1900 1467 2224 1513 Cessat÷diebus
2241 1468 2508 1526 quindecim.
2827 1510 2830 1511 a
2857 1530 2860 1534 Δ

1619 1538 1706 1586 lste
1732 1540 1966 1598 Sylvester,
2001 1553 2116 1590 anno
2143 1547 2300 1598 quarto
2323 1543 2495 1600 imperii
2520 1540 2814 1596 Constantini,
2836 1563 2841 1569 ’
2863 1580 2866 1588 .

1563 1613 1707 1659 sactus
1729 1621 1797 1659 est
1825 1626 1951 1673 papa,
1974 1621 2019 1659 et
2047 1627 2146 1659 eum
2169 1615 2419 1672 baptizavit.
2456 1616 2558 1670 Sed,
2590 1618 2703 1662 sieut
2720 1616 2830 1660 Tri-

1563 1689 1723 1744 partita
1755 1695 1908 1732 narrat
1938 1688 2141 1741 historia,
2166 1694 2214 1734 et
2236 1687 2452 1735 Eusebius
2471 1688 2755 1735 Caesariensis
2771 1688 2830 1736 jn„
2865 1746 2871 1755 ξ

1562 1760 1795 1807 Chronicis
1823 1767 2026 1814 testatur,
2053 1763 2149 1819 ipse
2181 1769 2332 1819 postea
2364 1763 2659 1820 rebaptizatus
2690 1768 2759 1808 est
2791 1775 2817 1806 a

1562 1835 1752 1891 quodam
1787 1834 1976 1880 Eusebio
2006 1834 2187 1889 Ariano,
2229 1836 2434 1893 episcopo
2468 1835 2747 1887 Nicomediae,
2773 1835 2817 1881 in
2835 1846 2844 1874 ’.
2868 1885 2876 1898 4,

1563 1908 1664 1952 villa
1689 1921 1786 1965 quae
1808 1915 1987 1953 vocatur
2009 1908 2239 1966 Aquilona.
2859 1971 2861 1974 Ι

1618 1981 1952 2036 Constantinus,
1972 1989 2167 2040 tempore
2189 1981 2399 2042 sylvestri
2418 1987 2462 2028 et
2482 1973 2656 2027 Martini
2672 1993 2814 2040 papae,
2864 2013 2874 2051 5

1564 2052 1748 2111 imperat
1783 2055 1910 2099 annis
1949 2055 2160 2112 triginta,
2190 2054 2417 2100 mensibus
2457 2053 2622 2099 decem.
2649 2053 2709 2098 De
2730 2066 2818 2111 quo

1565 2130 1672 2173 satis
1708 2128 1865 2174 diffuse
1892 2130 1939 2173 in
1976 2141 2160 2186 corpore
2198 2124 2340 2186 hujus
2362 2127 2481 2182 libri,
2521 2129 2604 2174 suh
2627 2134 2816 2174 tractatu
2866 2142 2873 2159 ¹

1564 2200 1896 2258 imperatorum,
1923 2202 2059 2247 locuti
2072 2213 2243 2248 sumus.
2699 2235 2701 2237 -
2866 2205 2869 2250 s

1621 2266 1793 2319 Marcus
1816 2285 1928 2332 papa
1969 2276 2082 2321 sedit
2103 2277 2229 2321 annis
2251 2275 2438 2330 duobus,
2458 2277 2682 2324 mensibus
2697 2281 2814 2330 octo,
2866 2275 2869 2299 7

237 2368 542 2412 Maximianum
561 2371 751 2427 suscepit
767 2371 813 2415 in
835 2370 1080 2430 imperium,
1101 2366 1345 2433 eumduein
1368 2374 1486 2423 Ari-i-
1506 2369 1545 2421 c
1567 2346 1720 2393 diebus
1742 2347 1916 2405 vigim·
1938 2348 2095 2394 ⁶⁰⁸³²²
2126 2349 2284 2395 (ΗΘΜ
2312 2349 2580 2416 ql¹³¹¹d⁰⁰¹¹¹¹⁴
2601 2349 2687 2397 ¹⁵⁸⁰
2702 2349 2819 2396 Μ’·

236 2455 332 2486 cam
374 2443 548 2496 direxit,
584 2450 633 2488 ut
678 2458 772 2489 eam
808 2445 1058 2492 defenderet
1082 2459 1107 2492 a
1138 2448 1484 2508 Quingentianis.

240 2515 455 2561 Praeterea
482 2518 629 2573 plures
653 2517 846 2564 Caesares
879 2520 963 2565 sibi
984 2521 1127 2579 elegit,
1143 2509 1351 2571 'videlicet
1373 2526 1489 2573 Con-

239 2588 465 2640 stantium,
503 2587 735 2642 Licinium,
767 2596 811 2634 et
833 2586 1069 2638 Galerium.
1099 2593 1194 2651 lpse
1221 2593 1351 2642 etia'm
1380 2598 1487 2653 >Dio-

237 2658 449 2703 cletianus
492 2660 866 2716 tanquam'Deu‘m
900 2675 948 2708 se
974 2658 1146 2709 adorari
1182 2662 1401 2725 praecepit‘,
1443 2675 1487 2715 et

238 2733 331 2787 ipse
347 2733 467 2789 prior
481 2745 671 2789 gemmas
688 2733 732 2777 in
743 2735 952 2788 vestibus,
969 2743 1011 2781 et
1019 2738 1064 2781 in
1072 2739 1374 2786 calceamentis
1385 2753 1488 2800 por-

238 2806 358 2850 tavit.
377 2804 505 2850 Prius
526 2805 640 2849 enim
663 2818 787 2863 reges
804 2806 893 2862 alii,
918 2808 1009 2853 sola
1026 2815 1218 2867 purpura
1236 2813 1483 2859 utebantur.

239 2875 530 2922 Diocletianus
571 2877 651 2923 iste
694 2879 739 2922 in
778 2876 986 2934 Oriente,
1028 2888 1070 2927 et
1109 2872 1397 2932 Maximianus
1433 2872 1486 2933 ⁴in

239 2949 486 3002 Occidente,
519 2962 669 2996 omnes
707 2942 915 2999 ecelesias
952 2955 1302 3005 Christianorum
1334 2963 1487 3018 praeci-

240 3023 363 3079 piunt
386 3025 620 3075 devastari,
658 3033 702 3069 et
741 3027 876 3071 libros
910 3028 1125 3084 comburi,
1143 3034 1186 3078 et
1209 3032 1485 3082 Christianos

238 3108 390 3140 omnes
414 3096 570 3142 occidi.
596 3095 679 3140 ista
693 3100 937 3154 persecutio
957 3101 1140 3157 decima,
1165 3107 1367 3154 omnibus
1389 3111 1486 3156 aliis

241 3169 487 3218 immanior.
506 3175 547 3213 et
570 3168 814 3215 diuturnior
838 3169 1260 3230 luit.fiDiocletianus
1275 3180 1348 3226 ille
1370 3184 1485 3239 apud

240 3239 548 3294 Nicomediam,
576 3249 618 3287 et
653 3242 940 3290 Maximianus
962 3245 1207 3306 Mediolani,
1243 3265 1481 3312 purpuram

240 3313 545 3370 deposuerunt.

614 3386 837 3434 Distinctio
864 3394 1109 3448 temporum.

297 3474 506 3521 Eusebius
544 3489 662 3534 papa»
699 3478 810 3523 sedit
851 3482 993 3527 annis>
1019 3484 1216 3539 duobus,
1260 3491 1483 3537 mensibus

241 3549 422 3595 duobus.
473 3550 567 3608 lpse
608 3558 751 3596 autem
782 3559 825 3598 et
854 3559 1136 3616 suprascripti
1173 3573 1294 3619 papae
1331 3576 1482 3613 omnes

241 3628 450 3676 martyres
479 3621 663 3668 suerunt.

224 3711 227 3717 ·
294 3691 574 3741 Constantius
610 3705 653 3742 et
693 3698 906 3754 Galerius,
944 3711 988 3748 et
1037 3703 1231 3754 Licinius
1268 3709 1478 3766 Caesarcs,

244 3763 511 3819 Diocletiani,
538 3774 728 3827 tempore
758 3774 932 3820 Eusebii
966 3790 1087 3834 papa:
1114 3779 1307 3836 suerunt,
1332 3790 1374 3829 et
1402 3786 1483 3829 im·

243 3836 407 3889 perium
436 3837 677 3887 Romanum
704 3855 925 3893 rexerunt.

616 3931 840 3978 Diatirtctio
862 3944 1103 3994 temporum.

296 3998 509 4046 Miltiades
544 4016 651 4060 papa
693 4008 801 4052 sedit
841 4012 968 4056 annis
1004 4021 1167 4071 septem
1195 4048 1207 4069 ,
1254 4019 1479 4066 mensibus

241 4078 403 4127 septem
423 4074 466 4117 in
489 4086 662 4131 papatu.

296 4141 521 4196 Valerius,
556 4154 598 4191 ct
634 4149 930 4206 Constantius,
971 4163 1014 4201 et
1048 4158 1241 4205 Licinius
1283 4162 1477 4210 Caesares

240 4225 369 4268 supra
402 4221 641 4271 memorati,
669 4231 866 4278 regnant,
889 4233 1080 4283 tempore
1103 4231 1306 4279 Miltiadis
1338 4248 1474 4293 papae,

241 4286 366 4329 annis
382 4287 566 4340 duobus,
593 4304 775 4346 quorum
797 4295 1076 4345 Constantius
1097 4302 1348 4359 Hispaniam
1371 4308 1477 4351 sub·

239 4358 341 4411 egit,
370 4366 412 4401 et
438 4359 491 4403 de
524 4361 772 4408 Alemannis
805 4369 1102 4425 triumphavit,
1133 4381 1175 4419 et
1200 4377 1330 4422 tiliam
1359 4381 1474 4436 regis

241 4428 485 4484 Britanniae,
519 4434 691 4478 nomine
723 4436 944 4495 Helenam,
980 4445 1184 4491 defuncto
1204 4451 1325 4505 prius
1350 4458 1478 4507 patre·

1574 2431 1655 2465 cus
1675 2432 1803 2477 papa,
1833 2420 1915 2465 l'uit
1940 2422 2209 2479 temporibus
2226 2422 2504 2469 Constantini
2522 2423 2812 2481 imperatoris.

1942 2492 2178 2539 Disttnctio·
2193 2482 2437 2550 tem‘porum.
2854 2487 2856 2489 ’

1621 2562 1762 2609 Julius
1783 2577 1896 2623 papa
1939 2566 2052 2612 sedit
2070 2566 2200 2618 annis
2217 2564 2685 2621 undecim,‘mensibus
2705 2568 2816 2614 duo·
2842 2576 2844 2579 ·

1566 2639 1664 2689 bus,
1685 2637 1841 2683 diebus
1862 2650 1956 2683 sex.
1972 2638 2128 2685 Cessat
2150 2639 2307 2685 diebus
2330 2640 2596 2698 quindecim.

1622 2711 1908 2756 Constantius
1933 2724 2032 2757 cum
2061 2710 2348 2758 Constantino
2379 2719 2422 2759 et
2448 2712 2704 2768 Constante,
2734 2716 2816 2760 im-

1566 2791 1734 2841 perant,
1754 2790 1948 2842 tempore
1976 2785 2078 2831 Julii
2103 2799 2239 2846 papae,
2267 2789 2395 2833 annis
2425 2789 2579 2846 viginti
2611 2796 2812 2848 quatuor,

1565 2859 1789 2903 mensibus
1819 2859 2028 2916 quinque,
2056 2860 2210 2906 diebus
2240 2861 2394 2919 viginti
2420 2862 2584 2917 tribus;
2627 2876 2812 2921 quorum

1565 2931 1798 2984 Constans,
1816 2930 2184 2986 edomitis-Gallis,
2209 2933 2313 2978 etin
2330 2946 2437 2991 pace
2453 2935 2657 2993 receptis,
2680 2936 2723 2981 in
2742 2935 2814 2980 tti-

1565 2994 1718 3060 spania
1741 3006 1914 3051 occisus
1935 3011 2017 3051 est.
2041 3005 2356 3054 Constantinus
2375 3008 2811 3063 autem.vd{tm-÷l'ratri

1564 3090 1646 3122 suo
1658 3078 1918 3124 Constantio
1949 3079 2110 3124 beilum
2137 3079 2298 3126 inl'erre
2322 3087 2507 3137 pararet,
2524 3082 2654 3138 -juxta
2675 3079 2814 3141 Aqui-
2844 3103 2852 3107 ·
2923 3131 2924 3143 χ

1564 3150 1691 3194 leiam
1715 3156 1782 3196 est
1804 3151 1992 3196 occisus.
2032 3151 2104 3196 Sic
2138 3153 2191 3198 ad
2221 3153 2526 3199 Constantium
2558 3156 2808 3201 monarchia

1564 3223 1759 3278 pervenit
1785 3239 1795 3267 ι
1821 3223 1895 3281 qui
1923 3224 1965 3267 in
1985 3223 2186 3269 baeresim
2208 3222 2470 3270 Arianorum
2495 3226 2668 3284 lapsus,
2685 3228 2810 3273 et2²ab

1563 3293 1629 3337 cis
1643 3294 1954 3351 rebaptizatus,
1978 3296 2279 3354 gravissimam
2299 3298 2536 3345 Catholicis
2553 3300 2697 3346 intulit
2716 3314 2811 3358 per-

1564 3366 1849 3412 secutiimem.
1877 3368 2016 3425 Cuius·
2036 3369 2228 3423 auxiliis,
2254 3368 2404 3416 Ariani
2432 3382 2587 3420 omncs
2612 3371 2809 3420 Catholi-

1457 3451 1460 3454 ’
1507 3443 1543 3487 D
1567 3449 1642 3484 cos
1674 3441 1900 3497 episcopos
1944 3442 2194 3487 carceribus
2239 3453 2282 3488 et
2305 3445 2402 3490 aliis
2425 3446 2558 3491 variis
2580 3448 2808 3494 temnentis

1565 3521 1666 3558 sum
1705 3512 1915 3557 demoliti.
1958 3511 2004 3557 ln
2043 3526 2130 3570 qua
2176 3519 2504 3571 persecutione,
2536 3517 2807 3566 Athanasius

1562 3586 1880 3631 Alexandrinus
1916 3587 2174 3645 episcopus,
2209 3588 2400 3635 Hilarius
2430 3588 2730 3645 Pietaviensis.
2763 3602 2836 3638 et÷

1562 3658 1777 3704 Eusebius
1798 3657 2106 3713 vercellensis,
2136 3662 2478 3707 constantissimi
2507 3670 2551 3708 ot
2573 3665 2804 3709 invincibi-

1560 3734 1626 3778 les
1653 3741 1961 3788 apparuerunt.
1986 3732 2051 3779 Eo
2073 3739 2264 3791 tempore
2276 3735 2432 3779 claruit
2453 3735 2638 3783 Basilius
2657 3737 2819 3783 Caesa-¹

1560 3804 1736 3857 riensis,
1758 3805 2012 3851 Victorinus
2028 3806 2193 3859 rhetor,
2215 3812 2262 3852 et·
2274 3806 2527 3855 Priscianus
2549 3817 2592 3855 et
2611 3808 2804 3857 Donatus
2822 3810 2830 3827 ⁸

1561 3876 1844 3932 grammatici.
2070 3904 2074 3906 >
2184 3888 2204 3898 ·’

1930 3949 2433 4007 Distinctiotemporum,
2484 3972 2485 3976 ¹

1614 4020 1730 4065 Felix
1754 4034 1882 4079 papa,
1905 4023 2076 4068 vivente
2090 4020 2261 4068 Liber-io
2278 4036 2403 4082 papa,
2427 4030 2470 4069 et
2490 4024 2535 4068 iu
2550 4023 2704 4070 exsilio
2718 4033 2798 4082 po·
2831 4046 2835 4070 ;

1558 4095 1660 4146 sito,
1685 4094 1739 4136 ab
1760 4093 1976 4140 haereticis
1999 4096 2276 4148 constitutus,
2291 4096 2401 4140 sedit
2421 4108 2535 4141 anno
2552 4109 2655 4150 uno,
2680 4110 2799 4142 men-

1557 4168 1678 4212 sibus
1698 4173 1900 4224 quatuor,
1926 4167 2079 4214 diebus
2101 4169 2287 4215 duobus.
2315 4169 2466 4215 Cessat
2485 4171 2690 4216 cathedra
2707 4171 2799 4216 ‹lie-

1555 4240 1638 4284 bus
1662 4240 1835 4297 triginta
1859 4247 1974 4286 octo.
2722 4259 2726 4262 ⁴

1611 4309 1783 4355 Liber-io
1810 4319 1954 4356 autem
1978 4313 2035 4362 ab
2066 4313 2220 4358 exsilio
2240 4312 2483 4359 Constantii
2505 4314 2792 4371 imperaturis,

1554 4390 1651 4438 post
1674 4383 1894 4428 biennium
1917 4382 2107 4439 reverso,
2130 4393 2174 4431 et
2194 4388 2239 4431 in
2258 4391 2696 4444 papatum‘restituto,
2715 4388 2795 4433 Fe·
2824 4388 2829 4398 ’

1555 4455 1611 4498 lix
1648 4457 1721 4508 qui
1754 4455 1794 4500 ci
1826 4458 1988 4502 viventi
2019 4457 2157 4503 suerat
2191 4460 2476 4520 subrogatus,
2504 4459 2597 4507 'alia'l
2629 4462 2792 4506 civitati
2820 4451 2828 4494 t
2903 4509 2907 4516 ,
