2924 4588
282 118 419 175 55⁹-

280 210 347 256 sio
368 180 520 263 magna
544 160 632 247 lucc
654 197 875 276 humilitas
896 198 1030 242 estut
1053 190 1191 250 magis
1207 202 1258 236 ac
1278 189 1416 247 magis
1439 176 1514 237 ress
1534 189 1572 234 A

280 279 407 339 gendi
442 279 646 332 augeatur
667 269 917 315 alletoritas.
950 260 1110 330 ¹Verum
1133 264 1438 319 non-exigitur
1461 261 1516 305 ab

282 352 363 401 eis,
388 354 435 392 ut
469 347 524 390 ab
544 344 639 416 illig
652 341 834 386 subditis
870 338 1036 383 veniam
1061 340 1225 394 petant,
1249 346 1358 390 quos
1383 333 1514 377 etiam

279 424 387 467 tales
403 431 514 472 esse,
537 429 625 461 non
646 415 862 472 ignorant,
888 417 936 456 ut
957 424 1044 469 quo
1061 422 1137 456 eos
1157 408 1403 454 humiliatos
1419 418 1516 450 esse

278 494 569 542 considerant,
594 490 710 534 eoin
743 488 836 532 suis
861 486 999 531 oculis
1033 485 1211 529 viliores
1231 494 1307 527 eos
1330 494 1419 524 non
1441 480 1514 522 lia·

276 567 431 614 beant:
455 576 508 607 ne
530 562 643 618 apud
665 572 758 614 eos,
790 571 900 615 quos
935 562 1105 614 oportet
1145 567 1243 600 esse
1270 553 1510 608 subiectos,

274 640 375 683 dum
399 637 576 682 nimium
599 638 794 679 servatur
817 631 1038 676 humilitas
1054 661 1067 681 ,
1091 627 1266 685 regendi
1290 626 1511 682 frangatur

273 710 526 754 auctoiitas.
554 706 636 752 Sed
673 714 809 750 tamen
833 703 1007 761 petenda
1020 710 1086 746 est
1109 701 1226 744 venia
1258 699 1308 742 ab
1328 701 1510 742 omnium

272 783 478 832 Domino,
501 780 571 836 qui
607 779 719 821 novit
738 790 823 831 eoa,
864 789 966 832 quoa
1002 775 1095 830 plns
1123 774 1241 829 justo
1276 772 1507 827 corripitis,

271 861 428 912 quanta
446 849 939 906 benevolentiadiliqatis.
964 848 1111 892 Potest
1133 844 1366 901 aliquando
1396 843 1506 896 fieri,

270 933 317 971 ut
355 928 452 984 plus
470 921 590 981 justo
627 936 702 968 eos
738 922 847 966 sorte
883 922 1120 978 corripiant
1149 935 1159 963 ε
1187 919 1262 964 sed
1303 931 1390 962 non
1427 917 1508 962 mi-

268 1011 373 1044 nore
403 999 547 1042 tamen
585 1007 660 1040 eos
702 995 999 1039 benevolentia
1045 998 1205 1037 ament.
1244 990 1408 1035 ldcireo
1453 990 1508 1034 ab

267 1084 319 1115 co
342 1072 465 1116 venia
501 1067 684 1126 petenda
719 1073 787 1112 est
815 1067 884 1110 cui
922 1067 1119 1118 sincera,
1145 1065 1306 1122 quaein
1338 1064 1507 1108 occulto

265 1155 367 1198 erga
415 1142 634 1199 subiectos
683 1141 822 1186 fervet
863 1140 1038 1184 dilectio
1055 1170 1068 1192 ,
1112 1140 1258 1195 ignota
1299 1150 1387 1182 non
1422 1142 1503 1181 est.

267 1217 393 1273 297
416 1216 551 1270 Quam
568 1214 762 1272 prolecto
781 1225 834 1259 eo
855 1214 984 1258 citius
1008 1213 1230 1267 eoiicedit,
1266 1219 1310 1257 et
1331 1213 1501 1268 culpam

266 1289 465 1345 ignoscit,
484 1299 569 1345 quo
592 1287 848 1337 evidentius,
869 1298 1000 1331 causa
1018 1286 1400 1336 emendationis,et
1411 1298 1502 1329 mc-

265 1359 414 1404 diante
442 1358 609 1404 fervore
640 1358 900 1408 dilectionis,
925 1370 1019 1402 eam
1045 1363 1332 1413 perpetratam
1367 1367 1504 1412 agno-

265 1431 363 1475 scit.
384 1431 506 1484 Quod
524 1437 665 1476 autem
687 1432 770 1475 hoc
798 1431 892 1474 loco
916 1430 1067 1474 beatus
1100 1429 1366 1486 Augustinus
1382 1441 1504 1486 ,prae-

263 1503 390 1555 latos,
407 1516 503 1547 cum
522 1503 630 1548 sorte
642 1503 814 1548 modum
832 1504 875 1546 in
893 1502 1165 1559 corripiendo
1181 1502 1408 1553 excedunt,
1423 1514 1501 1559 pee

262 1580 354 1619 tere
375 1575 541 1619 veniam
566 1574 621 1620 ab
641 1575 833 1619 omnium
861 1574 1039 1618 Domino
1055 1575 1199 1630 iuben
1219 1575 1346 1619 etiam
1377 1575 1502 1621 insti-

259 1647 371 1691 tutio
399 1646 548 1704 legalis
577 1647 785 1699 continet,
816 1659 911 1704 quae
934 1647 1047 1691 hunc
1068 1646 1242 1691 modum
1262 1646 1389 1692 habet
1415 1663 1425 1693 :
1454 1647 1500 1692 Si

260 1720 353 1778 quis
375 1720 524 1764 abierit
553 1733 646 1763 cum
671 1720 803 1763 antico
833 1733 907 1763 suo
926 1719 1167 1774 sinapliciter
1198 1720 1242 1763 in
1272 1720 1422 1764 silvam
1443 1720 1498 1764 ad

261 1791 375 1848 liyna
397 1790 615 1834 credenda:
638 1799 676 1834 et
698 1792 853 1835 securis
871 1791 1023 1847 ruperit
1053 1804 1238 1846 manum,
1262 1791 1499 1850 ferrumque

255 1864 421 1918 saprum
439 1865 489 1907 de
507 1864 738 1914 manubrio,
763 1864 943 1907 amicum
968 1865 1056 1920 ejus
1091 1866 1337 1921 percusserit
1371 1873 1410 1910 et
1427 1880 1499 1911 oc-

251 1936 436 1980 ciderit:
460 1935 524 1979 hic
547 1934 602 1979 ad
624 1949 749 1979 unam
775 1943 901 1991 supra
918 1937 1125 1980 dictarum
1159 1937 1324 1981 urbium
1348 1939 1495 1995 suqiet,

255 2015 295 2053 et
319 2008 419 2053 vivet
443 2006 588 2066 (Dent.
618 2021 712 2060 xix,
753 2009 811 2064 5).
848 2008 958 2060 Quid
981 2010 1095 2053 enim
1121 2017 1202 2062 est,
1232 2022 1331 2054 cum
1355 2012 1497 2057 amico

255 2093 336 2126 suo
355 2081 539 2138 aliquem
557 2080 611 2124 ad
634 2082 785 2126 silvam
805 2082 883 2134 ire,
904 2083 986 2126 nisi
1006 2083 1246 2139 praelatum,
1269 2090 1315 2127 ut
1332 2083 1379 2128 B.
1394 2083 1499 2130 Gre-

255 2153 402 2211 gorius
427 2154 604 2210 exponit
630 2153 765 2211 (501),
791 2166 887 2198 cum
910 2155 1104 2212 subiecto
1144 2167 1223 2199 suo
1245 2156 1297 2201 de
1325 2157 1496 2202 intuen-

255 2226 322 2270 dis
342 2225 478 2283 ipsius
499 2225 666 2270 delictis
688 2239 735 2271 se
760 2227 1075 2272 intromittere?
1091 2228 1204 2282 Quid
1242 2230 1497 2286 simpliciter

254 2298 370 2357 ligna
388 2300 567 2351 caedere,
602 2299 688 2343 nisi
710 2300 999 2357 delinquentis
1021 2303 1091 2359 pia
1130 2302 1366 2348 intentione
1390 2305 1492 2349 vitia
1515 2334 1547 2380 C
1576 2298 1644 2348 lis,
1670 2297 1742 2341 scd
1754 2298 1988 2353 spiritualis
2012 2300 2119 2343 inter
2134 2313 2204 2343 vos
2229 2300 2344 2344 debet
2366 2315 2454 2346 esse
2486 2303 2668 2349 dilectio.
2701 2304 2764 2350 Ae
2786 2306 2822 2350 si

252 2373 475 2416 resecare?
496 2372 608 2425 Quid
629 2379 694 2416 est
717 2375 902 2416 securim
925 2386 1097 2418 manum
1124 2374 1286 2431 sugere,
1310 2377 1397 2421 nisi
1422 2379 1490 2421 in-

251 2446 516 2501 crepationis
540 2446 711 2488 modum
735 2447 974 2490 excedere?
997 2446 1108 2500 Quid
1130 2461 1230 2497 vero
1250 2447 1410 2493 serrum
1437 2450 1491 2495 de

253 2518 480 2560 manubrio
504 2517 720 2573 prosilire,
757 2518 840 2561 nisi
867 2531 1107 2564 sermonem
1132 2521 1183 2565 de
1217 2523 1490 2578 correptione

251 2589 468 2633 duriorem
493 2592 609 2634 exire.
627 2591 643 2633 ?
660 2590 710 2633 Et
734 2592 835 2647 quid
863 2594 1048 2635 amicum
1075 2594 1288 2645 occidere,
1313 2596 1396 2640 nisi
1418 2609 1490 2641 au-

250 2662 451 2714 ditorem,
471 2675 495 2706 a
516 2663 671 2719 spiritu
695 2664 918 2707 charitatis
941 2665 1058 2708 illata
1087 2667 1248 2710 doloris
1273 2669 1487 2722 molestia,

251 2735 494 2790 perimere?
531 2735 644 2788 Quid
675 2736 859 2793 denique
901 2737 1031 2788 hunc,
1063 2739 1136 2794 qui
1168 2741 1397 2795 percussit,
1432 2742 1488 2786 ad

251 2818 380 2849 unam
410 2806 539 2850 trium
572 2807 741 2851 urbium
775 2808 919 2866 sugere
960 2815 1001 2852 ct
1041 2811 1198 2863 virere,
1225 2812 1307 2856 nisi
1335 2815 1487 2870 praela·

250 2887 356 2928 tum,
391 2879 462 2936 qui
488 2879 531 2923 in
551 2880 819 2936 corripiendo
854 2895 1098 2926 mensuram
1131 2887 1332 2938 excessit,
1369 2886 1483 2940 fidei,

255 2953 363 3007 spei,
386 2962 427 2996 ει
449 2952 649 2996 charitati
677 2954 817 3005 inniti,
842 2962 884 2997 ct
913 2957 1044 3011 petita
1074 2969 1098 2999 a
1121 2956 1302 3002 Domino
1340 2960 1483 3015 venia,

250 3024 545 3069 remissionem
572 3027 625 3070 ab
647 3038 699 3069 eo
731 3029 967 3083 consequi?
995 3028 1117 3082 Quod
1150 3043 1251 3087 ergo
1290 3032 1334 3076 iu
1372 3034 1482 3091 lege,

251 3095 386 3146 illum,
411 3096 483 3151 qui
502 3097 728 3151 percussit,
752 3097 802 3141 ad
823 3111 950 3141 unam
974 3101 1104 3143 trium
1139 3102 1310 3145 urbium
1335 3103 1483 3161 sugere

250 3166 450 3212 etvivere
470 3174 535 3211 est
562 3168 667 3211 :hoc
691 3169 732 3212 in
751 3168 914 3225 Regula
938 3171 1079 3216 Patris
1096 3175 1234 3217 nostri
1256 3183 1321 3220 est
1338 3192 1348 3229 ;
1366 3190 1480 3231 eum,

251 3250 377 3295 quem
400 3241 635 3285 necessitas
659 3241 896 3300 disciplinae
926 3246 1117 3291 moribus
1145 3248 1394 3294 coercendis
1416 3252 1483 3296 di-

249 3322 347 3354 cere
360 3311 465 3355 dura
488 3313 618 3355 verba
643 3315 862 3370 compulit,
884 3317 995 3359 unde
1020 3325 1060 3361 ct
1081 3319 1251 3362 modum
1275 3323 1477 3379 excessit,

250 3384 415 3426 veniam
435 3384 487 3426 ab
509 3386 697 3429 omnium
722 3385 901 3431 Domino
926 3397 1081 3444 petere.

306 3453 412 3499 xlv.
439 3455 537 3499 Non
567 3458 674 3500 enim
698 3461 897 3511 carnalis,
922 3462 993 3505 scd
1017 3465 1246 3517 spiritualis
1273 3469 1380 3511 inter
1406 3484 1476 3514 vos

250 3524 467 3569 deberem
488 3526 666 3572 ditectio.
693 3528 812 3573 Sicut
835 3532 949 3574 nulla
975 3533 1112 3578 virtus
1135 3536 1363 3583 dilectione
1386 3554 1476 3584 ma·-

246 3597 319 3652 jor
337 3605 418 3649 cst,
443 3610 539 3642 cum
559 3600 602 3643 in
625 3601 736 3646 hono
756 3603 930 3648 bomine
957 3612 1039 3657 est,
1060 3614 1102 3650 et
1125 3608 1178 3651 ad
1211 3610 1369 3654 benum
1392 3619 1475 3665 est,

251 3670 308 3713 ita
335 3670 495 3713 nullum
518 3674 666 3716 vitium
688 3687 736 3717 ea
774 3675 978 3728 deterius,
1005 3691 1101 3721 cum
1126 3681 1169 3722 in
1208 3683 1321 3726 malo
1350 3690 1392 3727 ct
1421 3685 1474 3728 ad

250 3747 408 3784 malum
430 3748 510 3785 est.
548 3742 621 3788 Est
646 3746 758 3788 enim
790 3748 960 3791 dilectio
986 3751 1111 3801 hona,
1137 3759 1178 3794 ει
1212 3755 1320 3796 mala
1340 3770 1351 3808 ;
1368 3757 1478 3799 sicut

250 3812 449 3857 omuibus
471 3814 569 3856 boni
584 3827 726 3866 causa,
746 3825 785 3859 et
800 3821 970 3863 occasio
997 3821 1065 3864 illa
1084 3830 1173 3866 est:
1200 3824 1257 3867 ita
1280 3832 1321 3869 et
1337 3829 1476 3872 omnis

251 3883 349 3927 mali
373 3885 470 3930 ista.
504 3885 608 3929 Nam
635 3900 708 3942 per
745 3889 878 3943 illam,
902 3894 1064 3937 omisso
1085 3896 1213 3947 malo,
1239 3897 1478 3944 admittitur

252 3965 377 3999 omne
399 3956 512 4012 quod
530 3957 688 4001 bonum
710 3964 800 4013 est3
832 3973 906 4016 per
926 3962 1050 4007 istam
1072 3977 1191 4017 vero,
1217 3969 1378 4013 omisso
1399 3970 1477 4014 ho-

250 4038 325 4077 no,
343 4027 575 4072 admittitur
593 4042 716 4075 omne
735 4033 846 4087 quod
878 4035 1036 4079 malum
1056 4043 1136 4081 est.
1161 4037 1246 4082 Ista
1272 4043 1475 4096 carnalis,

251 4096 324 4140 illa
338 4110 438 4142 vero
460 4101 710 4155 spiritualis,
732 4110 824 4148 est:
840 4105 1050 4171 Carnalis,
1076 4111 1176 4165 quia
1209 4114 1324 4168 quod
1353 4117 1475 4160 carni

251 4179 382 4212 suave
398 4175 478 4219 est,
503 4172 690 4226 suggerit
725 4178 767 4216 et
792 4173 931 4228 sovet;
956 4177 1210 4233 spiritualis,
1237 4183 1337 4239 quia
1359 4185 1475 4240 quod

251 4238 419 4293 spiritui
439 4242 540 4285 utile
560 4249 640 4292 est,
669 4256 744 4299 per
769 4245 1028 4292 intellectum
1050 4250 1175 4295 docct
1216 4259 1258 4297 et
1273 4266 1350 4309 per
1367 4255 1474 4300 affe-

250 4314 363 4355 ctum
387 4311 599 4367 adimplet.
619 4313 670 4357 Et
692 4315 762 4357 illa
787 4318 841 4360 ad
863 4322 1071 4374 carnales,
1098 4323 1189 4367 haec
1218 4333 1357 4370 autem
1379 4340 1478 4384 ρει·-ι

304 4381 423 4438 (301)
443 4382 490 4428 B.
515 4382 719 4430 Gnsconu
747 4387 796 4432 de
822 4402 991 4435 excessu
1017 4395 1282 4451 correptionis
1314 4400 1643 4459 sermocinatio,

1169 96 1337 145 Anam
1364 91 1956 143 PRAEMONSTRATENstS

1507 3405 1541 3447 1)
1565 3392 1608 3433 in
1631 3391 1776 3443 corde,
1803 3392 2018 3437 interdum
2040 3396 2166 3438 etiam
2185 3408 2284 3452 erga
2305 3410 2398 3450 eos,
2422 3412 2530 3455 quos
2546 3402 2803 3456 specialiter.

1592 185 1701 229 tinet
1717 183 1771 228 ad
1792 182 2066 240 spirituales;
2091 186 2138 226 ut
2162 182 2236 240 qui
2255 185 2377 229 carni
2401 183 2444 229 in
2462 185 2628 239 illicitis
2651 188 2744 235 suis
2768 190 2847 237 de.-

1596 254 1769 304 sideriis
1799 255 1958 307 favent,
1982 261 2026 298 et
2046 254 2128 310 ipsi
2154 267 2199 299 se
2222 257 2458 301 carnaliter
2483 266 2655 314 amant;
2677 263 2750 317 qui
2768 276 2844 309 ve-

1594 340 1644 372 ro
1661 328 1815 385 spiritu
1840 327 1952 372 sacta
1976 328 2122 372 carnis
2145 328 2470 381 mortificantes,
2490 331 2727 387 perlectum
2750 327 2844 393 spi·
2876 350 2883 386 ζ

1594 401 1724 444 ritum
1750 402 1794 444 in
1818 401 2061 445 sanctitatis
2087 402 2311 457 proposito
2333 409 2546 458 quaerunt,
2572 406 2843 462 spiritualem
2884 424 2886 427 ⁴

1592 475 1872 519 nihilominus
1902 475 1987 519 sibi
2018 474 2218 518 affectum
2252 474 2521 532 impendunt.
2560 477 2690 524 Tales
2724 486 2843 526 certe

1592 561 1673 596 nos
1694 560 1792 593 esse
1806 547 1979 599 debere,
1998 554 2041 591 et
2062 547 2230 591 ordinis
2243 548 2381 592 nostri
2399 547 2557 593 clamat
2578 551 2839 607 sublimitas,
2883 559 2886 564 '

1590 627 1633 667 et
1659 620 1834 666 habitus
1856 622 2007 663 invitat
2026 620 2264 667 humilitas,
2290 626 2333 665 ει
2356 622 2586 668 insolubile
2609 625 2723 682 cogit
2745 627 2842 672 vin-
2878 627 2887 683 ’ᾗ

1589 694 1734 738 culum
1758 699 1918 738 nostrae
1950 691 2252 749 professionis.
2286 693 2338 737 Et
2361 698 2465 752 quia
2489 697 2598 741 tales
2634 711 2714 744 nos
2743 712 2842 746 csse
2878 719 2886 758 j.

1587 766 1761 817 debere,
1785 766 1914 811 Pater
1939 772 2090 810 noster
2110 767 2302 823 agnovit,
2331 767 2430 813 ideo
2457 769 2576 824 dicit,
2601 773 2717 828 quod
2752 786 2841 819 non
2879 780 2882 834 ᾗ

1588 839 1791 891 carnalis,
1811 839 1886 884 sed
1905 839 2146 896 spiritualis
2164 841 2370 887 internos
2392 842 2518 888 debet
2530 857 2627 889 esse
2649 846 2838 894 dilectio.
2874 834 2886 891 -j

1589 910 1673 956 Sed
1696 913 1796 969 quid
1814 925 1910 957 esse
1927 919 2147 969 putamus,
2166 913 2279 970 quod
2303 921 2531 972 postquam
2545 919 2730 964 asseruit
2744 933 2839 973 eos,
2870 901 2899 976 ἶ

1586 996 1695 1040 quos
1720 983 1815 1040 plus
1835 984 1955 1040 justo
1977 985 2231 1041 plerumque
2257 987 2447 1031 solemus
2467 989 2701 1045 corripere,
2726 992 2842 1035 mul·
2883 977 2898 1053 'i

1585 1063 1676 1100 tum
1699 1068 1779 1099 nos
1801 1055 1996 1112 diligere,
2028 1056 2258 1102 confestim
2282 1071 2367 1102 non
2392 1061 2626 1114 carnalem,
2651 1063 2726 1107 sed
2749 1063 2850 1121 spi·'
2886 1059 2897 1116 :i

1584 1129 1783 1173 ritualem
1810 1129 1920 1173 dixit
1947 1129 2062 1174 inter
2100 1143 2180 1176 nos
2207 1132 2364 1176 debere
2400 1128 2497 1178 esse
2527 1134 2839 1188 dilectionem?
2881 1125 2897 1203 {f

1584 1203 1799 1249 Praemisit
1829 1204 2074 1261 siquidem:
2104 1205 2291 1250 Petenda
2327 1208 2388 1250 est
2422 1209 2539 1252 venia
2562 1209 2613 1251 ab
2652 1211 2836 1256 omnium
2887 1214 2893 1241 ἲ

1535 1310 1538 1312 v
1584 1277 1795 1330 Domino,·
1824 1280 1895 1336 qui
1925 1281 2036 1322 novit
2063 1279 2190 1323 etiam
2223 1294 2308 1331 eos,
2333 1294 2435 1337 quos
2464 1282 2558 1337 plus
2578 1283 2697 1338 justo
2728 1285 2837 1340 forte
2891 1300 2893 1314 ³

1585 1343 1815 1408 corripitis,
1854 1359 2015 1407 quanm
2044 1353 2324 1398 benevolentia
2350 1354 2555 1411 diligentis,
2594 1354 2837 1413 Statimque
2887 1381 2889 1386 ·

1584 1425 1808 1480 adiunxit:
1854 1422 1951 1467 Non
1990 1426 2102 1468 enim
2126 1426 2327 1476 carnalis,
2357 1426 2427 1470 sed
2458 1429 2693 1483 spiritualis
2729 1431 2837 1474 inter
2887 1471 2889 1473 .

1582 1489 1652 1541 ros
1673 1497 1791 1540 debet
1806 1511 1895 1541 esse
1920 1497 2103 1543 dilectio,
2125 1497 2187 1542 Ac
2213 1500 2251 1544 si
2274 1499 2356 1543 hoc
2380 1499 2433 1543 ad
2456 1502 2724 1557 spiritualem
2752 1504 2837 1559 ple-
2887 1516 2889 1539 =

1581 1583 1764 1628 rumque
1786 1572 2000 1628 pertineat
2021 1572 2312 1623 dilectionem,
2339 1586 2436 1629 quae
2458 1574 2585 1619 debet
2603 1587 2700 1620 esse
2723 1577 2837 1620 inter
2879 1606 2881 1610 Α

1580 1655 1688 1687 nos:
1718 1643 1831 1698 quod
1866 1655 2020 1700 magna
2045 1656 2119 1688 eos
2142 1645 2440 1689 benevolentia
2464 1646 2700 1703 diligimus,
2724 1660 2834 1705 quos

1579 1718 1677 1773 plus
1698 1715 1818 1772 justo
1843 1715 1953 1761 sorte
1974 1716 2250 1774 corripimus.
2280 1716 2330 1760 Et
2348 1718 2523 1774 quidem
2547 1719 2688 1764 itaest
2706 1734 2716 1774 ;
2733 1733 2834 1765 nam

1576 1786 1682 1844 quia
1703 1787 1884 1831 multum
1909 1787 2145 1844 diligimus,
2175 1789 2357 1832 multum
2383 1790 2660 1846 corripimus.
2681 1791 2843 1849 Etp101
2879 1827 2881 1829 .

1577 1873 1762 1917 rumque
1788 1860 1889 1903 dum
1929 1862 2115 1904 multum
2147 1862 2423 1916 corripimus,
2460 1864 2671 1921 contingit
2708 1870 2755 1908 ut
2786 1866 2833 1911 in

1577 1931 1670 1988 ipsa
1694 1932 1969 1987 correptione
1991 1932 2124 1976 etiam
2147 1935 2322 1978 modum
2346 1941 2636 1981 transeamus.
2672 1936 2843 1996 sicque,
2878 1925 2881 1985 f

1577 2004 1829 2060 spiritualis,
1855 2017 1950 2061 quae
1974 2005 2088 2049 inter
2112 2019 2194 2051 nos
2211 2008 2384 2053 dilectio
2414 2016 2495 2061 est,
2526 2011 2760 2055 utmodum
2784 2013 2829 2056 in
2875 2010 2881 2038 “¹

1576 2077 1848 2134 correptione
1878 2083 2168 2131 transeamus,
2197 2093 2331 2125 causa
2360 2088 2404 2126 et
2426 2085 2598 2126 occasio
2624 2089 2707 2128 est.
2745 2085 2830 2138 Qui
2875 2102 2878 2104 ·

1576 2152 1703 2204 novit,
1730 2151 1884 2208 inquit,
1918 2152 2044 2196 eliam
2065 2166 2152 2204 eos,
2184 2166 2286 2209 quos
2309 2155 2532 2211 plusjusto
2561 2157 2668 2213 forle
2695 2161 2828 2202 corri-

1574 2224 1690 2279 pitis,
1709 2233 1867 2281 quanta
1881 2225 2159 2270 benevolentia
2181 2226 2388 2284 diliqatis.
2412 2227 2508 2273 Non
2534 2231 2644 2274 enim
2671 2245 2827 2275 carna·

1573 2372 1756 2416 diceret:
1782 2371 1907 2416 Novit
1928 2372 2043 2416 Deus
2065 2386 2151 2417 non
2174 2387 2272 2418 esse
2297 2375 2470 2427 mirum,
2487 2377 2602 2433 quod
2626 2390 2701 2423 eos
2723 2380 2822 2436 plus

1566 2443 1686 2499 justo
1705 2444 1814 2487 l'orte
1837 2445 2069 2501 corripitis,
2095 2457 2206 2502 quos
2226 2458 2381 2502 magna
2403 2448 2698 2494 benevolentia
2723 2451 2825 2496 diti·-

1571 2517 1687 2572 gitis‚
1714 2514 1811 2560 cum
1838 2528 1928 2560 non
1964 2518 2169 2570 carnalis,
2195 2531 2291 2574 quae
2313 2532 2409 2564 esse
2444 2533 2529 2564 non
2567 2521 2710 2578 debet,
2746 2524 2822 2569 sed
2868 2528 2872 2554 -'

1571 2589 1821 2644 spiritualis,
1855 2603 1950 2646 quae
1983 2602 2079 2634 esse
2110 2591 2250 2642 debet,
2278 2593 2389 2636 inter
2426 2606 2504 2638 ros
2538 2595 2595 2638 sit
2628 2595 2816 2643 dilectio.

1570 2659 1683 2705 Raro
1707 2669 1848 2706 autem
1867 2663 2064 2708 carnales
2080 2676 2154 2708 eos
2175 2665 2272 2721 plus
2291 2666 2412 2722 justo
2435 2669 2692 2724 corripiunt,
2710 2683 2821 2728 quos

1569 2735 1800 2779 carnaliter
1822 2735 2151 2794 diligunt;quia
2174 2751 2255 2782 nec
2273 2741 2529 2796 corripiunt.
2559 2741 2631 2787 Eis
2662 2745 2820 2802 quippe

1569 2808 1613 2850 in
1655 2809 1799 2864 pravis
1836 2810 1928 2854 suis
1966 2810 2135 2855 actibus
2170 2811 2340 2865 favent,
2366 2815 2819 2871 eosquel'ovent‚sibi-

1568 2892 1649 2936 que
1665 2892 1716 2925 ea
1740 2894 1833 2936 quae
1857 2890 2005 2939 agunt,
2028 2883 2196 2927 nefaria
2220 2887 2388 2940 placent
2408 2921 2418 2941 ‚
2443 2889 2543 2944 quia
2561 2902 2628 2943 ea,
2644 2905 2738 2948 quae
2756 2891 2818 2937 di-

1566 2953 1720 3008 ligunt,
1748 2966 1822 2998 eos
1844 2966 1970 3010 agere
2001 2955 2162 3001 vident.
2194 2956 2311 3002 Unde
2349 2968 2390 3002 et
2418 2961 2591 3007 blandis
2611 2975 2688 3009 cos
2709 2964 2816 3009 adu-

1566 3025 1800 3070 lationibus
1822 3027 2059 3083 excipiunt,
2080 3041 2166 3073 non
2185 3037 2329 3075 autem
2354 3032 2476 3077 duris
2499 3034 2822 3084 invectionibus

1564 3099 1834 3155 corripiunt,
1876 3099 2016 3155 cujus.
2037 3101 2257 3147 horribilis
2282 3105 2383 3148 mali
2415 3118 2547 3151 causa
2573 3114 2615 3154 et
2639 3113 2812 3157 occasio

1563 3176 1630 3215 est
1647 3173 1849 3223 carnalis,
1872 3186 1967 3229 quae
1986 3163 2100 3218 inter
2121 3188 2196 3220 eos
2218 3183 2300 3228 est,
2323 3177 2508 3224 dilectio.

1579 3239 1583 3243 ’
1619 3242 1711 3288 XV.
1738 3243 1852 3289 lnter
1871 3257 1949 3289 vos
1977 3252 2139 3298 autem,
2180 3247 2350 3302 fratres,
2407 3252 2646 3307 spiritualis
2678 3255 2809 3302 ,debet

1562 3329 1659 3362 esse
1690 3317 1879 3370 dilectio,
1912 3331 2008 3375 quae
2041 3321 2244 3365 nimirum
2277 3322 2379 3366 dum
2409 3325 2637 3380 plurimum
2673 3327 2807 3375 fervet

1558 3465 1643 3506 imo
1670 3463 1945 3519 singulariter
1963 3466 2250 3522 amplectitur,
2269 3469 2439 3512 modum
2457 3471 2588 3528 298
2599 3474 2807 3520 excedere

1548 3536 1668 3579 ‚solet
1692 3536 1735 3579 in
1758 3538 2045 3593 correptione.
2071 3536 2154 3583 Sed
2169 3542 2268 3596 quia
2289 3542 2471 3586 multum
2492 3544 2620 3599 hanc,
2643 3545 2697 3590 de
2720 3559 2805 3606 qua

1557 3608 1790 3664 loquimur,
1819 3611 2020 3654 virtutem
2038 3611 2237 3656 eximiam
2264 3615 2387 3659 ,inter
2416 3617 2593 3660 eximias
2622 3619 2804 3663 virtutes

1558 3686 1753 3731 caeteras,
1779 3681 1866 3725 imo
1891 3695 1980 3738 prae
2000 3685 2168 3729 caeteris
2191 3697 2314 3730 sacra
2342 3686 2565 3743 Scriptura
2583 3702 2807 3735 commen-

1556 3752 1659 3796 dare
1682 3756 1921 3808 consuevit,
1945 3755 2047 3799 libet
2070 3756 2123 3801 de
2146 3769 2196 3800 ea
2221 3758 2439 3813 profusius
2463 3760 2623 3816 aliquid
2644 3766 2805 3805 tracta·
2825 3813 2833 3823 q

1561 3838 1623 3876 re,
1649 3832 1688 3870 et
1707 3827 1891 3883 qualiter
1912 3828 2039 3872 nobis
2062 3829 2115 3874 ad
2132 3831 2314 3875 salutem
2334 3835 2579 3878 necessaria
2614 3835 2686 3886 sit,
2722 3836 2806 3880 de·

1561 3906 1817 3947 monstrare.
1844 3900 1946 3946 Sine
1975 3902 2204 3948 dilectione
2227 3916 2348 3950 mens
2384 3907 2502 3950 nullo
2525 3907 2654 3950 modo
2689 3909 2803 3953 valet

1559 3983 1656 4016 esse
1687 3971 1900 4026 humana;
1927 3974 2004 4019 sed
2037 3975 2228 4019 attendat
2263 3976 2462 4028 sollicite,
2499 3978 2600 4032 quid
2633 3977 2799 4034 diligat.

1560 4043 1660 4088 Ilaec
1682 4051 1824 4089 autem
1844 4046 1955 4090 inter
1978 4053 2147 4100 caetera,
2173 4061 2268 4104 quae
2297 4049 2436 4105 diligit
2456 4051 2572 4102 ;.imo
2595 4056 2695 4094 ante
2717 4064 2802 4096 cu>-
2841 4042 2847 4048 ’

1555 4121 1666 4168 tera,
1693 4129 1788 4172 quae
1804 4117 1988 4174 diligere
2007 4119 2119 4163 valet
2141 4113 2287 4171 homo,
2312 4121 2487 4177 diligere
2506 4122 2629 4166 debet
2647 4122 2798 4175 Deum,
2840 4144 2845 4154 =

1557 4188 1798 4243 proximum
1817 4201 1959 4245 suum,
1985 4190 2201 4247 seipsum:
2226 4193 2309 4235 tria
2332 4193 2438 4237 lucc.
2465 4193 2615 4246 Deum,
2654 4202 2699 4237 ut
2721 4195 2802 4240 bo·-

1558 4271 1663 4308 num
1688 4272 1831 4313 suum,
1847 4273 1934 4317 quo
1953 4261 2427 4319 fruidebeuseipsum,
2447 4266 2520 4320 qui
2543 4264 2626 4308 frui
2646 4266 2796 4320 debet3
2836 4318 2838 4323 ,
2890 4282 2914 4322 Ἴ·

1559 4333 1802 4387 proximum
1826 4345 1980 4389 «suum.
2013 4347 2114 4380 cum
2140 4347 2226 4394 quo
2248 4337 2334 4382 frui
2359 4337 2500 4384 debet.
2524 4339 2689 4382 Clamat
2713 4337 2801 4382 Do·-
2835 4383 2838 4390 ,
