2924 4588
158 88 242 135 933

1095 74 1390 131 patirur-:on
1415 109 1469 118 —
1488 78 1634 129 rans
1663 81 1791 134 xvn.

2629 87 2716 136 934

144 183 357 230 dixerant,
383 179 650 223 committere
671 176 986 236 formidabant;
1011 176 1227 221 habebant
1245 182 1386 220 tamen
1411 180 1446 224 Α
1470 177 1512 219 in
1534 173 1806 232 Regulanda,
1828 175 1870 219 id
1882 163 2013 220 estin
2033 176 2215 231 patriam
2234 173 2470 235 Rugorum,
2490 179 2561 223 ubi
2581 193 2709 238 propa

143 253 256 311 apud
278 264 325 296 se
347 252 487 296 virum
512 251 814 302 fortissimum,
838 249 892 293 de
911 250 1040 305 qu'us
1059 248 1224 293 viribus
1250 251 1391 292 omni-

142 325 282 370 modis
304 323 591 368 confidebant.
616 323 751 376 Quem
775 323 914 367 solum
946 334 1024 378 pro
1055 323 1257 366 omnibus
1279 322 1390 377 obji-

141 399 261 443 ciunt
279 403 592 453 pugnaturum3
613 396 867 440 mandantes
877 394 1173 452 Longobardis
1192 401 1238 438 ut
1255 406 1389 438 unum

5 517 11 535 9
78 494 82 496 -
139 483 288 515 eorum
313 470 374 513 ilii
397 456 680 526 opponerent,
706 469 781 525 qui
807 475 904 512 cum
924 481 976 512 eo
987 480 1066 523 pro
1083 468 1284 511 omnibus
1299 468 1390 511 sin-

141 543 290 598 gulare
314 542 442 584 iniret
465 545 698 604 certamen,
723 553 771 584 ea
795 541 960 584 scilicet
992 539 1256 589 conditione,
1282 546 1328 582 ut
1351 539 1389 585 si

142 612 526 664 Langobardorum
547 612 736 668 pugilem
759 613 969 661 vinceret,
989 611 1071 666 ipsi
1093 611 1321 654 transitum
1337 611 1388 653 li-

140 686 577 736 berumobtincrenn
603 685 670 729 sin
694 685 801 728 aiter
821 684 941 728 illum
972 686 1179 737 vinceret,
1205 685 1304 740 ipsi,
1329 685 1388 728 si-

0 803 9 813 „
75 779 77 782 ⁴
141 746 458 808 cut'venerant,
485 757 757 814 repedarent.

194 829 374 892 Adshaess
398 830 527 874 homo
543 828 736 884 quidam,
761 828 814 873 de
837 842 992 886 genere
1027 841 1249 874 servorum
1273 828 1388 873 Lon-

141 894 446 958 gobardurum³‚
470 914 519 946 se
541 904 695 946 obtulit
717 916 795 959 pro
817 903 1313 958 omnibuspugnaturus,
1336 915 1386 945 ca

135 975 314 1037 *quidem
351 975 615 1026 conditione,
642 981 689 1019 ut
723 976 757 1020 si
785 975 950 1025 vicerit,
979 976 1164 1019 libertati
1185 975 1383 1018 donetur.

141 1048 409 1105 Langobardi
431 1054 651 1105 gratanter
673 1049 789 1104 quod
813 1049 1001 1104 postulat
1024 1048 1296 1103 pollicentur.
1325 1047 1386 1090 lta

142 1132 241 1164 cnm
265 1132 415 1164 servus
438 1121 606 1164 hostem
629 1120 821 1171 vicisset,
839 1118 1114 1175 Longobardi
1134 1120 1179 1163 in
1198 1119 1386 1163 Maurin-

140 1203 266 1249 guam
290 1194 603 1248 pervenientes,
625 1198 850 1237 transeunt
870 1192 913 1235 in
937 1191 1237 1248 Rugulandam
1265 1206 1276 1236 t
1308 1193 1384 1235 ubi

143 1263 358 1309 modicum
382 1266 650 1318 commorati,
673 1266 914 1321 procedunt
936 1264 980 1309 in
1006 1265 1272 1321 provinciam
1295 1264 1384 1307 An-
1412 1250 1443 1296 Β

143 1337 263 1395 thap‚
281 1346 324 1384 et
345 1340 443 1384 inde
466 1341 510 1383 in
530 1345 691 1385 terram
714 1338 895 1384 Bathaib
915 1354 926 1393 ;
947 1339 1103 1383 deinde
1126 1340 1168 1382 in
1192 1338 1385 1394 But-gan-

143 1410 258 1463 dam,
287 1422 414 1468 quam
443 1425 520 1468 per
543 1424 679 1455 annos
702 1411 864 1468 aliquot
891 1411 1190 1468 possederunt.
1218 1410 1384 1454 Interea

141 1485 327 1530 mortuis
366 1485 534 1529 duobus
585 1485 767 1529 ducibus
812 1484 1210 1541 Langobardorum,
1253 1483 1385 1528 iiibor

140 1555 307 1600 scillcet
327 1562 369 1601 et
391 1555 601 1613 Angitiae,
625 1557 707 1612 ipsi
729 1557 808 1600 sibi
836 1569 979 1613 regem
1001 1561 1271 1601 creaverunt.

175 1627 362 1686 -Regnat
403 1629 547 1686 „igitur
599 1629 838 1686 Agelmund
894 1629 1007 1673 silius
1054 1628 1279 1685 Angionis,
1331 1630 1384 1673 de

139 1702 342 1758 ‚umgenic
357 1700 630 1754 vinulorum,
655 1703 728 1758 qui
754 1702 867 1758 apud
887 1713 963 1746 eos
986 1701 1173 1745 nobilior
1195 1701 1386 1745 babeba-

141 1782 227 1818 tur.
255 1774 337 1819 lste
369 1767 500 1831 super
529 1774 835 1832 Langobardos
867 1776 993 1819 annis
1030 1775 1207 1831 triginta
1245 1774 1383 1818 tribus

142 1848 332 1899 regnavit

194 1918 336 1976 Hujus
370 1908 633 1976 temporibus
670 1919 862 1976 quaedam
899 1922 1103 1964 meretrix
1138 1933 1226 1964 uno
1257 1925 1382 1977 partu

66 1987 70 1991 ⁴
139 1995 265 2039 enixa
287 2000 450 2050 septem
473 1994 675 2046 infantes,
698 1995 927 2038 crudeliter
943 2006 1092 2038 omncs
1114 1995 1155 2038 in
1173 1994 1383 2051 piscinam

139 2066 319 2125 projecit
342 2068 573 2113 necandos.
618 2067 706 2111 Rex
733 2075 873 2112 autem
914 2066 1154 2124 Agelmund
1182 2081 1294 2124 equo
1315 2080 1384 2112 re-

141 2144 303 2195 sidens,
324 2142 423 2186 dum
442 2143 485 2186 in
507 2141 717 2199 piscinam
739 2141 848 2186 sorte
870 2141 1073 2192 venisset,
1109 2141 1230 2186 basta
1255 2153 1382 2198 quam

141 2212 319 2266 ferebat,
347 2214 531 2267 miseros
562 2213 762 2269 tangebat
800 2212 1002 2257 inientes.
1039 2212 1231 2266 Quorum
1270 2226 1382 2260 unns

138 2290 312 2332 extenta
333 2282 659 2340 manu,hastam
673 2285 967 2342 apprehendit.
980 2285 1069 2330 Rex
1086 2286 1382 2332 misericordia

139 2369 298 2414 motus,
319 2367 361 2405 et
383 2373 473 2405 rem
499 2361 625 2404 altius
650 2360 903 2409 admiratus,
929 2372 1029 2404 mox
1050 2361 1169 2404 illurn
1196 2362 1248 2404 ab
1272 2374 1382 2418 aqua

82 2433 87 2435 ’
141 2435 271 2479 levari
301 2434 517 2491 praecepit,
543 2439 671 2489 atque
698 2445 775 2489 per
797 2433 1009 2477 nutricem
1039 2446 1206 2496 summo
1241 2435 1384 2479 studio

102 2528 110 2557 ς
141 2507 316 2563 mandat
346 2507 570 2559 alendum,
598 2511 782 2563 eumque
811 2519 835 2550 a
872 2507 1055 2563 piscina,
1097 2520 1193 2565 quie
1225 2508 1384 2552 dieitur

139 2580 289 2633 bama,
318 2574 463 2630 Lamis
487 2575 729 2637 appellavit..
763 2581 846 2635 Qui
869 2593 966 2625 cum
999 2579 1220 2635 crevisset,
1243 2581 1384 2627 sactus

141 2661 207 2700 est
224 2655 394 2717 iuvenis
418 2655 666 2708 bellicosus,
692 2643 911 2711 multaque
933 2655 1090 2699 virtute
1106 2661 1297 2708 notatus,
1324 2657 1383 2701 ita

144 2735 189 2773 ut
210 2729 535 2787 defunctosrege
557 2728 841 2786 Agelmundo,
867 2729 961 2785 ipse
986 2741 1164 2786 regnum
1190 2730 1384 2774 landabi-

142 2803 240 2847 liter
263 2804 535 2860 gubernaret..

195 2875 360 2922 vinterea
384 2878 485 2921 dum
518 2877 790 2934 Longobardi
824 2878 878 2922 ab
903 2878 1022 2922 omni
1056 2877 1182 2922 hoste
1205 2891 1383 2923 securos

139 2963 187 2995 se
208 2947 303 2996 esse
327 2957 543 3007 putarent,
560 2951 731 3008 Bulgari
750 2955 828 2996 eos‘
845 2951 984 2995 medio
1002 2951 1144 2996 noctis
1159 2951 1380 3004 invadunt,

141 3037 283 3081 regem
322 3024 652 3081 Agelmundux-n,
689 3032 726 3069 et
766 3029 963 3082 magnam
1002 3030 1167 3081 partem
1204 3037 1382 3069 suerum

140 3099 357 3151 occidunt,
395 3099 595 3155 regisque
633 3098 804 3142 unicam
836 3098 965 3142 filiam
997 3089 1207 3152 captivam
1242 3096 1381 3142 dedu-

141 3178 259 3216 cunt.

134 3260 138 3263 ·
196 3245 468 3303 Longobardi
481 3251 627 3303 postea
644 3245 875 3302 resumptis
895 3245 1078 3300 viribus,
1093 3244 1382 3294 Lamisionem

145 3331 275 3376 supra
295 3328 576 3364 memoratum
601 3333 742 3376 regem
768 3320 848 3364 sibi
873 3320 1158 3364 constituunt.
1179 3318 1259 3372 Qui
1282 3331 1379 3362 mox

1471 254 1537 292 ter
1560 255 1684 310 terrae
1714 247 1979 293 fertilitatem
2004 249 2251 305 aliquandiu
2291 261 2607 297 remanserunt.
2643 253 2711 297 Ιπ-

1471 329 1588 364 terea
1624 321 1805 364 moritur
1827 332 1902 364 rex
1925 319 2199 372 Gildehocus,
2226 323 2295 366 cui
2330 325 2522 368 succedit
2556 326 2709 370 Classe

1468 389 1584 435 filius
1616 391 1726 445 ejus.
1762 390 1973 436 Defuncto
2007 405 2176 449 quoquc
2210 407 2307 450 rege
2338 396 2559 448 classone,
2599 398 2714 442 {iiius

1466 462 1564 518 eius
1583 461 1732 507 Guado
1758 465 1968 516 succedit,
1995 467 2203 520 septimus
2218 479 2289 509 rex
2310 467 2706 524 Longobardorum.

1469 532 1590 577 Tunc
1606 535 1769 590 egressi
1791 534 1843 579 de
1864 535 2134 591 Rugulanda,
2159 538 2459 584 habitaverunt
2479 545 2522 583 in
2546 543 2709 596 campis

1467 606 1730 659 patentibus,
1760 619 1869 661 quos
1891 607 2036 662 lingua
2060 620 2210 652 eorum
2230 608 2358 653 Felda
2380 611 2606 664 vocabant,
2628 612 2708 656 ibi-

1466 688 1550 731 que
1574 676 1713 721 tribus
1737 680 1862 722 annis
1881 687 2147 723 manserunt.

1522 747 1732 791 Defuncto
1756 749 1976 801 Guadone‚
2004 751 2454 797 succeditGuaitarius
2469 754 2578 798 iilius
2595 755 2705 810 ejus,

1467 820 1511 864 in
1534 833 1666 877 regno
1698 827 1894 866 octavus.
1932 822 2090 868 Omnes
2125 831 2266 868 autem
2292 839 2413 882 reges
2446 828 2506 870 iili
2538 828 2709 874 suerunt

1467 893 1680 951 Adelingi,
1707 895 1748 938 id
1771 901 1837 939 cst
1859 896 1910 939 de
1934 897 2133 941 nobiliori
2158 901 2372 954 prosapia,
2399 913 2493 956 quae
2523 902 2634 956 apud
2658 903 2707 945 ii-

1467 966 1532 1010 los
1549 967 1706 1010 dicitur
1725 967 1955 1023 adelinga.
1979 967 2214 1014 Guaitarus
2234 984 2305 1014 rex
2331 983 2428 1015 cuin
2451 979 2612 1028 septeni
2632 988 2708 1016 an-

1466 1039 1534 1082 nis
1558 1047 1792 1095 regnasset,
1811 1040 1932 1083 obiit.
1954 1041 2033 1084 Cui
2054 1042 2244 1085 succedit
2266 1043 2476 1088 Alduinus
2494 1058 2634 1090 nonus
2660 1048 2702 1090 in

1465 1125 1660 1169 regnum,
1686 1113 1758 1168 qui
1791 1113 2096 1170 Longobardos
2134 1119 2174 1158 in
2208 1115 2471 1159 Pannoniam
2493 1119 2700 1173 perduxit

1465 1183 1550 1228 Iste
1572 1184 1781 1249 Alduinus
1805 1185 1954 1228 habuit
1987 1185 2118 1228 silium
2153 1187 2396 1238 Alboinum‚
2424 1191 2601 1232 militem
2628 1203 2708 1236 au-

1466 1257 1772 1311 dacissimum;
1792 1259 1867 1314 ,qui
1897 1258 1996 1301 dum
2015 1259 2276 1314 Gepidorum
2298 1273 2369 1304 rex
2404 1248 2554 1306 contra
2578 1263 2706 1306 Lorn-

1464 1331 1624 1375 bardos
1647 1333 1870 1388 pugnaret,
1897 1333 2030 1375 tilium
2057 1333 2170 1389 regis
2191 1332 2450 1389 Gepidorum
2469 1349 2552 1379 uno
2577 1337 2706 1392 gladii

1465 1402 1551 1446 ictu
1575 1403 1798 1452 exstinxit.
1820 1410 1862 1448 et
1883 1404 1935 1448 de
1959 1403 2123 1448 eisdem
2147 1404 2320 1462 Gepidis
2344 1406 2528 1462 gloriose
2554 1410 2707 1451 trium-

1463 1477 1628 1534 phavit.

1519 1550 1581 1597 Eo
1603 1557 1797 1609 tempore
1825 1550 2096 1597 Justinianus
2132 1553 2363 1609 imperator
2390 1555 2530 1610 legum
2564 1556 2708 1602 multi-

1464 1625 1698 1682 plicitatem
1724 1626 2001 1678 abbreviavit,
2021 1633 2063 1670 et
2085 1627 2311 1682 imperium
2337 1628 2381 1670 in
2399 1625 2583 1671 diversis
2610 1640 2708 1684 par--

1465 1700 1579 1745 tibus
1601 1701 1718 1745 orbis
1735 1701 1914 1744 mirifice
1937 1700 2146 1751 dilatavit,
2173 1700 2284 1744 sicut
2309 1700 2352 1743 in
2386 1706 2570 1743 tractatu
2591 1702 2704 1756 eJus‚

1464 1771 1575 1816 dum'
1598 1773 1651 1817 de
1675 1774 1771 1819 aliis
1800 1773 2135 1830 imperatoribus
2159 1773 2464 1825 scriberemus,
2498 1769 2604 1818 satis
2641 1781 2707 1818 est

1464 1852 1733 1890 enarratum.

1521 1919 1597 1966 His
1629 1913 1782 1981 dielius
1815 1919 1966 1965 beatus
1997 1920 2256 1965 Benedictus
2293 1921 2427 1964 abbas
2463 1924 2556 1963 erat
2593 1921 2705 1976 apud

1464 1992 1607 2038 locum
1634 1994 1708 2050 qui
1726 1983 2151 2048 'dicitur·Sublacus‚
2183 2000 2226 2038 et
2261 1994 2389 2050 paulo
2419 2000 2514 2049 post
2537 1994 2706 2037 transiit

1465 2067 1518 2110 ad
1544 2074 1732 2111 montem
1754 2067 1975 2113 Casinum.

1520 2138 1688 2183 Mortuo
1715 2139 1902 2185 Alduino
1925 2153 2023 2198 rege
2046 2139 2442 2197 Langobardorum,
2469 2140 2581 2185 tilius
2610 2140 2706 2196 ejus

1464 2213 1696 2268 praedictus
1716 2213 1942 2265 Alboinus,
1965 2227 2091 2272 quem
2109 2216 2257 2271 genuit
2272 2213 2517 2258 Ruduiinda
2542 2215 2703 2269 regine.

1405 2320 1440 2368 C
1465 2289 1532 2331 vir
1549 2289 1922 2341 bellicosissimus,
1950 2297 1990 2335 et
2011 2304 2086 2346 per
2104 2291 2246 2335 ninnia
2270 2298 2488 2341 strenuuS,
2515 2291 2707 2335 succedit

1465 2362 1577 2417 patri
1611 2361 1654 2406 in
1681 2375 1875 2419 regnum,
1909 2361 2100 2408 deciYnus
2136 2362 2703 2421 regum'Longobardorum.

1463 2431 1548 2499 Iste
1590 2436 1757 2492 accepit
1806 2437 1850 2479 in
1903 2450 2079 2481 uxorem
2134 2437 2265 2481 tiliam
2321 2438 2546 2489 clotharii,
2591 2439 2706 2495 reg‘s

1462 2506 1747 2563 Francorum,
1778 2511 1953 2554 nomine
1983 2509 2299 2563 Glotsuindam‚
2352 2511 2406 2555 de
2439 2522 2523 2567 qua
2561 2513 2707 2567 genuit

1463 2593 1594 2624 unam
1616 2587 1781 2625 tantum
1811 2582 1959 2635 liliam,
1987 2583 2162 2626 nominc
2181 2583 2478 2627 Abbisindam.

1517 2654 1633 2699 Obiit
1672 2656 1837 2700 interea
1874 2655 2133 2701 Turisindus
2167 2668 2242 2699 rex
2276 2655 2534 2712 Gepidorum
2579 2670 2591 2700 t
2635 2651 2705 2699 cui

1463 2728 1656 2773 succedit
1687 2728 1989 2774 Cunimundus
2021 2731 2062 2773 in
2101 2742 2296 2787 regnum,
2331 2730 2405 2785 qui
2442 2736 2569 2784 rupto
2604 2741 2703 2772 cum

1461 2802 1716 2850 Lombardis
1750 2803 1927 2857 soedere,
1961 2804 2120 2849 bellum
2155 2803 2350 2847 cumeis
2383 2803 2542 2859 potius,
2574 2814 2702 2858 quam

1462 2890 1611 2940 pacem
1633 2878 1779 2935 elegit,
1805 2884 1852 2922 ut
1872 2879 2073 2935 antiquas
2088 2878 2222 2935 patris
2243 2877 2308 2921 sui
2333 2877 2529 2932 injurias,
2559 2881 2602 2919 et
2619 2875 2706 2918 sra-

1463 2952 1541 2996 tris
1566 2951 1630 2996 sui
1652 2950 1800 2997 necem
1822 2948 2075 2996 vindicaret,
2109 2949 2255 3007 itaque
2274 2963 2351 2995 rex
2373 2949 2581 2994 Alboinus
2604 2960 2702 2992 cum

1462 3023 1690 3077 maribus,
1718 3027 1790 3083 qui
1813 3027 1934 3083 prius
1955 3025 2117 3078 Hunni,
2138 3025 2211 3071 sed
2231 3013 2382 3082 postea
2404 3023 2567 3068 Avares
2590 3034 2704 3065 arc-

1463 3097 1586 3154 gibus
1613 3105 1713 3142 sunt
1742 3099 1959 3155 appellati,
1990 3091 2245 3162 >perpetuum
2271 3096 2411 3141 foedus
2444 3095 2701 3151 composuit,

1463 3175 1616 3220 deinde
1638 3175 1692 3219 ad
1717 3174 1925 3230 indictum
1949 3173 2028 3218 sibi
2046 3172 2304 3229 Gepidorum
2329 3162 2520 3227 praelium
2545 3182 2701 3225 prope·-

1463 3248 1712 3302 ravit3du1‘n
1732 3247 1885 3304 Gepidi
1910 3246 1963 3290 ad
1980 3247 2137 3291 bellurn
2155 3244 2407 3302 procedunt,
2423 3244 2601 3295 Avares,
2617 3243 2702 3286 sic-

1464 3329 1511 3366 ut
1541 3334 1639 3364 cum
1663 3322 1850 3380 Albuino
1893 3321 2199 3378 condixerant,
2232 3317 2491 3373 Gepidorum
2523 3327 2700 3372 regnum

123 3391 188 3435 in
207 3391 412 3448 Bulgaros
434 3405 550 3435 arma
574 3393 798 3436 convertit.
825 3392 967 3435 Primo
991 3392 1120 3448 igitar
1145 3391 1254 3435 bello
1281 3403 1377 3434 eum
1404 3393 1439 3436 D
1462 3393 1687 3438 invadunt.
1706 3391 1804 3446 Quo
1827 3391 1990 3443 audito,
2016 3390 2166 3447 Gepidi
2190 3390 2231 3432 in
2254 3389 2464 3446 angustiis
2488 3387 2630 3444 positi,
2658 3393 2702 3430 ct

141 3464 411 3522 Langobardi
437 3472 555 3523 terga
593 3467 839 3518 vertissent,
880 3478 953 3509 rex
975 3464 1162 3510 Lamisio
1186 3478 1261 3510 cos
1278 3476 1382 3508 con-

117 3529 288 3591 stertat,
313 3539 450 3584 servis
480 3540 590 3583 bene
623 3539 914 3595 pugnantibus
948 3538 1206 3587 libertatem,
1241 3537 1383 3580 omni-
1411 3596 1441 3601 .-

62 3609 80 3661 ᾖ
141 3603 308 3668 hiisque
330 3611 502 3667 praemia
529 3613 643 3667 larga
664 3611 886 3667 promittit.
919 3609 1038 3655 Unde
1058 3610 1380 3655 omnes‘armati
1413 3600 1437 3605 ⁰

143 3683 190 3730 in·
223 3686 368 3734 hostes
391 3685 597 3742 Bulgaros
621 3697 773 3728 [nanus
804 3684 1074 3732 convertunt,
1100 3696 1250 3727 omnes
1274 3696 1382 3739 pene

141 3762 439 3812 prosternunt,
481 3757 616 3813 spolia
647 3762 688 3798 et
718 3768 834 3798 arina
870 3755 1041 3797 'infinita
1079 3754 1303 3809 diripiunt,
1339 3758 1382 3798 et

51 3831 58 3836 ’
77 3843 80 3847 ·
142 3822 499 3887 gloriosissimum
525 3830 683 3874 babent
701 3829 980 3884 triumphuni.
995 3827 1058 3870 Ex
1079 3833 1183 3870 tunc
1202 3833 1244 3871 et
1267 3827 1382 3871 Lon·-

143 3901 320 3957 gobardi
344 3901 396 3944 ad
419 3901 656 3956 exercenda
677 3901 822 3957 praelia
842 3911 1008 3955 semper
1023 3899 1273 3943 audaciores
1285 3908 1382 3943 esse

130 3970 382 4030 ‘coeperunk
894 4001 898 4004 »

199 4043 314 4103 Rege
334 4044 579 4090 Lamisio‘ne
600 4044 821 4095 defuncto,
844 4045 918 4101 qui
942 4043 1159 4088 secundus
1170 4044 1380 4101 regnavit,

145 4114 278 4160 Letba
301 4113 380 4173 prii
402 4129 454 4161 eo
473 4118 681 4173 regnavit,
704 4118 780 4174 qui
803 4117 956 4161 tertius
987 4128 1135 4160 eorum
1167 4129 1258 4168 rex,
1283 4128 1381 4160 cum
1441 4121 1446 4126 “

147 4193 271 4236 annis
297 4193 581 4249 quadraginta
602 4198 841 4248 regnasset,
865 4191 1058 4236 succedit
1080 4191 1118 4235 ei
1144 4190 1258 4235 filius
1288 4189 1382 4245 ejus

137 4264 365 4317 findendo,
385 4273 566 4322 quartus
588 4265 775 4320 a-primo
801 4277 901 4322 rege
924 4275 1090 4308 corum.
1117 4262 1210 4317 Quo
1235 4263 1383 4309 deten-

147 4345 243 4389 cto,
268 4339 446 4394 quintus
469 4347 544 4383 rex
575 4337 780 4383 Gildehoc
803 4351 981 4396 regnum
1022 4338 1226 4393 suscepit.
1251 4337 1383 4382 Panlo

138 4399 241 4465 'post
271 4407 540 4468 Longobardi
574 4421 598 4454 a
621 4409 779 4455 tinibus
803 4408 919 4454 lilius
953 4409 1131 4467 egressi,
1157 4412 1381 4455 transeunt

1461 3468 1604 3511 animo
1636 3466 1917 3518 consternati,
1948 3478 2014 3510 ex
2064 3464 2243 3508 consilio
2288 3476 2366 3506 suo
2406 3462 2567 3518 eligunt
2601 3470 2696 3503 cum

1459 3540 1718 3587 Lombardis
1746 3542 1868 3597 prius
1908 3550 2125 3596 pugnarc3
2166 3536 2316 3580 deinde
2346 3535 2538 3585 Hunncs,
2566 3533 2700 3577 idest

1458 3614 1638 3666 Avares,
1669 3627 1693 3658 a
1729 3616 1867 3671 patria
1905 3625 2140 3656 removere.
2174 3609 2305 3667 igitur
2330 3608 2479 3664 Gepidi
2509 3615 2550 3650 et
2573 3606 2701 3649 Lom-

1461 3687 1583 3732 bardi
1605 3687 1765 3738 beilum
1788 3686 2078 3731 committunt.
2103 3683 2191 3727 lloc
2217 3683 2363 3739 praelio
2386 3680 2538 3736 Gepidi
2563 3690 2701 3735 usque

1461 3761 1567 3804 adeo
1586 3766 1686 3805 sunt
1710 3759 1928 3810 exstincti,
1959 3764 2003 3802 ut
2029 3768 2106 3801 nec
2128 3766 2313 3817 unusnex
2338 3756 2399 3798 eis
2431 3753 2606 3796 nuntius
2632 3765 2701 3796 rc·

1460 3837 1668 3877 maneret.
1701 3830 1912 3887 Albuinus
1943 3831 1985 3874 in
2011 3842 2061 3874 co
2090 3830 2236 3887 praelio
2266 3838 2409 3884 regem
2439 3825 2698 3882 Gepidornm

1460 3903 1779 3948 Cunimundum
1795 3902 1966 3951 occidit,
1977 3908 2019 3946 et
2031 3901 2083 3946 dc
2096 3906 2205 3944 testa
2219 3900 2371 3954 capitis
2383 3898 2477 3954 ejus
2493 3897 2699 3954 scyphum

1461 3978 1513 4021 ad
1559 3977 1791 4022 bibendum
1840 3976 2021 4031 paravit.
2068 3975 2158 4019 Hoc
2198 3987 2333 4037 genus
2380 3971 2545 4030 scyphi,
2587 3970 2699 4026 apud

1462 4050 1558 4094 illos
1580 4050 1739 4092 dicitur
1768 4049 1943 4104 scapha,
1966 4048 2116 4091 Latine
2133 4053 2275 4090 autem
2299 4045 2457 4089 dicitur
2479 4051 2640 4100 patera.

1516 4122 1887 4181 *albuinus-filiam
1910 4122 2171 4172 Cimimundi
2204 4116 2354 4169 occisi,
2381 4119 2551 4161 nomine
2573 4116 2698 4160 Rosi-

1461 4198 1680 4248 mundani,
1708 4183 1883 4243 deduxit
1901 4194 2129 4251 captivam
2158 4192 2293 4245 Quam
2320 4191 2418 4247 qnia
2446 4188 2696 4233 Glotsuinda

1463 4271 1547 4313 iiiia
1569 4269 1683 4324 regis
1699 4266 1891 4317 mutarn,
1907 4267 2026 4323 prior
2050 4265 2213 4309 scilicet
2239 4274 2346 4307 uxor
2367 4273 2459 4312 sua,
2473 4263 2559 4314 iam
2579 4259 2693 4312 olie-

1463 4349 1545 4392 rat,
1569 4342 1706 4396 ipsam
1730 4340 1944 4394 captivam
1962 4338 2004 4380 in
2031 4349 2151 4380 suani
2170 4337 2400 4391 pernicicm
2420 4336 2527 4378 sieut
2549 4339 2695 4388 postea

1462 4412 1615 4470 patuit,
1638 4411 1759 4454 duxit
1782 4422 1972 4454 uxorem,
1997 4407 2052 4452 Ex
2073 4408 2144 4452 illo
2162 4415 2349 4465 tempore
2371 4403 2597 4451 Lonibardi
2623 4412 2695 4448 su·
