2924 4588
115 133 198 179 67¹1

813 137 883 180 DE
914 137 1246 185 TRIPARTlTo
1277 139 1693 189 TABERNACULO.
1728 170 1781 178 -
1813 146 1955 193 PARS
1983 149 2014 196 Ι.

2598 159 2681 206 678

111 225 214 269 solie
236 225 514 282 conspexisse
537 227 733 283 figurata.
755 227 930 272 Cherub
957 243 1068 275 unus
1093 232 1351 287 respiciebat
1375 238 1407 281 Λ
1432 233 1639 292 Praeeepu
1671 250 1844 295 quoque
1889 241 2002 286 Deus
2031 243 2174 298 parari
2217 257 2269 289 ex
2314 258 2421 291 auro
2446 250 2680 304 purissimo
2728 260 2731 262 ’

110 297 325 352 alterum3
351 299 487 343 versis
515 305 656 344 tamen
683 300 874 344 vultibus
895 301 940 344 in
965 303 1338 359 propitiatorium:

109 369 276 414 duabus
292 375 460 427 quoque
473 372 551 415 alis
564 374 783 429 expansis,
798 379 840 418 et
851 379 999 418 mutuo
1013 388 1058 420 se
1070 379 1345 433 tangentibus

109 436 307 486 velabant
315 437 649 496 oraculu·1n,aias
662 446 767 490 alias
776 459 828 491 ex
836 451 1033 504 opposito
1042 451 1340 495 extendebant.

159 523 247 570 Lx,
292 515 352 561 De
390 530 560 570 mensa,
583 523 643 562 et
691 519 885 575 ejusdem
933 524 1049 567 vasis
1098 525 1181 568 hoc
1215 526 1344 569 modo

103 596 253 642 scribit
272 615 281 642 :
307 596 379 642 Ait
404 591 614 638 Dominus
639 593 693 636 ad
716 593 907 651 Moysen.
930 595 1078 640 Facies
1100 604 1139 641 et
1157 612 1340 642 mensam

98 671 151 723 ¹de
185 672 305 730 liquis
346 673 491 724 setim,
527 672 742 717 habentem
779 668 883 713 dnos
905 671 1064 715 cubitos
1093 672 1136 715 in
1163 673 1344 729 lonqicu-

101 744 211 796 dine,
236 751 277 787 et
300 745 342 789 iu
363 745 584 788 latitudine
610 742 792 789 cubitum
807 779 819 797 ,
843 749 886 789 in
910 746 1132 791 altitudine
1157 740 1341 798 cubitum

101 831 151 860 ac
188 817 413 862 semissem.
459 816 797 875 spissitudinem
835 819 946 864 tacet
973 836 982 864 τ
1027 821 1082 864 E’t
1122 819 1340 874 inaura-fiis

100 904 192 937 eam
211 903 261 934 ea:
284 891 396 935 vinni
418 900 534 946 parte
559 905 662 935 auro
681 893 903 947 purissimo
925 892 1092 951 (Emod.
1111 908 1212 948 xxv,
1235 895 1335 952 23).

99 959 204 1006 Erat
226 970 394 1013 autem,
422 971 467 1006 ut
501 964 603 1008 dicit
637 964 848 1020 Josepbus
865 998 876 1016 ,
907 967 998 1011 haee
1021 980 1168 1012 mensa
1189 968 1339 1024 proxi-

98 1048 168 1080 me
189 1036 302 1080 velut
325 1036 520 1093 delphica
536 1069 547 1087 ‚
575 1038 738 1082 habens
763 1045 949 1094 quatuor
977 1040 1130 1096 pedes,
1165 1042 1240 1096 qui
1272 1041 1339 1083 di-

99 1113 258 1159 cuntur
279 1101 374 1165 ejus
398 1110 595 1153 altitudo.
625 1110 842 1167 Erantque
874 1126 923 1156 ex
948 1114 1177 1158 medietate
1203 1116 1338 1170 partis

99 1180 318 1225 inferioris
339 1182 512 1225 rotundi
531 1215 541 1234 ,
567 1190 609 1227 et
634 1186 872 1236 tornatiles,
895 1197 996 1241 pars
1018 1186 1214 1242 superior
1236 1200 1336 1243 ope-

98 1253 161 1297 ris
185 1253 480 1310 quadrangula
502 1261 610 1300 erat.
644 1255 690 1299 In
715 1258 896 1314 singulis
921 1271 1022 1303 vero
1043 1260 1224 1315 pedibus
1245 1267 1339 1304 erat

1429 315 1615 365 quatuor
1657 323 1812 367 genera
1848 325 2048 360 vasorum
2068 350 2078 368 ,
2117 318 2172 362 ad
2203 320 2432 366 'offerenda
2455 325 2676 376 libamina,

1424 394 1519 436 quae
1536 382 1591 425 ab
1630 384 1908 436 offerentibus
1938 391 2152 434 sacerdoti
2197 392 2386 454 libanda,
2430 396 2474 439 id
2512 402 2679 455 est‘gu-

1425 453 1594 509 standa,
1620 457 1662 500 et
1700 468 1724 500 a
1772 459 2070 521 sacerdotibus
2094 462 2275 509 Domino
2312 467 2503 521 libanda,
2537 470 2581 514 id
2612 475 2678 516 est

1423 525 1657 582 fundenda,
1683 522 1898 576 dabantur
1915 547 1926 587 ;
1944 539 1987 578 et
2010 535 2278 590 ponebantur
2300 553 2430 596 super
2461 552 2673 591 mensam.

1424 599 1591 645 scilicet
1616 603 1857 657 acetabula,
1885 606 2054 661 phialae,
2079 609 2316 662 thuribula,
2341 615 2499 669 cyathi.
2518 614 2568 659 In
2605 617 2674 661 his

1423 672 1588 724 vinum,
1607 675 1721 729 quod
1747 674 1929 722 debebat
1953 678 2113 728 offerri,
2141 683 2472 740 praevidebatur,
2499 693 2540 731 et
2559 700 2671 745 pra:-

1421 746 1692 799 gustabatur,
1719 754 1864 792 utrum
1883 749 2058 807 dignum
2077 760 2190 797 esset
2207 755 2368 808 offerri,
2395 771 2446 802 an
2467 773 2570 805 non.
2587 761 2670 807 Sed

1421 817 1522 871 quia
1551 818 1596 861 in
1624 820 1783 871 colore,
1804 823 1912 866 etin
1930 835 2083 880 sapore
2101 826 2247 871 vinum
2284 830 2566 887 dignoscitur,
2606 836 2674 880 di-

1418 890 1533 934 citur
1549 891 1663 946 quod
1682 893 1834 948 phialae
1847 896 1991 940 vitreae
2015 902 2155 942 erant?
2179 897 2300 946 Unde
2342 908 2384 948 et
2414 915 2439 947 a
2472 906 2668 961 phialim,

1419 965 1532 1021 quod
1550 963 1698 1009 Graece
1715 967 1869 1010 vitrum
1893 969 2052 1013 dicitur
2068 1004 2080 1024 ‚
2106 973 2168 1016 sic
2189 975 2481 1020 vocabantur:
2511 980 2554 1021 in
2583 979 2670 1023 imo

1420 1042 1628 1091 angustae,
1648 1038 1692 1080 in
1709 1041 1920 1095 superiori
1942 1047 2062 1096 parte
2085 1045 2252 1100 amplae,
2273 1047 2318 1089 in
2349 1049 2510 1102 'quibus
2550 1052 2670 1095 color

1419 1115 1461 1152 et
1485 1121 1613 1165 sapor
1647 1117 1849 1166 poterant
1876 1113 2087 1169 dignosci,
2129 1129 2237 1171 quas
2274 1118 2440 1163 Hebraei
2462 1123 2667 1167 scutellas

1418 1181 1582 1225 dicunt.
1609 1183 1762 1239 Cyatbi
1786 1197 1886 1228 vero
1909 1187 2115 1237 mitiores,
2135 1195 2176 1232 et
2214 1194 2485 1247 angustiores
2523 1203 2663 1249 erant,

1420 1257 1462 1294 et
1484 1253 1620 1304 aurei,
1646 1266 1743 1297 eum
1768 1256 1923 1310 quibus
1940 1249 2200 1302 fundebatur
2222 1261 2369 1305 vinum
2384 1276 2515 1320 super
2534 1267 2670 1311 altare

104 1327 291 1371 annulus
331 1339 489 1372 aureus
505 1360 516 1381 ‚
563 1330 770 1386 sinusque
804 1336 896 1374 erat
921 1332 965 1375 in
1003 1332 1126 1390 pede,
1151 1333 1225 1376 uhi
1258 1346 1338 1376 ass-
1365 1308 1396 1352 B
1412 1336 1498 1379 ΪΠὈ
1521 1325 1672 1369 Ῑῖθδῐὶὶὶῐ
1695 1327 1943 1373 libamento.
1968 1327 2014 1373 ln
2038 1332 2293 1385 thuribulis,
2324 1348 2419 1391 (1ssae
2442 1343 2484 1381 ΘΕ
2506 1345 2669 1382 morta·-

98 1399 228 1444 nulus
271 1401 431 1445 missus
481 1407 588 1446 erat.
635 1401 679 1445 In
720 1405 889 1448 annulis
929 1417 1033 1449 vero
1069 1411 1214 1450 vectes
1262 1418 1340 1449 au-

98 1474 210 1525 rati,
253 1473 413 1529 quibus
456 1474 675 1519 ferebatur
719 1486 869 1521 mensa
891 1492 902 1532 ;
949 1485 1042 1522 erat
1084 1484 1227 1524 autem
1275 1481 1339 1522 la—

102 1545 221 1589 bium
264 1546 308 1589 in
340 1558 390 1591 ea
424 1559 501 1603 per
534 1548 758 1593 circuitum
796 1551 906 1595 sicut
938 1552 982 1595 in
1006 1564 1107 1595 arca
1127 1567 1139 1607 3
1162 1558 1203 1596 et
1226 1554 1338 1597 labio

103 1617 225 1664 affixa
255 1625 349 1664 erat
381 1633 510 1665 aurea
534 1634 718 1674 corona,
745 1624 829 1666 alta
863 1632 1051 1681 quatuor
1074 1627 1220 1682 digitis
1242 1643 1251 1668 :
1280 1627 1338 1669 ita

102 1699 150 1735 ut
175 1691 383 1737 medietas
416 1692 510 1748 ejus
543 1708 673 1750 super
703 1707 894 1739 mensam
928 1698 1158 1751 emineret,
1185 1713 1238 1743 ne
1261 1712 1338 1743 su-

100 1764 320 1819 perposita
343 1766 546 1808 caderent
577 1779 629 1810 ex
661 1779 726 1810 ea.
755 1767 898 1811 Altera
923 1769 1130 1812 medietas
1156 1770 1338 1814 inferius

97 1837 310 1892 pendebat
332 1838 386 1882 ad
408 1838 606 1882 decorem
624 1873 634 1892 ‚
659 1846 700 1884 et
726 1847 818 1884 erat
841 1853 1002 1885 corona
1034 1842 1125 1885 haec
1157 1843 1338 1887 interra-

97 1911 222 1955 silis:
249 1909 293 1954 id
315 1918 381 1956 est
408 1913 662 1968 interpolata
687 1916 914 1966 celaturis,
953 1921 994 1959 et
1028 1917 1170 1972 plano,
1205 1917 1337 1961 Erant

103 1978 244 2028 autern
261 2016 273 2036 ,
298 1990 347 2029 ut
369 1985 491 2029 aiunt
512 1985 676 2030 Hebraei
696 2020 704 2037 ,
732 1988 947 2032 cellaturae
969 1988 1051 2031 illae
1075 1990 1198 2046 quasi
1230 1991 1337 2034 iiua-

99 2057 223 2112 gines
244 2070 423 2114 regum,
449 2064 491 2110 et
512 2060 773 2115 propheticas
797 2076 806 2103 :
834 2066 897 2104 tot
923 2068 1021 2105 sunt
1044 2063 1103 2104 ibi
1130 2063 1336 2120 imagines

96 2129 220 2174 sactae
236 2162 248 2183 ‚
272 2136 376 2186 quot
401 2144 523 2188 reges
545 2132 676 2175 futuri
701 2139 823 2176 erant
860 2135 901 2177 in
942 2132 1179 2179 Jerusalem
1206 2148 1230 2179 a
1254 2137 1336 2180 Da-

68 2256 70 2260 ·
96 2207 167 2250 vid
199 2220 336 2263 usque
374 2208 426 2251 ad
469 2207 692 2252 Sedeciam
717 2201 727 2252 ζ·
763 2216 905 2252 tamen
927 2209 1140 2267 Josepiius
1167 2210 1336 2254 videtur

99 2280 203 2324 velle
225 2292 311 2323 non
334 2279 468 2325 fuisse
494 2282 608 2324 aliud
634 2281 793 2325 labium
828 2282 870 2325 in
904 2295 977 2335 ea,
1005 2283 1087 2326 nisi
1121 2283 1231 2326 hauc
1263 2295 1336 2327 co·-

95 2363 244 2400 rouam
272 2352 556 2403 interrasilem
578 2385 589 2404 ,
630 2341 759 2403 idest
786 2355 1072 2399 reticulatam.
1099 2354 1208 2398 Huic
1231 2369 1334 2399 vero

95 2426 365 2482 superposita
389 2429 482 2469 erat
505 2425 588 2468 alia
611 2417 775 2471 corona.
793 2427 934 2471 minor
952 2427 1052 2479 ista,
1078 2428 1152 2472 sed
1176 2435 1334 2483 quanta

94 2503 136 2539 ct
163 2496 380 2552 quomodo
403 2498 672 2554 superposita
693 2532 704 2549 ,
729 2503 771 2543 et
797 2511 851 2542 an
876 2500 1002 2556 plana
1018 2533 1028 2552 ,
1065 2513 1118 2544 an
1151 2502 1336 2546 interra-

95 2569 188 2612 silis
207 2601 217 2619 ‚
251 2571 496 2623 nescimus;
526 2568 699 2626 >tautum
733 2574 907 2616 aureola
937 2579 1134 2616 vocatur.
1172 2573 1334 2618 Hebraei

93 2641 243 2684 dieunt
268 2649 308 2685 et
332 2643 443 2686 hanc
469 2644 720 2699 prophetice
742 2644 932 2689 additam
951 2678 963 2696 ‚
992 2636 1044 2689 ad
1069 2647 1335 2704 praesignan-

62 2765 66 2771 ,
93 2703 192 2758 (lam
214 2715 467 2760 divisionem
493 2718 615 2773 regni
639 2719 683 2761 in
709 2718 795 2762 duo
818 2722 968 2775 regna.
991 2717 1089 2762 Fuit
1121 2722 1234 2763 enirn
1267 2733 1334 2764 re-

49 2847 52 2851 .
94 2798 224 2845 gnum
262 2790 392 2835 Israel
430 2792 682 2847 populosius
719 2790 1052 2848 reg'no‘Juda;'
1074 2793 1151 2837 sed
1190 2801 1334 2838 tamen

95 2863 236 2907 miuus
254 2864 456 2921 dignum,
480 2871 521 2908 et
546 2864 639 2908 ideo
662 2867 835 2909 aureola
859 2867 1130 2922 superposita
1151 2868 1269 2922 erat,
1293 2874 1335 2914 et

57 2986 60 2990 ⁴
91 2941 235 2980 tamen
261 2935 415 2979 minor.
443 2936 586 2980 Mensa
609 2937 699 2981 haec
723 2937 963 2993 ponebatur
985 2938 1029 2980 in
1053 2936 1334 2981 tabernaculo

93 3009 147 3051 ad
172 3007 426 3064 Aquilonem
452 3022 537 3052 non
561 3010 687 3065 longe
720 3007 773 3052 ab
805 3009 922 3052 aditu
940 3041 950 3060 ,
986 3015 1026 3052 et
1063 3010 1334 3064 ponebantur

94 3095 224 3138 super
247 3095 339 3126 eam
364 3082 588 3127 duodecim
615 3096 749 3139 panes
773 3084 899 3126 azimi
923 3083 978 3128 de
1009 3084 1148 3135 simila
1173 3086 1332 3127 munda

97 3155 240 3208 vaide,
267 3162 309 3199 et
332 3149 604 3212 ponebantur
637 3157 730 3202 seni
762 3157 1020 3201 altrinsecus
1039 3189 1050 3209 ‚
1084 3163 1126 3200 et
1155 3165 1332 3201 consta-

95 3227 197 3271 bant.
223 3229 380 3285 singuli
407 3228 458 3273 de
482 3229 650 3274 duabus
681 3230 861 3274 decimis
891 3229 1000 3286 Ephi
1019 3237 1045 3281 ,·
1065 3242 1174 3286 quas
1207 3230 1330 3275 Jose-

7 3339 10 3342 .
62 3351 69 3356 ἰ
94 3298 204 3351 pinni
227 3298 335 3343 duos
358 3301 548 3354 assarios
571 3306 696 3343 vocat
718 3291 794 3354 3'et
815 3306 972 3356 patena
995 3313 1124 3344 aurea
1152 3301 1331 3356 singulis

95 3371 484 3431 superponebatur,
510 3379 555 3415 et
577 3383 705 3428 super
728 3373 926 3428 'patenam
951 3373 1140 3429 pugillus
1174 3374 1326 3417 thuris.

1419 1398 1527 1440 riola
1550 1397 1820 1453 dicebantur,
1848 1403 1949 1447 thus
1973 1407 2414 1462 praecognoscebatur,
2445 1414 2489 1453 et
2518 1411 2670 1456 offere-

1419 1469 1572 1514 batur:
1592 1472 1792 1516 similiter
1805 1481 1846 1517 et
1881 1475 1925 1517 in
1958 1477 2191 1521 acetabulis
2224 1486 2408 1525 acetum.
2457 1480 2541 1526 Sed
2567 1485 2666 1540 quia

1418 1555 1654 1600 nunquam,
1683 1551 1757 1588 aut
1778 1558 1877 1590 raro
1892 1550 2078 1592 occurrit
2097 1550 2149 1593 de
2179 1551 2397 1597 oblatione
2422 1555 2546 1607 aceti,
2572 1557 2669 1612 qui-

1418 1616 1516 1659 dam
1541 1618 1690 1661 dicunt
1708 1621 2009 1676 acceptabula;
2036 1623 2107 1665 ubi
2131 1624 2292 1668 scilieet
2315 1627 2628 1681 praevidebatur
2643 1642 2666 1671 a

1419 1690 1735 1742 sacerdotibus,
1762 1704 1857 1747 quse.
1891 1692 2102 1737 debebant
2126 1694 2286 1747 offerri,
2314 1703 2456 1741 utrum
2493 1705 2667 1755 accepta

1417 1772 1577 1815 essent,
1603 1764 1646 1807 id
1669 1769 1734 1808 est
1771 1763 1942 1818 idonea,
1968 1778 2022 1809 an
2046 1779 2148 1810 non.
2172 1767 2323 1814 Postea
2347 1771 2578 1816 subdividit
2596 1784 2668 1816 ac-

1417 1838 1644 1892 ceptabula
1670 1838 1712 1881 in
1736 1839 1840 1882 tria:
1868 1840 1911 1882 in
1945 1840 2125 1895 phialas,
2161 1842 2206 1885 in
2236 1845 2393 1899 quibus
2422 1846 2568 1889 vinum
2588 1861 2599 1900 ;
2622 1848 2666 1890 in

1416 1910 1650 1961 thuribula,
1678 1911 1721 1954 in
1745 1913 1902 1967 quibus
1929 1914 2045 1964 thus,
2066 1920 2108 1957 et
2136 1914 2292 1966 simila,
2319 1923 2361 1960 et
2401 1931 2599 1974 granum,
2623 1927 2666 1966 et

1417 1984 1565 2037 sehet
1586 1985 1778 2042 cyathos,
1806 1987 1849 2029 in
1895 1988 2051 2043 quibus
2087 1990 2243 2032 oleum.
2284 1989 2518 2035 Sumebant
2550 1993 2665 2036 enim

1417 2057 1666 2101 sacerdotes
1686 2059 1804 2114 prius
1822 2060 1874 2103 de
1897 2060 1980 2110 bis,
2017 2056 2112 2116 quae
2145 2062 2362 2106 offerenda
2399 2070 2539 2113 erant,
2564 2078 2665 2122 por·

1416 2129 1648 2181 tiunculas,
1666 2143 1774 2186 quas
1792 2131 1835 2174 in
1856 2132 2107 2187 hujusmodi
2120 2135 2235 2177 vasis
2255 2136 2471 2189 ponebant
2491 2136 2544 2179 ad
2562 2150 2666 2192 pra:-

1412 2202 1690 2257 gu'standum‚
1716 2204 1840 2258 quasi
1864 2205 2091 2249 delibando
2110 2207 2161 2251 de
2187 2208 2384 2262 singulis,
2420 2223 2516 2265 quae
2558 2210 2666 2254 liba-

1416 2275 1529 2317 mina
1568 2275 1676 2318 dixit
1702 2275 1869 2332 Moyses
1903 2278 2139 2329 offerenda,
2183 2278 2227 2322 id
2256 2284 2320 2323 est
2347 2279 2400 2323 de
2436 2278 2665 2328 offerendis

1373 2381 1388 2395 Ὺ
1417 2348 1638 2392 sumenda.

1472 2419 1579 2463 LXI.
1630 2421 1789 2465 Sci-ibit
1826 2435 1997 2480 quoque
2035 2424 2086 2468 de
2132 2425 2391 2471 candelabro
2430 2429 2663 2474 secundum

1415 2492 1528 2536 hunc
1550 2494 1739 2536 moduni.
1760 2494 1967 2551 Praecepit
2009 2509 2179 2552 quoque
2212 2497 2324 2542 Deus
2359 2496 2663 2546 candelabrum

1415 2565 1504 2608 lieri
1523 2578 1575 2609 ex
1589 2578 1698 2610 auro
1722 2569 1953 2622 purissimo
1976 2570 2165 2628 ductile„
2187 2570 2400 2627 Josephus
2424 2579 2570 2618 tamen
2594 2574 2663 2623 su—

1415 2637 1492 2682 sile
1516 2638 1637 2690 dicit,
1657 2641 1782 2695 cujus
1798 2641 1954 2685 hastile
1969 2643 2061 2686 basi
2080 2643 2258 2686 infixum
2276 2653 2382 2697 erat,
2400 2651 2443 2690 et
2455 2646 2660 2699 ferreum,

1415 2711 1742 2763 supervestitum
1767 2712 1943 2756 calamis
1961 2713 2104 2763 aureis
2122 2715 2311 2770 quinque
2328 2716 2583 2771 geniculatis
2607 2719 2665 2761 ad·

1413 2783 1585 2825 modum
1614 2795 1785 2835 canuam
1809 2783 1998 2840 quinque
2033 2791 2174 2829 autem
2215 2788 2354 2842 capita
2398 2788 2660 2832 calamorum

1414 2854 1526 2897 inter
1547 2844 1592 2898 se
1613 2855 1917 2911 Jungebantur.
1943 2856 2095 2912 Capita
2118 2858 2333 2901 habebant
2354 2861 2592 2905 tumentia:
2617 2867 2660 2905 et

1414 2926 1596 2971 invicem
1617 2929 1670 2971 ad
1693 2928 2050 2985 niodumscyphi,
2070 2940 2199 2985 quam
2235 2941 2417 2987 cuppam
2454 2932 2657 2984 dicimus,

1410 2998 1715 3054 jungebantur,
1740 3005 1943 3057 tauquam
1961 3002 2045 3045 duo
2067 3002 2214 3058 scyphi
2242 3002 2283 3045 in
2305 3003 2481 3047 modum
2504 3005 2655 3049 nucis:

1413 3078 1454 3115 et
1483 3073 1685 3117 ex'l'undo
1708 3074 1916 3130 cujusque
1939 3075 2087 3132 scyphi
2124 3075 2414 3130 procedebant
2435 3075 2563 3123 flores
2586 3091 2656 3121 re-

1413 3147 1549 3197 curvi,
1574 3148 1698 3202 quasi
1721 3148 1835 3200 lilia;
1859 3148 1962 3191 etin
1987 3148 2081 3203 ipso
2119 3148 2254 3191 fundo·
2284 3149 2396 3193 inter
2431 3149 2655 3206 scyphum,

1412 3224 1454 3262 et
1475 3218 1562 3260 lilia
1579 3226 1670 3261 erat
1693 3219 1902 3274 spinairula
1927 3220 2141 3282 volubilis,
2162 3220 2273 3263 sicut
2290 3221 2333 3263 in
2358 3222 2571 3276 capitibus
2585 3233 2658 3263 ca-

1414 3292 1659 3336 thedrarum
1684 3293 1867 3337 subsunt
1891 3293 2112 3348 sphaerulae
2130 3294 2339 3337 volubiles
2361 3309 2370 3336 ε
2401 3300 2443 3337 et
2481 3295 2536 3336 ita
2560 3304 2658 3342 cum

1412 3366 1455 3408 iu
1480 3365 1624 3408 hastili
1640 3366 1830 3421 quinque
1847 3366 2058 3408 calamiin
2081 3366 2195 3411 hunc
2219 3367 2392 3409 modum
2420 3372 2564 3409 essent
2584 3378 2658 3412 co-

93 3439 305 3498 Joseplius
331 3443 435 3486 dicit
456 3445 623 3500 phialas
649 3453 802 3489 aureas
829 3442 1125 3503 superpositas
1141 3478 1152 3497 ,
1180 3447 1328 3503 plenas
1357 3442 1387 3485 D
1412 3439 1561 3495 inflatis
1585 3444 1769 3493 “infimo‘'
1791 3439 2156 3493 effimifflfflmfae·
2182 3450 2364 3493 ‘lustrum
2388 3451 2566 3493 ‘iuae‘iue
2582 3438 2666 3488 1¹³⁴

94 3515 238 3558 thure.
260 3514 312 3556 Hi
337 3515 526 3560 diluculo
547 3515 720 3578 Sabbati
745 3525 938 3577 recentes
980 3524 1021 3562 et
1045 3519 1170 3563 calidi
1193 3520 1330 3575 impo-

73 3626 78 3632 .
97 3588 309 3629 luebantur
326 3588 485 3631 mensae
500 3620 512 3639 ,
532 3593 574 3631 et
591 3595 715 3632 erant
734 3579 793 3632 ini
812 3590 976 3633 immoti
997 3603 1133 3646 usque
1149 3591 1203 3634 ad
1223 3591 1331 3635 Sab-

95 3660 239 3703 batum
261 3671 472 3718 sequens3
495 3666 599 3704 tunc
616 3662 702 3711 illis
725 3662 921 3714 sublatis,
942 3670 984 3706 et
1005 3669 1095 3707 toto
1115 3664 1243 3721 thure
1264 3664 1331 3707 in—

95 3740 241 3786 censu,
253 3746 383 3789 super
398 3736 530 3779 altare
538 3725 638 3778 ‘novi
658 3747 754 3778 cum
773 3736 857 3778 alio
872 3736 997 3780 thure
1013 3730 1331 3781 Substitueban-

75 3856 77 3860 Α
94 3811 165 3847 tur
181 3821 195 3849 -:
207 3806 336 3861 3¹73
360 3807 552 3852 sublatos
561 3821 664 3852 vero
677 3810 757 3852 soli
775 3809 1017 3853 sacerdotes
1030 3810 1328 3860 comedebant;

82 3875 206 3922 ‘unde
230 3878 517 3924 sacerdotales
534 3881 799 3931 dicebantur,
826 3883 891 3925 vel
917 3882 1042 3924 etiam
1068 3883 1163 3926 idco
1183 3898 1192 3926 z
1212 3884 1327 3947 quia,

93 3955 145 4005 ut
168 3951 225 3993 ait
248 3950 474 4008 Iosephus,
498 3952 610 3998 Deus
627 3960 891 4015 praeceperat
917 3955 1030 4011 quod
1056 3957 1153 4017 ,soli
1183 3954 1329 4015 sacer·

93 4022 214 4085 dotes
234 4035 365 4078 panes
387 4024 482 4069 illos
508 4015 755 4087 formarent,
779 4032 821 4077 et
838 4018 1099 4086 coquel-eum
1124 4032 1165 4070 et
1199 4039 1331 4082 pone-

91 4101 188 4138 rent
211 4096 253 4141 iu
276 4109 440 4157 mensa,
464 4103 506 4141 et
527 4099 748 4151 tollerent;
765 4098 846 4154 ipsi
863 4105 1006 4142 tamen
1027 4113 1111 4143 uon
1130 4100 1332 4143 observa-

93 4174 191 4210 runt
216 4168 319 4214 haec,
345 4161 604 4214 Dicebantu‘r
624 4162 735 4214 enim
750 4182 880 4230 panes
893 4172 1215 4228 propositionis,
1232 4169 1329 4228 quia

94 4242 299 4298 propositi
323 4250 443 4285 erant
468 4255 610 4304 eoram
628 4236 813 4296 Domino
834 4245 880 4298 in
900 4237 1148 4288 memoriam
1174 4247 1329 4301 sempi-

93 4320 260 4365 ternam
272 4313 495 4370 duodecim
516 4312 912 4373 tribumn'liliorum
930 4316 1059 4362 israel
1074 4332 1085 4380 ,³
1115 4319 1180 4361 vel
1199 4330 1328 4373 porro

95 4384 236 4439 positi,
261 4387 302 4429 id
315 4394 380 4430 est
398 4388 523 4442 longo
539 4394 732 4445 tempore
756 4390 882 4446 positi
896 4376 909 4440 ¹;
921 4390 984 4433 vel
994 4402 1070 4446 per
1081 4392 1212 4446 totam
1226 4387 1329 4450 beb—

95 4457 334 4510 donvadam,
356 4460 419 4504 vel
435 4461 474 4502 in
489 4467 691 4504 internum
706 4451 1106 4517 per'sucecss‘ionem
1124 4462 1323 4519 ponendi.

1413 3513 1538 3556 bebat
1556 3512 1754 3566 scyphos,
1773 3511 1897 3565 ‹piasi
1921 3510 2031 3553 duos
2050 3511 2241 3565 Juuctas,
2267 3515 2308 3552 et
2340 3511 2656 3565 sphaerulassi-

1412 3587 1516 3637 mul,
1545 3591 1586 3628 et
1608 3585 1710 3628 lilia.
1737 3584 1787 3626 Et
1805 3571 1885 3627 boc
1909 3589 1976 3627 est
1998 3583 2110 3638 quod
2130 3582 2296 3639 Moyses
2320 3583 2441 3627 dicit.
2469 3583 2516 3625 in
2554 3583 2655 3627 has·

1411 3661 1476 3703 tili
1495 3665 1676 3715 quatuor
1696 3658 1828 3702 l'uisse
1852 3657 2036 3714 scyphos
2052 3657 2096 3699 in
2119 3655 2292 3699 modum
2319 3656 2470 3709 nuc-im
2508 3660 2651 3699 tamen

1413 3732 1619 3775 Hebraeus
1642 3744 1727 3775 non
1751 3731 1855 3774 dicit
1873 3730 2073 3785 scyphos,
2101 3729 2174 3772 sed
2193 3729 2296 3782 dicit
2333 3728 2654 3783 nigellatasro-

1412 3806 1659 3854 tunditates,
1682 3805 1843 3848 scilicet
1865 3803 2020 3859 nigello
2038 3802 2280 3846 distinctas.
2314 3800 2374 3844 Ex
2402 3802 2484 3846 hoc
2508 3803 2651 3845 hastili

1411 3876 1697 3933 procedebant
1715 3890 1764 3920 cx
1787 3876 1990 3919 lawr-ibus
2013 3874 2302 3919 tria‘bmchia
2333 3875 2449 3928 hinc,
2494 3881 2535 3918 et
2571 3876 2651 3919 tria

1412 3950 1508 3994 inde
1531 3950 1683 4001 ferrea,
1722 3961 1903 4005 quorum
1948 3946 2286 4002 unumquodque
2319 3949 2647 4003 supervestitum

1410 4029 1501 4067 erat
1518 4023 1692 4066 calamis
1710 4022 1852 4066 aureis
1874 4021 2116 4065 admodum
2142 4018 2325 4070 hastilis,
2345 4026 2392 4070 v,et
2410 4021 2456 4063 in
2475 4019 2649 4075 junctu-

1409 4096 1469 4139 ris
1494 4096 1664 4138 coibant
1694 4095 1832 4150 capita
1865 4094 2140 4142 calamorum,
2165 4092 2292 4147 quasi.
2304 4092 2452 4148 scyphi
2490 4094 2534 4134 in
2556 4104 2648 4137 ruo·

1393 4167 1509 4212 ¹dum
1530 4167 1653 4212 nucis
1676 4174 1771 4211 cuin
1795 4166 2039 4222 sphaerulis,
2058 4170 2101 4208 et
2120 4165 2233 4208 liliis.
2253 4164 2305 4210 Et
2330 4165 2430 4220 quia
2460 4165 2503 4206 in
2539 4177 2646 4207 uno-

1409 4253 1577 4298 quoque
1595 4247 1681 4284 tres
1716 4241 1900 4297 scyphos
1933 4240 2037 4282 dicit
2082 4238 2248 4293 Moyses
2271 4238 2436 4288 luisse,
2476 4239 2645 4282 videtur

1408 4308 1740 4370 unumquodque
1792 4316 1975 4369 quatuor
2007 4312 2194 4356 calamos
2229 4313 2432 4356 babuisse
2464 4328 2473 4354 :
2501 4317 2641 4354 tamen

1407 4389 1659 4445 quibusdam
1677 4387 1871 4431 videntur
1891 4387 2110 4443 splmaruloe·
2142 4384 2230 4429 nou‘
2260 4385 2401 4429 fuisse
2428 4385 2471 4428 in
2512 4385 2642 4428 fundo

1405 4462 1678 4515 seypiiorui'n,
1702 4468 1747 4502 ut
1770 4462 1928 4504 dictum
1951 4465 2030 4512 est,
2055 4460 2127 4504 scd
2151 4460 2192 4502 in
2218 4459 2354 4503 media
2371 4456 2549 4514 planitie
2566 4471 2636 4502 cu·
