2924 4588
377 148 458 194 163
814 149 843 177 ⁰

376 241 430 283 cit
470 236 591 280 loen.

377 239 469 354 tna}
510 314 550 351 et
587 267 996 359 inffomprehensibili
1045 298 1115 338 illa
1147 296 1339 350 genitura
1359 325 1369 343 ,
1399 293 1578 335 demon-

377 387 481 424 strat
496 380 532 422 ei
551 386 805 433 quaecunque
821 372 889 415 ille
906 370 1017 412 l'acit.
1030 368 1135 410 Ecce
1151 365 1363 421 Sapientia
1381 363 1578 419 prodiens

374 465 424 494 ex
446 463 517 493 ore
552 449 694 504 (Eccli.
718 456 833 496 xxiv,
851 442 908 498 5).
933 440 1039 483 Ecce
1065 439 1238 482 verbum
1269 442 1501 480 eructatum
1527 446 1579 476 cx

374 523 497 565 eorde
518 521 647 570 (Psoi.
679 531 797 569 κων,
827 516 883 572 l).
918 514 1024 557 Ecce
1058 513 1166 554 lilius
1197 523 1247 553 ex
1273 517 1391 552 utero
1413 509 1577 563 genitus

375 594 504 647 (l’ml.
532 605 577 639 ιι,
608 592 663 645 7).
690 590 723 632 Ο
750 602 812 637 os,
837 600 863 630 o
895 598 983 637 cor,
1006 596 1033 626 o
1056 584 1224 626 uterus!
1250 581 1307 624 Os
1330 582 1434 623 nihil
1460 586 1578 621 tran-

373 666 560 707 sitorium
579 662 740 705 efflans.
759 659 841 702 Cor
857 657 957 700 nihil
974 655 1247 698 intrinsecum
1269 651 1457 707 ejiciens.
1477 649 1577 692 Ute-

371 748 441 778 rus
467 735 567 777 nibil
600 745 749 775 novum
774 728 1044 786 concipiendo
1065 735 1308 768 assumens:
1332 723 1436 765 niliii
1467 722 1577 763 anti·

370 819 496 861 quum
528 804 726 859 pariendo
750 802 964 843 amittens.
990 796 1026 841 0
1053 794 1408 839 incommutabilis
1436 793 1479 835 in
1511 805 1571 842 se,

375 870 806 927 incomprehensibilis
826 869 878 911 ad
900 880 979 911 nos
1008 865 1254 922 prudentia!
1279 876 1305 907 o
1322 863 1408 906 falli
1430 863 1574 906 nescia

370 948 412 987 in
447 946 511 986 sui
544 943 820 997 dispositione
854 939 1140 996 providentia!
1173 949 1199 980 o
1236 938 1360 991 longa
1394 942 1435 978 ct
1464 935 1572 987 lata;

366 1015 571 1072 protunda
599 1021 639 1057 et
668 1014 750 1055 alta
783 1011 996 1054 Samaria!
1022 1011 1078 1053 ibi
1101 1010 1243 1052 omnia
1265 1009 1318 1050 ab
1342 1013 1502 1050 aeterno
1530 1007 1574 1049 in

367 1070 437 1129 illo
459 1092 632 1133 secreto.
663 1097 753 1140 qua:
783 1083 1068 1138 temporaliter
1100 1080 1169 1124 hic
1200 1084 1403 1135 apparent
1428 1079 1472 1121 in
1493 1077 1575 1122 hoc

365 1158 546 1212 publico,
566 1158 605 1198 in
627 1156 792 1198 occulta
807 1153 987 1210 quadam
1013 1152 1123 1207 apud
1142 1150 1268 1194 Deum
1290 1147 1485 1193 custodia
1500 1158 1574 1190 oc-

366 1227 712 1275 culterecoiidita,
738 1238 831 1281 quae
854 1238 926 1280 per
948 1224 1200 1267 creationem
1217 1221 1391 1264 suamin
1406 1232 1452 1263 se
1468 1219 1572 1274 ipsis

363 1300 600 1356 apparentia
620 1306 772 1342 suntet
793 1298 987 1341 revelata.

415 1370 461 1413 ll.
494 1370 551 1413 lbi
574 1370 829 1412 rationabilis
850 1367 1028 1423 reproba
1053 1374 1245 1409 creatura
1263 1363 1468 1418 judicium
1493 1361 1571 1405 ba-

360 1442 635 1496 bensjnstum
670 1440 862 1496 quidem,
886 1439 958 1481 sed
990 1438 1216 1480 occultum.
1244 1433 1569 1490 lncomprelicn·

361 1516 461 1563 eile‚
494 1513 855 1569 irreprehensibile
878 1511 958 1567 47
987 1516 1143 1558 tamen,
1173 1521 1221 1552 eo
1244 1507 1433 1551 terribile
1449 1539 1459 1558 ‚
1484 1518 1570 1562 quo

361 1585 629 1627 immutabile.
654 1582 711 1625 lbi
743 1581 784 1625 et
807 1582 1022 1630 rationalis
1057 1580 1189 1623 electa
1230 1584 1439 1622 astantem
1465 1576 1567 1627 sibi,

359 1659 398 1697 et
431 1667 505 1710 pro
539 1667 585 1696 se
618 1659 727 1696 statu
765 1652 848 1695 lixo
866 1658 907 1695 et
930 1650 1132 1694 immobili
1168 1650 1286 1703 pacis
1317 1646 1568 1691 sententiam

360 1725 516 1769 liabens
558 1725 861 1767 ministrantem
899 1722 979 1766 sibi
995 1753 1006 1773 ,
1044 1719 1360 1764 misericordias
1402 1717 1568 1761 Domini

357 1797 411 1840 ab
450 1802 607 1839 aetcrno
649 1807 781 1850 usque
825 1794 868 1837 in
914 1799 1116 1836 aeternum
1134 1824 1146 1843 ,
1187 1798 1233 1834 ιιι
1278 1802 1357 1834 nec
1399 1789 1568 1832 initium

357 1869 536 1913 habeant
557 1900 566 1917 ‚
616 1879 711 1910 cum
758 1866 810 1909 ab
846 1872 1004 1908 :eterno
1036 1865 1146 1917 sint,
1193 1875 1272 1907 nec
1309 1862 1578 1912 terminum‚·

355 1954 449 1983 cum
494 1943 535 1983 in
581 1946 781 1983 aeternnm
833 1939 931 1982 sint.
979 1937 1038 1980 lbi
1084 1949 1265 1992 namque
1306 1938 1567 1993 praestitutus

356 2013 423 2055 illc
453 2013 630 2068 populus
663 2013 815 2055 stultus
849 2018 891 2055 et
927 2010 1131 2067 insipiens
1157 2009 1293 2066 (Dent.
1325 2020 1470 2060 xxxii,
1505 2007 1564 2064 6),

354 2086 566 2140 generatio
609 2096 734 2140 prava
770 2089 813 2128 et
846 2095 1130 2139 exasperans,
1170 2082 1364 2125 adultera·
1392 2086 1435 2124 et
1467 2092 1567 2136 pcr-

354 2167 487 2197 versa.
511 2153 569 2196 lbi
607 2155 924 2210 praedestinatus
962 2155 1166 2210 populus,
1214 2152 1438 2196 laudabilis
1469 2153 1567 2203 ille,

354 2227 550 2280 ouijtixta
570 2224 716 2269 lsaiain
732 2257 745 2277 ,
767 2225 963 2269 Dominus
986 2226 1186 2268 benedixit
1212 2223 1334 2282 (lsai.
1358 2238 1455 2277 xix,
1476 2223 1567 2282 25.)

355 2296 458 2340 Gens
491 2296 591 2346 iile,
626 2297 746 2351 Juxta
767 2295 1059 2347 psalmistam,
1086 2296 1228 2348 beata,
1253 2296 1370 2351 cnjus
1392 2304 1453 2339 eat
1481 2295 1566 2338 Do-

355 2370 487 2411 minus
508 2367 614 2411 Deus
640 2369 755 2423 ejici,-
778 2368 1079 2424 populuequem
1095 2369 1212 2423 elegit
1230 2368 1271 2410 in
1289 2367 1567 2411 hoereditotem
1587 2349 1620 2393 C

354 2440 431 2483 eibi
460 2438 592 2494 (Paul.
616 2452 733 2483 xxxii
752 2472 763 2492 ,
789 2441 872 2496 12).
897 2440 980 2484 Nec
1016 2442 1126 2484 valet
1148 2441 1390 2495 figmentum
1426 2440 1568 2486 dicere

352 2511 390 2553 ei
412 2510 482 2566 qui
511 2522 556 2553 se
580 2509 722 2554 nnxit:
746 2511 842 2567 quid
874 2524 936 2554 me
961 2511 1094 2566 {eristi
1122 2513 1181 2555 sic
1192 2514 1214 2556 ?.
1237 2511 1371 2566 (Rom.
1392 2524 1452 2564 tx,
1477 2511 1566 2568 20).

351 2581 454 2624 Cum
475 2587 720 2637 potestatem
746 2583 896 2627 habeat
918 2583 1068 2640 (igulus
1086 2585 1163 2627 luti
1185 2596 1234 2628 ex
1258 2584 1404 2629 eadem
1425 2597 1570 2629 massa

352 2654 463 2696 aliud
487 2655 654 2709 quidem
679 2665 754 2698 vae
773 2653 912 2699 facere
934 2655 976 2699 in
1000 2655 1203 2700 honorem
1218 2688 1229 2709 ,
1257 2657 1372 2701 aliud
1403 2657 1444 2701 in
1467 2670 1570 2702 con·

350 2726 559 2768 tumeliam
584 2725 719 2778 libid..
739 2727 824 2783 2¹).
844 2726 998 2771 Volens
1022 2729 1164 2784 itaque
1182 2730 1587 2776 excellentissimus·

350 2796 432 2846 ille,
460 2803 499 2839 et
523 2797 766 2847 immensus,
791 2798 992 2843 terribilis
1008 2831 1020 2850 ,
1045 2805 1086 2843 et
1108 2812 1286 2856 magnus
1310 2800 1461 2852 valde,
1496 2813 1572 2845 oc·-

348 2869 485 2912 cultus
507 2874 547 2911 et
563 2869 720 2922 justus,
743 2870 986 2914 tremendus
1010 2878 1051 2914 et
1072 2871 1325 2915 metuendus
1350 2871 1495 2924 nimis,
1517 2885 1568 2916 ac

348 2938 547 2981 Dominus
573 2939 697 2990 Deus,
725 2942 883 2988 volens.
908 2942 1102 2997 inquam,
1127 2943 1350 2988 ostendere
1366 2952 1565 2988 :eternam

350 3012 523 3064 gratiam
555 3021 696 3062 suam,
718 3020 759 3061 et
794 3018 936 3056 notam
976 3013 1113 3058 facere
1147 3018 1379 3070 potentiam
1415 3029 1563 3069 suam,

349 3083 548 3125 sustinuit
571 3083 612 3125 in
635 3084 764 3126 multa
789 3085 990 3140 patientia
1011 3099 1112 3130 vasa
1136 3088 1211 3131 irae
1231 3095 1327 3146 apta
1352 3090 1393 3132 in
1417 3091 1567 3134 interi-

349 3160 435 3198 tum
452 3187 463 3205 ‚
490 3161 596 3200 utet
630 3159 869 3202 ostenderet
898 3158 1066 3203 divitias
1094 3161 1237 3216 gloriae
1260 3174 1347 3206 suae
1381 3163 1425 3206 in
1463 3174 1566 3208 vasa

349 3226 671 3276 misericordiat.
698 3241 791 3284 quae
815 3233 1068 3287 praeparavit
1091 3234 1134 3276 in
1164 3242 1366 3278 :eternam
1387 3236 1564 3292 gloriam

353 3295 453 3350 (ibid
476 3328 487 3347 ‚
511 3297 597 3350 23).

403 3366 469 3411 ΙΙΙ.
501 3367 535 3411 0
557 3375 703 3413 uterus
728 3368 950 3417 Rebeccae!
982 3374 1014 3417 Ο
1049 3383 1255 3420 secretum
1287 3381 1564 3434 praescientiae
1587 3410 1621 3453 D

350 3438 524 3483 dixinae!
549 3443 646 3496 quia
674 3442 728 3486 ab
754 3443 901 3489 eodem
939 3452 1060 3490 utero
1090 3448 1336 3495 dividuntur
1371 3453 1436 3497 hae
1469 3454 1564 3499 duae

352 3517 495 3564 rentes
512 3513 567 3557 ab
589 3515 768 3561 invicem
783 3516 1026 3568 diversae‚et
1048 3523 1188 3577 populi
1212 3524 1297 3566 duo
1319 3525 1361 3570 in
1383 3526 1563 3572 invicem

351 3582 505 3627 diverti
530 3583 644 3639 (Gen.
688 3600 786 3641 xxv,
821 3589 909 3647 23).
936 3590 1058 3637 Tales
1095 3594 1177 3637 huc
1218 3597 1482 3652 egredientes
1519 3602 1563 3645 in

353 3659 553 3707 tenumre.
576 3657 720 3711 «platea
743 3659 799 3702 ilii
823 3666 922 3704 sunt
941 3662 984 3705 in
1005 3665 1252 3710 aeternitate.
1278 3667 1388 3713 Esau
1418 3671 1566 3716 videli-

354 3730 421 3766 cet
441 3727 495 3768 ob
517 3729 803 3774 crudelitatem
838 3734 984 3787 rusus,
1007 3743 1050 3779 et
1070 3746 1242 3794 propter
1277 3742 1531 3798 voluptatem
1550 3776 1562 3797 ,

355 3806 435 3847 (1(ΙὲΙ
459 3795 639 3852 undiquc
659 3805 795 3844 tectus
812 3807 854 3845 et
873 3803 1083 3851 involutus
1105 3813 1187 3857 cst,
1205 3814 1320 3854 totus
1339 3811 1382 3855 in
1404 3825 1564 3859 morem

358 3865 493 3919 vemt,
517 3868 719 3925 hispidus.
743 3871 872 3917 Jacob
899 3890 997 3920 vero
1020 3878 1145 3928 lenis,
1169 3882 1291 3935 quasi
1315 3883 1371 3927 ab
1387 3884 1454 3929 his
1475 3898 1566 3932 ma-

358 3934 410 3977 ¹³³
441 3936 636 3981 5m¹¹¹⁰n38
652 3971 663 3989 .
693 3953 775 3985 non
798 3946 931 3988 solum
956 3954 1180 4004 antequam
1204 3952 1434 4009 quidquam
1462 3969 1566 4014 ope-

359 4009 518 4057 remur·
541 4021 684 4053 verum
706 4014 827 4056 etiam
851 4019 1093 4073 prinsquam
1114 4034 1188 4076 per
1211 4027 1469 4070 creationem
1490 4042 1568 4073 na-

359 4083 543 4128 ⁸C³¹¹2¹¹¹⁸2
569 4087 637 4130 ut,
663 4086 891 4129 secundum
915 4090 1187 4142 electionem,
1207 4099 1467 4152 propositum
1493 4099 1567 4146 Dei

358 4156 523 4191 maneat
539 4181 550 4199 .
574 4163 657 4195 non
678 4166 728 4197 ex
746 4159 958 4211 operibus,
984 4174 1078 4204 cum
1102 4167 1278 4209 necdum
1299 4169 1340 4210 in
1365 4183 1411 4214 se
1441 4173 1568 4227 quid·-

359 4231 481 4271 (ΙΊῧΠΙ
506 4222 590 4264 sint
625 4228 807 4279 operati,
840 4231 911 4273 sed
935 4245 985 4276 ex
1008 4243 1183 4280 vocante
1213 4240 1343 4283 verbo
1366 4241 1564 4298 Domini,

359 4296 399 4329 et
420 4293 557 4335 veraci
583 4301 622 4336 et
653 4296 854 4343 immobili
871 4334 882 4351 ,
900 4306 998 4358 quia
1020 4305 1146 4350 Jacob
1168 4309 1316 4363 dilexi,
1355 4314 1464 4358 Esau
1489 4332 1565 4361 au·

362 4368 438 4402 cem
475 4364 564 4407 sato
595 4366 868 4428 finitimam.
902 4388 966 4427 ιι,
992 4362 1285 4436 ι3)ζιι·.ιι)ειιη
1323 4385 1420 4431 odio
1454 4389 1565 4436 Esau

1239 129 1402 174 Λιιιιιι
1428 113 2008 172 PnAEuoxsrntrea'sis

613 249 637 278 r
681 231 762 287 ta).
786 240 907 286 quem
939 223 1059 268 Pater
1086 188 1319 277 (might-a
1349 221 1391 263 in
1418 225 1574 263 :eterna
1599 221 1634 264 Α
1655 215 1726 270 qui
1751 216 1793 256 in
1819 214 1912 268 ipso
1934 218 2059 254 utero
2094 207 2217 252 rufus
2239 205 2503 259 continetur,
2530 213 2573 253 et
2596 202 2714 254 totus
2734 209 2779 253 in

1593 1288 1630 1335 B
1707 1286 1775 1331 tv.
1809 1286 1906 1330 Haec
1930 1290 1996 1330 est
2019 1283 2212 1329 Samaria
2235 1283 2306 1328 illa
2328 1284 2382 1330 de
2402 1296 2488 1342 qua
2519 1283 2750 1330 Dominum
2771 1297 2829 1344 qn

2795 84 2834 167 *g

1660 297 1746 328 rein
1779 283 1902 337 pellis
1930 279 2140 335 hispidus.
2173 277 2256 332 Qui
2281 289 2357 335 per
2377 279 2641 324 creationem
2663 292 2800 337 egres
2824 302 2827 315 ε
2864 277 2867 303 ²

1657 362 1699 398 et
1722 366 1796 409 per
1823 353 2006 395 liberum
2048 348 2274 391 arbitrium
2301 347 2489 396 adultus,
2509 347 2690 393 efficitur
2706 350 2772 394 vir
2800 369 2835 403 2⁸².
2862 340 2866 349 ’

1657 438 1731 469 rus
1770 422 1975 474 venandi,
2000 426 2043 465 et
2078 419 2207 463 homo
2240 419 2446 475 agricola.
2485 418 2686 476 Diligitur
2720 429 2861 482 eoos

1654 496 1802 547 Jacob,
1828 495 1900 550 qui
1925 494 1968 536 in
1982 492 2133 537 eodem
2149 503 2246 535 cum
2263 503 2317 534 eo
2339 496 2464 535 utero
2488 491 2598 538 lenis
2620 498 2848 549 portatur

1656 576 1701 612 ut
1723 581 1846 623 quem
1872 564 2190 622 praedestinavit
2213 561 2452 616 Dominus,-
2477 564 2593 608 hunc
2623 570 2667 608 et
2698 578 2807 611 voca
2827 571 2844 618 J

1655 639 1736 691 Qui
1757 639 1798 680 in
1819 643 1967 680 ventre
1986 636 2094 679 lenis
2116 639 2207 683 est.
2234 635 2382 678 exiens
2398 635 2588 690 plantam
2611 635 2759 683 fratris
2807 630 2830 676 ί

1655 722 1783 752 manu
1800 739 1811 758 ‚
1836 714 1879 751 et
1901 713 1948 749 ut
1971 718 2099 762 quem
2124 704 2294 749 vocavit
2309 735 2320 755 ‚
2338 704 2454 748 hunc
2476 711 2521 748 et
2537 694 2833 763 Justiticaret,

1655 781 1832 836 simplex
1855 778 2020 822 habitat
2042 778 2087 821 in
2110 777 2419 820 tabernaculis.
2443 775 2497 819 Et
2513 783 2561 820 ut
2585 791 2713 834 quem
2733 780 2827 836 just

1654 855 1787 901 cavit,
1811 852 1925 895 hunc
1951 856 1995 894 et
2030 849 2326 906 magnificaret
2352 849 2406 892 ad
2442 855 2667 905 paternam
2699 863 2784 909 pos
2828 875 2830 878 v

1654 925 1754 967 dum
1786 923 2126 967 benedictionem
2166 921 2363 978 pervenit
2396 921 2533 978 (Boin.
2569 934 2646 967 νιιι
2661 954 2674 975 ,
2711 923 2808 982 50);

1653 999 1798 1053 itaque
1817 996 1960 1040 omnia
1977 994 2145 1039 occulte
2161 994 2387 1038 recondita
2404 999 2506 1039 sunt
2525 1007 2622 1051 quae
2639 995 2712 1039 liic
2727 1007 2752 1040 c

1653 1078 1694 1114 et
1714 1068 1962 1125 apparentia
1984 1074 2246 1123 emergunt,
2266 1079 2290 1110 a
2325 1065 2507 1112 summis
2530 1079 2670 1124 usque
2689 1066 2792 1115 adj

1656 1140 1790 1184 Unum
1811 1147 1955 1184 contra
1975 1152 2103 1183 urium
2115 1153 2131 1192 ,·
2155 1146 2196 1182 et
2218 1152 2302 1183 non
2323 1139 2420 1196 [ecit
2445 1146 2492 1182 ut
2512 1139 2738 1198 quidquam
2797 1167 2800 1169 -

1652 1220 1712 1257 eet
1733 1213 1881 1271 (Eccli.
1904 1224 1993 1255 xm!
2011 1244 2022 1263 ‚
2047 1211 2150 1270 25)..—

1649 1361 1874 1404 dammodo
1898 1358 2071 1415 egredi,
2094 1363 2160 1402 est
2181 1356 2323 1414 ipsum
2347 1370 2424 1414 per
2445 1358 2562 1410 haec,
2586 1370 2684 1415 quae
2713 1357 2772 1402 ibt

1649 1436 1762 1478 culta
1783 1433 1943 1483 latent,
1962 1431 2035 1476 hic
2057 1437 2199 1475 autem
2217 1431 2468 1486 apparentia
2493 1436 2740 1488 emergunt,
2771 1453 2777 1463 ‹
2802 1453 2809 1480 ·.

1649 1505 1726 1548 sci.
1752 1502 1811 1547 De
1833 1515 1918 1558 quo
1941 1489 1985 1546 in
2005 1501 2075 1547 tiis
2095 1501 2239 1545 verbis
2256 1500 2486 1558 profundis
2511 1502 2636 1557 quasi
2651 1501 2712 1546 de
2743 1501 2810 1545 sut

1648 1575 1805 1620 dicitur
1825 1575 1939 1633 quod
1961 1574 2220 1632 egredietur,
2244 1575 2318 1631 qui
2342 1575 2387 1618 in
2408 1587 2454 1620 se
2476 1574 2622 1630 egredi
2642 1585 2731 1619 non
2753 1581 2825 1632 pot

1647 1649 1866 1703 recedens,
1888 1649 2002 1692 sicut
2025 1659 2106 1692 nec
2130 1647 2294 1704 ingredi
2331 1647 2558 1693 accedens.
2587 1644 2749 1707 Utpote
2795 1645 2827 1682 fl,

1647 1735 1789 1779 em,
1814 1727 1922 1766 teste
1943 1720 2141 1777 apostolo
2162 1711 2342 1770 Jacobo,
2367 1731 2451 1762 non
2482 1725 2544 1777 eet
2577 1725 2830 1764 transnanto

1646 1807 1717 1839 nec
1740 1794 2037 1838 vicissitudinis
2059 1791 2323 1837 obumbratio
2347 1790 2457 1849 (Iac.
2485 1804 2528 1844 ι,
2558 1790 2644 1850 ¹7).
2659 1789 2769 1844 Sed.
2801 1815 2806 1824 ·
2830 1822 2832 1828 ι

1645 1866 1796 1910 tandiu
1839 1867 1958 1910 intus
1995 1866 2041 1908 in
2087 1877 2165 1909 sna
2210 1863 2539 1924 quodammodo,
2572 1861 2768 1909 Samaria

1646 1938 1836 1994 quandiu
1858 1949 1935 1994 per
1950 1949 2000 1981 ea
2016 1968 2028 1989 ,
2052 1949 2148 1993 quae
2164 1935 2219 1980 de
2236 1935 2387 1980 eadem
2426 1934 2622 1986 Samaria
2645 1930 2742 1981 liue'
2790 1925 2804 1931 ”
2827 1927 2829 1930 ’

1646 2010 1783 2054 rentia
1806 2008 2099 2066 egrediuntur,
2126 2009 2252 2053 nobis
2281 2020 2368 2053 non
2395 2013 2531 2064 patet.
2560 1996 2774 2066 Egressus
2818 2031 2843 2039 >

1647 2081 1722 2127 sed
1746 2082 1831 2127 illis
1856 2082 2016 2138 quibus
2053 2093 2101 2126 se
2132 2082 2223 2137 iam
2243 2080 2468 2125 revelavit.
2504 2078 2775 2137 Egredietur.
2829 2125 2847 2143 -.⁷

1646 2154 1731 2198 illis
1747 2154 1904 2210 quibus
1918 2166 1967 2197 se
1988 2153 2210 2198 revelabit.
2230 2149 2314 2197 Sed
2345 2165 2430 2208 qua
2452 2151 2726 2208 egredictur?
2740 2151 2795 2197 de
2817 2143 2849 2218 j-

1645 2226 1797 2270 maria.
1819 2224 1899 2269 llic
1937 2232 2004 2270 est
2037 2225 2264 2276 introitus,
2292 2237 2379 2281 quo
2402 2223 2847 2284 Dominus

1646 2297 1818 2354 quando
1850 2298 1904 2343 de
1944 2297 2139 2360 Samaria
2171 2297 2404 2355 egreditur.
2431 2297 2563 2343 Porta
2601 2297 2818 2360 videlicet*

1647 2372 1854 2416 orientem
1877 2372 2134 2428 respiciens,
2157 2385 2254 2429 quae
2275 2377 2342 2416 est
2362 2371 2672 2429 contemplatio
2690 2372 2744 2417 ad

1645 2443 1807 2488 tionem
1828 2444 2024 2488 veritatis
2044 2444 2302 2500 perducens,
2328 2442 2388 2502 ln⁴
2408 2443 2577 2498 oriente
2597 2457 2786 2503 namque
2813 2473 2824 2481 »-

1646 2515 1754 2559 ritas
1785 2516 1895 2562 lucis
1933 2530 2116 2575 surgens
2145 2518 2360 2576 erumpit,
2386 2531 2483 2577 quae
2513 2526 2556 2564 et
2591 2519 2639 2564 in
2665 2520 2778 2565 occ’
2815 2507 2839 2550 f

1645 2589 1963 2646 quodammodo
2003 2591 2241 2636 deficiendo
2275 2592 2408 2638 cadit.
2441 2591 2598 2639 Oriens
2617 2594 2811 2653 clarita&
2835 2599 2841 2605 ·’

1648 2661 1869 2718 gni'tionis,
1894 2664 2097 2711 occidens
2120 2665 2296 2710 caecitas
2319 2666 2575 2723 ignorantiae
2595 2671 2680 2713 est.
2815 2670 2819 2671 ⁷

1702 2734 1753 2780 V.
1785 2735 1861 2780 Est
1882 2737 2079 2794 quaedam
2105 2743 2231 2796 porta
2254 2725 2300 2782 in
2322 2740 2494 2784 oriente
2522 2739 2575 2784 ad
2593 2750 2723 2797 quam
2759 2746 2768 2776 ¹
2791 2760 2796 2777 s
2827 2795 2837 2800 ..

1646 2821 1734 2854 nuc
1755 2808 1808 2854 de
1839 2803 2037 2855 Samaria
2073 2813 2313 2868 egreditur,
2353 2814 2446 2869 ipsa
2475 2813 2675 2859 videlicet
2699 2813 2819 2863 hou,⁴

1646 2882 1865 2926 naturalis·
1878 2884 2005 2935 ratio,
2029 2897 2114 2940 qua
2136 2886 2337 2933 eruditus
2359 2885 2494 2932 Deum
2519 2900 2645 2932 snum
2678 2887 2744 2931 int
2785 2916 2796 2924 -
2811 2880 2821 2890 ’

1645 2953 1854 3000 instinctu
1878 2969 2065 3014 namque
2087 2959 2272 3004 rationis
2290 2961 2503 3017 propriae,
2526 2961 2610 3007 sibi
2630 2966 2735 3006 natu
2755 3007 2757 3009 ,
2786 2965 2787 2969 ’

1646 3029 1815 3079 insertae
1838 3031 2050 3075 excitatur
2070 3037 2114 3076 et
2138 3033 2347 3077 invitatur
2367 3034 2498 3078 homo
2521 3034 2576 3079 ad
2597 3034 2744 3092 cogni!
2759 3054 2777 3071 ιι
2859 3024 2861 3030 ’

1645 3101 1719 3144 Dei
1762 3103 1846 3145 sui.
1892 3102 2164 3148 Ministratur
2200 3110 2244 3150 et
2289 3107 2330 3150 ei
2369 3106 2561 3152 exterius
2597 3105 2729 3152 minis
2746 3132 2806 3160 ·.
2832 3104 2835 3158 ζ

1644 3174 1835 3230 quinque
1857 3178 2144 3232 corporalium
2161 3191 2367 3223 sensuum
2385 3211 2396 3231 ,
2414 3191 2503 3237 quo
2521 3184 2667 3224 creata
2683 3192 2711 3223 ιι
2751 3181 2775 3233 2?
2802 3187 2805 3189 ’
2837 3231 2839 3234 ,

1643 3245 1825 3288 visibilia
1858 3246 2070 3290 duntaxat
2093 3255 2137 3292 et
2176 3250 2418 3306 corporalia
2455 3249 2652 3307 attingit:
2679 3250 2690 3260 “
2744 3285 2746 3288 .
2831 3240 2851 3357 2(

2767 3534 2771 3535 ff
2839 3513 2844 3547 ι

2830 3734 2836 3770 l

1643 3313 1857 3382 formata,
1893 3326 1935 3361 et
1970 3320 2184 3365 audiendo
2210 3334 2396 3373 sonora,
2433 3323 2501 3367 vel
2532 3313 2784 3373 odorando-'f

1643 3389 1775 3439 olent,
1802 3398 1875 3434 aut
1890 3395 2104 3447 gustando
2124 3395 2291 3451 sapida,
2309 3407 2384 3440 seu
2404 3395 2624 3452 tangendo
2637 3395 2708 3453 pal
2723 3414 2743 3432 a>
2783 3395 2792 3447 ζ’

1644 3459 1720 3505 Est
1739 3467 1784 3505 et
1804 3463 2001 3518 quaedam
2035 3466 2119 3509 alia
2141 3472 2266 3522 porta
2295 3466 2350 3511 ad
2373 3467 2584 3512 orientem
2619 3478 2710 3511 res
2748 3486 2752 3501 ι

1642 3546 1728 3591 qna
1749 3533 1957 3581 Dominus
1972 3538 2208 3594 egreditur.
2230 3537 2278 3584 Si
2302 3545 2464 3592 autem,
2501 3545 2550 3583 ut
2584 3551 2682 3584 su
2741 3587 2746 3593 ,
2783 3541 2795 3598 'J

1644 3604 1812 3657 ximus,
1849 3606 2075 3653 Dominum
2119 3609 2267 3667 egredi
2302 3617 2371 3657 est
2410 3611 2554 3668 ipsum
2586 3608 2770 3669 agnoui
2818 3542 2833 3689 Ι

1645 3675 1757 3720 lianc
1777 3685 1943 3734 portam
1967 3681 2204 3737 egreditur,
2223 3683 2324 3740 quia
2346 3694 2424 3740 per
2440 3679 2742 3732 creaturam?
2775 3691 2786 3734 ιζ
2819 3706 2822 3708 ·

1645 3751 1910 3806 agnoscitur.
1936 3751 2206 3810 Expanditur
2230 3755 2305 3800 hic
2323 3755 2435 3804 liber
2460 3768 2606 3809 eoram
2622 3755 2703 3805 ‚lio
2732 3756 2744 3768 “
2814 3762 2822 3791 ³·

1644 3827 1716 3867 tus
1740 3825 1945 3880 scriptus,
1969 3831 2015 3871 et
2037 3826 2145 3874 toris
2166 3827 2340 3890 (Bacch.
2363 3842 2424 3882 tt.
2449 3829 2511 3888 0).
2533 3827 2592 3876 Ut
2611 3829 2741 3882 interi
2751 3877 2754 3880 ,
2782 3863 2802 3879 .-
2828 3802 2833 3880 1¹

1644 3896 1896 3952 translegat
1919 3898 1962 3941 in
1996 3899 2165 3946 ratione
2194 3902 2314 3959 ipsa;
2336 3903 2531 3953 exterius
2562 3903 2776 3963 eximias
2826 3884 2830 3907 ’

1646 3966 1690 4010 in
1714 3968 1885 4012 condita
1908 3973 2138 4017 creatura?
2157 3974 2265 4019 etin
2280 3974 2424 4018 anima
2439 3986 2520 4026 sua
2541 3980 2695 4028 noscat
2824 3971 2825 3974 ’

1646 4039 1771 4093 cuius
1805 4040 2034 4097 imaginem
2057 4050 2100 4088 et
2135 4043 2249 4088 tacta
2279 4051 2364 4091 est.
2387 4045 2607 4104 Agnoscat
2633 4035 2731 4093 eum
2773 4054 2784 4083 -·

1647 4116 1870 4164 creatura,
1910 4126 2005 4170 qnae
2034 4116 2091 4160 ab
2116 4129 2169 4162 eo
2205 4124 2292 4162 tam
2326 4119 2533 4176 pulchra,
2557 4126 2646 4164 tam
2675 4117 2793 4179 48·
2818 4125 2821 4174 j

1647 4193 1823 4234 mensa,
1847 4197 1976 4240 quam
2015 4189 2133 4232 utilis
2160 4189 2334 4234 condita
2368 4197 2457 4236 est.
2485 4189 2705 4236 Creaturoe

1647 4260 1709 4296 tot
1730 4254 1868 4299 modis
1899 4259 2130 4304 mirabiles.
2159 4260 2364 4314 Quaedam
2389 4268 2490 4308 suut
2510 4265 2591 4308 viae
2611 4263 2726 4308 admi
2760 4279 2791 4300 ι·

1647 4322 1756 4378 ejus,
1781 4327 1853 4381 qui
1877 4339 1950 4372 eas
1974 4331 2194 4385 mirabiles
2222 4332 2338 4378 fecit.
2367 4333 2491 4380 Sicut
2509 4335 2564 4380 de
2584 4334 2739 4391 Sapien
2760 4298 2804 4368 q

1647 4399 1762 4455 gitur
1783 4403 1880 4457 quia
1910 4439 1915 4444 .
1950 4404 2000 4447 1η
2023 4405 2100 4450 riis
2126 4409 2214 4464 suia
2236 4417 2416 4454 ostenuit
2437 4423 2483 4455 οι
2505 4409 2590 4454 illis
2608 4399 2785 4454 hilarii?
