2924 4588
111 58 218 104 1539

779 15 1038 100 inst-onia
1067 31 1458 100 εοιιοιιετιιιιιρ
1492 52 1654 97 mnan
1684 54 1738 97 iv
1769 54 1977 101 ιιιιιιιιιι.

2553 65 2661 110 {390

106 162 181 206 pei
197 147 462 192 harmoniam
488 144 700 189 excitatus
716 152 781 190 est
805 147 984 202 spiritus
1006 148 1119 203 eius,
1143 154 1184 191 et
1209 146 1347 191 laetus
1371 154 1406 198 Α
1428 145 1646 203 Loquetur
1670 160 1746 203 pro
1770 154 1810 191 te
1826 151 1929 205 regi,
1955 150 2020 194 vel
2039 150 2221 208 principi
2245 155 2417 199 militiae.
2445 157 2545 210 Quae
2570 176 2662 206 res-

103 226 170 266 est
193 221 372 277 spiritus
402 219 568 262 Domini
593 231 723 273 super
754 231 872 270 eum,
899 226 941 263 et
964 221 1059 262 ait:
1090 234 1104 261 ι
1139 219 1346 264 Facitein

106 293 225 336 alveo
242 291 445 334 torrentis
471 307 484 331 ›
508 290 635 344 liujus
649 290 868 332 exsiccato
894 304 908 328 ι
934 289 1071 333 fossas
1090 296 1132 332 et
1152 289 1342 343 foveas,›

106 373 152 407 ιιι
172 363 478 407 abundantiam
506 362 853 418 supervenientis
885 375 1007 418 aquae
1036 364 1222 408 retinere
1246 378 1272 420 p
1304 377 1342 407 s-

104 437 206 482 sint.
233 437 355 480 Dabit
380 437 495 481 enim
519 435 727 479 Dominus
751 436 874 479 vobis
896 448 1050 491 uquam
1086 437 1180 480 siue
1203 444 1344 489 vento,

103 514 146 552 et
176 508 364 560 pluviam
386 509 429 551 in
453 507 734 551 abundantia.
759 507 961 563 ‹lnsuper
984 508 1122 552 tradet
1141 508 1347 552 Dominus

103 581 228 625 Moab
253 582 296 624 in
320 593 473 625 manus
495 586 679 631 vestras,
721 581 850 624 urbes
872 581 1035 625 electas
1073 583 1343 636 percutietis,

102 654 219 710 ligna
239 653 464 697 fructifera
483 653 738 705 succidetis,
762 653 902 697 sontes
919 654 1194 706 obturabitis,
1221 667 1346 710 agros

102 727 298 783 egregios
336 725 542 782 operietis
577 726 807 781 lapidibus.
834 725 1011 770 Factum
1042 733 1107 771 est
1142 740 1269 771 mane
1303 729 1347 771 in

102 800 207 844 hora
225 799 426 845 sacrificii
442 799 666 860 irruerunt
679 811 800 854 aqua}
816 813 892 855 per
909 801 1075 844 alveum
1097 803 1342 845 torrentis.»

101 869 275 915 Pluerat
290 871 404 915 enim
425 870 703 914 vehementer
724 872 864 915 tribus
888 872 1055 922 diebus,
1083 880 1128 915 ut
1145 874 1204 915 ait
1225 873 1348 918 ›lose-

101 945 230 1000 plius.
261 944 304 987 iu
330 944 546 1000 supremis
578 945 775 1000 partibus
794 944 1004 989 Idumaeae.
1030 945 1166 989 Porro
1185 946 1346 990 Moabi-

101 1026 155 1062 ιω
184 1018 360 1064 stabant
381 1018 427 1059 in
454 1017 655 1061 terminis
689 1026 814 1061 terrae
840 1031 952 1071 suae,
993 1025 1038 1061 ιιι
1068 1021 1347 1075 prohiberent

101 1092 247 1148 hosts
271 1091 327 1134 ab
346 1091 562 1147 ingressu.
582 1089 664 1142 Qui
684 1103 782 1133 cuin
809 1104 935 1135 mane
963 1091 1168 1137 vidissent
1189 1106 1242 1135 cx
1266 1092 1345 1135 ad-

99 1175 225 1207 verso
242 1175 376 1220 aquas
393 1162 591 1209 turbidas
607 1164 813 1207 torrentis
834 1164 924 1208 sole
940 1177 1234 1221 repercussas,
1255 1178 1349 1209 sus—

99 1236 227 1292 picati
260 1242 363 1280 sunt
393 1236 575 1280 infectas
601 1237 827 1293 sanguine,
853 1245 896 1282 et
919 1237 1122 1281 dixerunt
1148 1254 1159 1281 ε
1189 1255 1202 1278 ι
1237 1238 1345 1283 Sur-

99 1321 252 1364 gamus
280 1310 331 1353 ad
366 1311 554 1365 praedam
577 1302 603 1363 ;’
625 1317 780 1355 ιιιυιιιο
817 1311 918 1354 causi
955 1317 1058 1355 sunt
1095 1312 1258 1359 hostes.
1290 1313 1345 1357 Et

99 1386 199 1426 ιιίιιιι
220 1375 222 1377 ’
240 1383 454 1428 irruerent
472 1383 734 1439 praecipites,
769 1385 984 1439 percussit
1021 1397 1096 1429 eos
1119 1384 1277 1437 Israel,
1303 1394 1346 1430 et

98 1455 317 1510 sugerunt.
356 1463 398 1499 et
422 1457 710 1511 depopulatus
739 1463 806 1500 est
839 1455 971 1502 Israel
1003 1456 1144 1509 Moab,
1172 1464 1215 1502 et
1245 1458 1346 1502 fecit

99 1531 170 1572 illa
190 1537 390 1584 quatuor,
415 1542 511 1584 quae
529 1529 786 1584 praedixerat
802 1528 1015 1583 Elisaeus;
1037 1537 1079 1575 et
1102 1531 1347 1575 circumde-

97 1602 252 1646 derunt
282 1603 516 1655 civitatem,
543 1603 617 1645 ubi
648 1599 741 1647 erat
774 1603 899 1647 sedes
918 1603 1055 1658 regni,
1080 1615 1178 1659 (ιιι-Β
1199 1616 1224 1648 ιι
1247 1603 1346 1647 sun-

97 1675 325 1720 dibulariis
358 1689 410 1719 ex
447 1688 605 1732 magna
630 1682 753 1732 parte
774 1688 982 1732 percussa
1005 1683 1088 1721 est.
1121 1677 1172 1720 Et
1191 1677 1345 1735 despe-

97 1760 199 1795 mus
227 1762 300 1793 rex
327 1748 452 1792 Moab
488 1750 583 1792 tulit
607 1761 754 1793 secum
777 1749 1072 1805 septingentos
1095 1749 1272 1800 electos,
1300 1757 1345 1794 ιιι

97 1821 355 1877 irrumperet
373 1834 447 1878 per
460 1830 623 1878 partem
641 1823 875 1875 exercitus,
895 1823 967 1867 ubi
986 1829 1075 1867 erat
1093 1836 1168 1867 rex
1189 1822 1341 1876 Edem,

95 1903 138 1939 et
161 1894 399 1951 aufugeret.
428 1894 511 1938 Sed
530 1895 676 1939 hostes
696 1895 944 1952 repulerunt
969 1908 1066 1940 eum
1095 1895 1140 1940 in
1165 1898 1342 1950 urbeni;

95 1970 140 2009 et
180 1967 438 2012 necessitate
481 1966 747 2022 compulsus,
792 1966 928 2010 tilium
967 1968 1044 2024 qui
1082 1975 1343 2027 regnaturus

95 2042 188 2082 erat
214 2050 293 2094 pro
320 2050 391 2090 eo,
425 2049 570 2082 coram
595 2037 795 2083 hostibus
824 2050 956 2093 supra
992 2050 1163 2084 murum
1187 2041 1343 2085 obtulit

95 2109 416 2162 holocaustum,
448 2115 495 2154 ut
523 2109 637 2155 Deus
654 2123 752 2154 eum
776 2110 995 2155 liberaret.
1020 2109 1170 2168 Reges
1195 2117 1338 2155 autem

95 2182 294 2228 violentes
317 2183 401 2227 hoc
425 2182 586 2226 factum
605 2183 901 2241 necessitatis,
929 2196 983 2228 ex
1011 2183 1199 2228 humana
1223 2197 1342 2228 com-

97 2246 300 2310 passione
324 2259 601 2300 recesserunt
625 2255 680 2300 ab
701 2267 770 2299 eo.
807 2252 861 2297 Et
893 2256 1022 2300 rediit
1047 2255 1261 2312 Josapliat
1295 2257 1338 2300 in

95 2326 431 2381 Jerusalem,·et
470 2341 706 2375 occurrens
735 2331 774 2375 ei
811 2329 923 2375 Jehu
957 2330 1183 2387 propheta,
1227 2330 1342 2374 silius

93 2399 252 2453 Anani,
277 2402 480 2458 culpabat
501 2413 618 2455 eum,
642 2403 758 2459 quod
779 2403 947 2447 homiui
970 2402 1209 2447 idololatrae
1227 2403 1344 2463 sola-

96 2474 157 2518 tia
180 2474 452 2531 praebuisset.

230 2539 232 2542 ’
325 2547 428 2594 Cu».
448 2547 500 2594 V.
529 2549 588 2595 De
609 2549 996 2606 superabundantia
1013 2550 1112 2595 olei.
1325 2593 1329 2598 .

150 2619 328 2664 Factum
350 2627 418 2667 est
438 2627 580 2666 autem
599 2622 713 2676 quod
734 2623 928 2679 quiedam
952 2624 1107 2667 mulier
1124 2621 1179 2666 de
1195 2614 1342 2666 uxori-

93 2696 175 2741 bus
201 2697 526 2754 prophetarum,
551 2710 661 2741 uxor
680 2698 848 2742 scilicet
870 2697 1037 2749 Audias,
1059 2697 1113 2740 ad
1133 2696 1340 2741 Elisaeum

94 2770 309 2814 clamabat
331 2769 512 2814 dicens:
538 2785 555 2812 ι
579 2770 659 2814 Vir
688 2783 810 2816 meus
840 2777 1037 2815 mortuus
1067 2775 1159 2822 est,
1188 2758 1237 2814 et*
1263 2780 1341 2826 op-

93 2854 272 2897 pressus
297 2847 390 2886 erat
411 2855 498 2887 aere
514 2843 657 2887 alieno
673 2851 849 2900 propter
873 2843 1121 2887 alimoniam
1147 2842 1339 2900 prophe-

92 2913 252 2960 tarum.
277 2915 327 2958 Et
353 2927 454 2960 ecce
485 2916 675 2961 creditor
699 2911 816 2960 venit
833 2947 847 2969 ,
872 2921 920 2960 ιιι
944 2916 1066 2959 tollat
1089 2915 1200 2959 duos
1227 2914 1337 2958 lilios

93 2991 212 3032 meos
241 2988 307 3032 ‘ad
345 2989 619 3033 serviendum
647 2988 746 3033 sibi.
788 2987 840 3031 Et
866 2985 1101 3045 ‘respondit
1123 2984 1335 3031 Elisaeus:

93 3061 204 3115 Quid
229 3062 361 3106 baites
393 3063 437 3106 in
469 3063 599 3106 domo
619 3062 743 3106 tua?
768 3061 915 3106 Etilla
941 3075 952 3103 ι
976 3060 1071 3106 Non
1090 3062 1229 3105 habeo
1251 3061 1338 3105 nisi

93 3147 246 3191 parum
267 3135 368 3186 olei,
394 3146 479 3192 quo
510 3147 667 3191 ungar.
695 3134 778 3188 Qui
810 3135 886 3179 ait.
920 3132 1024 3179 Pete
1060 3139 1210 3178 mutuo
1234 3145 1338 3178 vasa

91 3218 227 3251 vacua
252 3220 338 3251 non
356 3220 508 3263 pauca,
526 3208 570 3251 ei.
589 3208 738 3251 clauso
755 3206 870 3252 ostio
879 3218 978 3250 cum
995 3206 1096 3252 filiis
1113 3206 1200 3251 tuis
1217 3206 1338 3249 mitte

92 3278 193 3323 inde
215 3280 257 3322 in
282 3279 425 3322 omnia
459 3289 578 3321 vasa.
613 3292 628 3317 ι
658 3276 855 3332 Dumque
894 3275 1142 3320 infunderet
1164 3275 1336 3325 mulier,

1429 219 1604 273 pondit:
1628 219 1675 262 Ῐιι
1694 221 1834 264 medio
1858 223 2003 277 populi
2027 225 2110 267 mci
2133 225 2296 277 habito,
2316 233 2466 285 »quasi
2483 233 2661 280 diecret.

1387 316 1390 319 -
1431 290 1594 334 Vallata
1614 304 1707 353 suin
1723 294 2046 349 propinquis,et
2061 299 2423 356 nullusinquietat
2437 318 2516 348 nie.
2531 306 2638 350 Cuin
2651 332 2665 344 ·

1429 377 1510 418 que
1525 373 1732 419 quaereret
1750 365 1930 411 Elisaeus
1949 369 2049 423 quid
2073 372 2210 424 vellet,
2225 374 2330 417 dixit
2346 377 2462 422 Giezi
2480 379 2530 421 ad
2545 393 2662 430 eum.

1429 436 1563 479 filium
1607 451 1691 480 non
1723 439 1866 490 babet,
1894 447 1937 483 et
1973 442 2038 483 vir
2063 444 2156 498 ejus
2193 460 2323 491 senex
2345 458 2424 493 est.
2453 450 2576 496 Tunc
2606 455 2666 497 ait

1428 509 1607 554 Elisaeus
1632 511 1683 553 ad
1707 524 1799 554 eam
1822 525 1833 553 :
1861 511 1906 555 ln
1933 519 2122 571 tempore
2145 518 2245 571 isto,
2278 527 2318 563 et
2343 522 2386 565 in
2410 523 2489 568 bac
2516 527 2665 571 eadem

1427 583 1552 633 hora,
1580 583 1615 626 si
1636 583 1722 625 vita
1758 596 1906 628 eomes
1928 586 2073 638 fuerit,
2094 588 2270 635 habebis
2296 594 2340 635 in
2364 601 2485 638 utero
2512 597 2661 642 lilium.

1429 653 1633 697 Hebraeus
1655 655 1718 698 sic
1749 656 1878 701 habet
1903 670 1912 697 ε
1936 647 1983 702 ln
2024 663 2217 716 tempore
2253 665 2335 708 isto
2360 678 2456 709 cuin
2497 675 2666 727 tempus

1427 728 1539 778 vitae,
1572 744 1584 767 ι
1617 728 1819 779 subaudi,
1843 731 1984 774 adbuc
2008 734 2090 775 erit
2110 735 2203 785 tibi,
2230 737 2423 788 habebis,
2447 747 2532 786 etc.
2561 740 2667 795 Quae

1428 799 1681 854 respondit:
1707 815 1720 839 ι
1752 799 1871 854 Noli,
1894 803 1962 845 vir
1986 802 2087 856 Dei,
2121 810 2290 851 mentiri
2314 812 2479 854 ancillae
2512 819 2616 860 tuae.
2646 830 2661 855 ι
2711 831 2714 835 ·

1426 869 1633 926 Concepit
1664 878 1806 916 tamen
1839 875 2012 926 mulier,
2052 884 2093 920 et
2128 881 2316 933 peperit,
2341 882 2461 936 juxta
2490 887 2665 930 verbnm

1428 941 1585 987 Elisaei.
1612 944 1806 1000 Cumque
1826 948 2033 991 cievisset
2060 963 2180 1005 puer,
2201 965 2402 1008 egressus
2419 962 2484 999 est
2512 958 2566 1000 ad
2588 970 2667 1013 pa-

1428 1020 1536 1059 trem
1561 1016 1612 1059 ad
1639 1029 1871 1069 messoiQes
1896 1026 1938 1064 et
1960 1027 2196 1076 aegrotavit.
2223 1024 2415 1083 Cumque
2438 1031 2667 1075 clamasset

1427 1082 1532 1131 bis:
1562 1104 1575 1128 ι
1598 1087 1736 1144 Caput
1762 1102 1905 1134 meum
1937 1092 2077 1145 doleo,
2109 1110 2123 1135 ι
2155 1097 2320 1141 remisit
2344 1112 2441 1142 eum
2467 1110 2586 1156 pater
2613 1104 2667 1146 ad

1430 1164 1612 1203 matrem
1642 1173 1783 1214 suam,
1807 1177 1821 1203 ι
1849 1169 1890 1206 et
1917 1172 2115 1210 mortuus
2133 1176 2215 1211 est.
2248 1169 2300 1212 Et
2321 1172 2548 1217 εοὶιοιιιιιίι
2569 1188 2667 1218 eum

1374 1225 1410 1272 B
1429 1239 1567 1276 mater
1585 1235 1887 1290 superlectum
1911 1239 1994 1284 viri
2018 1238 2117 1292 Dei,
2151 1246 2191 1284 et
2224 1243 2379 1287 clausit
2417 1247 2602 1298 ostium,
2626 1256 2670 1292 et

1424 1315 1590 1349 vocans
1613 1309 1750 1350 virum
1776 1320 1903 1352 suum
1928 1310 2019 1355 ait:
2045 1312 2226 1357 Curram
2252 1315 2304 1358 ad
2331 1317 2468 1360 virum
2506 1318 2598 1370 Dei,
2624 1329 2668 1364 et

1426 1385 1637 1423 revertar.
1665 1379 1746 1433 Qui
1769 1383 1994 1438 respondit
2015 1396 2024 1425 :
2047 1383 2185 1429 Hodie
2206 1400 2293 1431 non
2310 1395 2410 1432 sunt
2435 1390 2635 1436 Kalendae
2652 1426 2666 1445 ,

1425 1460 1505 1491 nec
1548 1449 1809 1503 Sabbatum,
1845 1466 1924 1496 cur
1948 1456 2064 1500 ibis?
2088 1473 2102 1498 ›
2127 1457 2226 1502 Istis
2249 1461 2365 1503 enlm
2386 1461 2537 1507 diebus
2564 1478 2671 1520 pro-

1425 1520 1564 1576 phetae
1592 1529 1635 1567 et
1666 1523 1866 1570 doctores
1890 1528 2086 1572 solebant
2131 1530 2396 1588 frequentari
2431 1542 2474 1579 et
2506 1539 2667 1582 audiri.

1425 1593 1478 1636 Et
1502 1596 1661 1640 tollens
1680 1598 1835 1641 mulier
1860 1613 1992 1644 unum
2011 1603 2064 1645 de
2087 1605 2236 1658 pueris
2258 1618 2424 1660 secum,
2445 1609 2598 1655 sedens
2622 1614 2668 1656 in

1426 1667 1563 1718 asino,
1591 1670 1707 1712 venit
1731 1671 1783 1714 ad
1810 1674 1949 1716 virum
1968 1674 2042 1718 Dei
2067 1677 2110 1720 in
2138 1686 2324 1723 montem
2357 1680 2557 1728 Carmeli.
2582 1685 2668 1738 Qui

1425 1753 1523 1783 cum
1543 1741 1720 1786 vidisset
1734 1755 1846 1797 eam,
1867 1746 1926 1788 ait
1945 1746 1998 1790 ad
2021 1747 2137 1792 Giezi
2158 1761 2168 1789 ε
2193 1748 2304 1794 Ecce
2317 1750 2555 1799 Sunamius
2577 1756 2666 1799 illa„

1426 1813 1630 1867 Occurre,
1648 1823 1690 1859 et
1714 1817 1783 1861 dic
1805 1818 1844 1862 ei
1866 1833 1878 1860 :
1906 1818 2092 1865 Rectene
2137 1823 2281 1878 agitur
2305 1826 2419 1869 circa
2451 1833 2509 1879 te,
2533 1831 2575 1872 et
2603 1830 2668 1873 vi-

1424 1898 1522 1929 rum
1539 1893 1658 1931 tuum
1677 1894 1718 1932 et
1743 1888 1893 1935 filium.
1917 1889 2024 1944 Quae
2047 1894 2476 1949 respondittRecte?
2498 1899 2549 1942 Et
2566 1908 2670 1945 nota

1423 1960 1540 2016 quod
1564 1973 1734 2018 semper
1757 1962 1936 2008 Elisaeus
1954 1964 2166 2021 hospitam
2191 1980 2312 2012 suam
2328 1971 2507 2013 vocabat
2530 1973 2670 2017 Suna-

1424 2032 1635 2078 mititlem.
1661 2034 1755 2079 Non
1787 2037 1906 2082 enim
1945 2044 2113 2082 tantum
2145 2040 2295 2085 babuit
2326 2041 2667 2091 familiaritatem

1423 2115 1521 2149 cum
1546 2118 1612 2155 ea.
1632 2113 1681 2150 ιιι
1699 2109 1919 2164 proprium
1943 2113 2100 2155 nomen
2122 2112 2220 2167 ejus
2244 2115 2388 2165 sciret.
2419 2123 2462 2159 et
2487 2119 2668 2173 proiecit

1424 2189 1472 2221 se
1489 2178 1657 2231 mulier,
1672 2186 1715 2222 et-
1734 2181 2016 2236 apprehendit
2026 2182 2158 2237 pedes
2172 2183 2332 2232 Ensaei.
2347 2187 2397 2229 Et
2414 2188 2471 2231 ait
2489 2189 2667 2235 Elisaeus

1426 2249 1837 2313 Giezivolenti‘eam
1861 2265 2062 2304 amovere
2086 2270 2096 2298 t
2119 2271 2134 2297 ι
2163 2255 2337 2301 Dimitte
2359 2259 2490 2305 illam.
2511 2261 2667 2307 Anima

1424 2322 1519 2377 ejus
1542 2323 1585 2366 in
1608 2325 1894 2370 amaritudine
1925 2332 2007 2379 est,
2042 2334 2085 2374 et
2117 2328 2329 2375 Dominus
2351 2333 2506 2376 celavit
2533 2347 2556 2376 a
2580 2349 2663 2380 me.

1424 2394 1476 2439 Et
1497 2397 1555 2440 ait
1585 2398 1772 2442 mulier:
1799 2398 2001 2456 Nunquid
2022 2403 2154 2456 petivi
2193 2402 2329 2447 silium
2347 2417 2372 2447 a
2403 2411 2460 2450 te.
2489 2422 2503 2447 »
2529 2407 2661 2461 Quasi

1423 2468 1537 2514 dicat
1565 2482 1576 2509 ε
1603 2470 1705 2534 Mihi
1732 2483 1816 2514 non
1837 2470 2008 2528 petenti⁴
2022 2473 2177 2518 dedisti
2200 2474 2336 2519 fitium
2361 2476 2404 2520 in
2431 2480 2664 2534 perniciem

1422 2552 1578 2586 meam.
1598 2557 1613 2582 ι
1642 2541 1847 2598 Nunquid
1872 2555 1960 2587 non
1984 2544 2071 2587 dixi
2104 2545 2182 2590 tibi
2205 2559 2217 2588 :
2244 2546 2308 2592 Ne
2337 2549 2492 2594 illudas
2524 2553 2623 2596 me?
2645 2568 2660 2593 ι

1422 2612 1671 2658 illusionem
1698 2622 1826 2658 vocat
1846 2616 1951 2660 dare
1976 2617 2110 2661 lilium
2134 2631 2158 2661 a
2195 2618 2378 2664 Domino
2401 2627 2446 2666 et
2467 2629 2552 2666 tam
2575 2624 2663 2668 cito

1422 2686 1600 2732 auferri.
1619 2681 1750 2732 Ἐἰιιίι
1770 2689 1843 2733 ille
1859 2689 1911 2732 ad
1936 2688 2051 2734 Giezi
2074 2702 2119 2732 :e
2139 2691 2258 2737 Tolle
2283 2690 2482 2738 baculum
2500 2709 2659 2748 meum,

1420 2756 1608 2812 et‘vade,
1628 2767 1669 2804 et
1693 2763 1748 2805 ne
1767 2761 1904 2806 facias·
1918 2770 2098 2817 moram,
2115 2755 2182 2809 vel
2204 2767 2388 2823 aliquem
2416 2769 2659 2820 salutando

1421 2825 1488 2877 vel
1514 2835 1815 2899 respondendo
1838 2836 2060 2889 salutanti,
2075 2843 2118 2882 et
2141 2851 2272 2894 pones
2294 2839 2492 2884 baculum
2518 2855 2658 2886 meum

1420 2914 1550 2960 super
1587 2905 1740 2949 facien
1765 2908 1905 2962 pueri.
1938 2921 1952 2947 ι
1984 2907 2176 2964 Cumque
2206 2909 2400 2962 abiisset,
2423 2911 2481 2954 ait
2507 2913 2662 2955 mulier

1421 2969 1471 3019 ad
1498 2975 1733 3021 Esssaeum':
1745 2992 1759 3018 ι
1783 2977 1897 3023 Vivit
1921 2978 2176 3032 Dominus,
2172 2993 2258 3025 non
2292 2973 2503 3026 dimittam
2530 2992 2584 3029 te.
2606 2985 2662 3029 Et

1420 3055 1597 3094 secutus
1620 3055 1687 3094 est
1710 3062 1823 3095 eam.
1851 3050 1902 3094 Et
1925 3063 2127 3097 reversus
2147 3061 2213 3098 est
2231 3053 2374 3098 Giezi
2365 3068 2407 3099 ιιι
2430 3068 2657 3101 occursum

1418 3122 1516 3178 ejus
1533 3120 1711 3167 dicens:
1737 3122 1831 3166 Non
1857 3127 2045 3167 surrexit
2070 3137 2191 3181 pus.
2223 3143 2236 3166 ι
2255 3125 2305 3169 Et
2336 3128 2555 3183 ingressus
2571 3128 2660 3172 Eli-

1420 3206 1534 3239 saeus
1549 3195 1744 3239 incubuit
1762 3208 1892 3251 super
1913 3208 2111 3252 puerum,
2130 3203 2172 3241 et
2189 3199 2449 3258 contrahens
2465 3214 2511 3245 se
2531 3214 2659 3257 coap-

1421 3268 1525 3312 tavit
1550 3268 1741 3312 membra
1776 3281 1853 3312 sna
1877 3269 2085 3313 membris
2115 3271 2225 3324 ejus.
2263 3268 2317 3313 Et
2354 3283 2453 3315 cum
2490 3281 2658 3317 orasset

93 3354 315 3399 crescebat
336 3353 494 3403 oleum,
518 3358 562 3396 et
581 3339 768 3408 impletis
791 3351 908 3395 vasis
925 3351 1060 3400 stetit,
1086 3348 1130 3392 id
1153 3354 1220 3392 est
1240 3360 1336 3391 cre—-
1364 3350 1396 3392 D
1418 3341 1624 3386 calefacta
1649 3348 1830 3386 estcaro
1845 3342 1983 3398 pueri,
2008 3349 2050 3385 et
2068 3341 2265 3386 oscitavit
2280 3356 2404 3399 puer,
2423 3351 2467 3389 et
2489 3348 2657 3404 aperuit

95 3439 216 3472 scere
239 3426 442 3471 cessavit.
458 3424 582 3478 Quod
604 3437 702 3468 cum
727 3423 966 3480 accepisset
983 3422 1182 3470 Elisaeus.
1199 3422 1258 3464 ait
1283 3420 1338 3463 ad

93 3512 221 3544 eam:
253 3515 268 3540 ι
308 3499 441 3549 Vade,
468 3497 626 3547 vende,
647 3502 690 3542 et
713 3495 846 3541 redde
867 3495 1090 3546 creditori,
1117 3501 1163 3538 tu
1195 3498 1335 3537 autem

92 3578 137 3616 et
154 3571 226 3614 lilii
242 3572 305 3614 tui
329 3571 459 3614 vivite
477 3570 531 3615 de
552 3569 736 3626 reliquo.

189 3642 313 3687 Qcar
345 3641 414 3686 Vl.
433 3642 494 3684 De
510 3641 785 3686 suscitatione
805 3640 889 3695 fitia·
906 3638 1204 3691 Sunamitidis.
1302 3685 1303 3689 η

150 3716 331 3760 Factum
357 3722 423 3760 est
441 3721 489 3759 ut
514 3714 718 3758 transiret
739 3712 918 3757 Elis-‘eus
940 3724 1018 3767 per
1042 3709 1207 3754 Suriam
1231 3709 1338 3753 civi-

99 3795 248 3840 ta‚tem
273 3786 316 3832 e't
338 3792 431 3831 erat
455 3786 514 3830 ibi
537 3785 694 3829 mulier
714 3795 901 3839 magna,
937 3794 1024 3825 non
1049 3787 1135 3825 tam
1156 3790 1337 3835 corpore

97 3875 225 3932 quam
259 3860 488 3918 sapientia,
513 3871 610 3916 quae
645 3859 890 3914 intelligens
913 3857 1053 3901 virum
1090 3853 1166 3897 Dei
1207 3865 1334 3902 esse,

95 3930 233 3982 tenuit
277 3945 392 3985 eum,
425 3939 474 3977 ut
517 3931 762 3976 comederet
802 3942 957 3988 panem
997 3928 1083 3986 (iv
1111 3924 1333 3993 Rev-¹¹1)-

95 4003 289 4066 Cumque
305 3998 551 4065 frequenter
560 4007 790 4052 diverteret
808 4004 861 4047 ad
873 4013 968 4048 eam
979 3990 1179 4050 Elisaeus
1201 3999 1338 4044 suasit

96 4081 252 4126 mulier
273 4082 368 4126 viro
400 4092 481 4124 suo
509 4085 556 4122 ιιι
589 4078 750 4122 faceret
769 4078 809 4120 ei
837 4075 1110 4120 coenaculum
1135 4083 1332 4127 parvum,

95 4160 139 4198 et
163 4159 342 4210 poneret
366 4154 410 4197 in
434 4166 486 4197 eo
505 4152 729 4198 lectulum.
749 4156 792 4193 et
809 4160 1018 4199 mensam,
1034 4152 1077 4192 et
1100 4147 1267 4198 sellam,
1294 4150 1336 4188 et

97 4228 420 4271 candelabrum.
463 4226 514 4269 Et
544 4227 717 4271 rediens
740 4223 921 4268 Elisaeus
946 4219 1158 4276 requievit
1184 4218 1267 4268 ibi,
1297 4224 1338 4260 et

97 4300 158 4343 ait
180 4298 233 4342 ad
251 4298 366 4342 Giezi
393 4313 405 4342 z
429 4315 442 4339 ι
465 4297 583 4341 Voea
602 4295 922 4341 sunamitidem
945 4293 1074 4342 hanc,
1094 4296 1135 4332 et
1160 4289 1334 4342 loquere

95 4370 152 4413 ad
184 4375 279 4415 eam
304 4382 315 4410 t
339 4369 450 4422 Quid
484 4371 566 4422 vis,
601 4374 650 4412 ut
678 4368 808 4412 saciat
843 4364 1044 4409 dominus
1074 4371 1197 4405 meus
1222 4358 1337 4402 tibi?

1418 3414 1582 3458 oculos.
1594 3412 1728 3467 Quem
1743 3426 1840 3456 cum
1854 3413 2115 3459 reddidisset
2135 3416 2257 3459 matri
2274 3417 2499 3468 viventem,
2510 3431 2652 3465 rever·

1418 3497 1494 3529 sus
1515 3490 1581 3528 est
1607 3485 1648 3526 in
1675 3483 1865 3540 Galgala.
1899 3482 2020 3527 Hunc
2053 3484 2192 3527 locum
2216 3496 2326 3541 saepe
2356 3484 2655 3542 frequentabat

1421 3556 1621 3606 Elisaeus‚
1640 3561 1734 3599 tum
1762 3566 1840 3610 pro
1863 3554 2070 3610 religione
2092 3554 2191 3605 loci,
2213 3561 2303 3598 tum
2327 3557 2424 3611 quia
2447 3557 2502 3599 ibi
2527 3563 2653 3600 natus

1417 3636 1499 3680 est,
1519 3635 1562 3672 et
1601 3630 1643 3671 in
1678 3634 1775 3671 ortu
1794 3628 1889 3682 ejus
1920 3627 2004 3670 tale
2032 3627 2094 3670 ibi
2117 3627 2298 3683 contigit
2321 3628 2579 3685 prodigium,
2605 3637 2652 3672 ut

1418 3701 1559 3756 imago
1586 3710 1670 3742 una
1693 3711 1743 3743 ex
1764 3698 1911 3741 vitulis
1934 3697 2079 3740 aureis
2099 3696 2282 3751 mugiret
2302 3704 2440 3739 acute.
2460 3696 2553 3749 Quo
2575 3710 2654 3740 au-

1417 3772 1510 3814 dito
1531 3772 1573 3814 in
1596 3770 1830 3814 Jerusalem
1858 3768 2059 3812 sacerdos
2089 3768 2235 3812 divino
2258 3773 2364 3810 nutu
2395 3770 2452 3811 ait
2480 3777 2498 3809 ε’
2517 3768 2647 3812 :Pro-

1418 3845 1543 3900 pheta
1565 3850 1693 3887 natus
1717 3848 1783 3886 est
1805 3843 1847 3884 in
1874 3841 2022 3890 lsrael,
2051 3840 2122 3895 qui
2146 3841 2359 3894 sculptilia
2387 3838 2534 3884 eorum
2572 3842 2649 3884 de-

1418 3906 1554 3960 Stru'et
1576 3922 1618 3959 et
1641 3916 1799 3959 fusilia.

1415 4007 1516 4049 Car.
1537 4004 1625 4050 vu,
1660 4004 1720 4048 De
1758 4003 2070 4059 colocynthidis.
2106 4009 2144 4045 et
2168 3999 2546 4055 superabundantia
2568 4012 2640 4054 pa·

1977 4072 2088 4101 num.

1475 4149 1489 4173 ‹
1509 4133 1645 4178 Porro
1662 4133 1795 4176 fames
1820 4140 1910 4175 erat
1933 4133 1974 4174 in
2014 4139 2144 4180 terra,
2170 4136 2208 4172 et
2239 4127 2311 4170 lilii
2343 4126 2643 4182 prophetarum

1417 4206 1561 4249 decern
1578 4201 1784 4250 venerant
1800 4206 1850 4248 ad
1868 4205 2081 4248 Elisaeum.
2098 4202 2179 4254 Qui
2198 4201 2304 4243 dixit
2320 4201 2392 4240 uni
2415 4198 2467 4239 de
2484 4198 2646 4251 puerisv.

1416 4279 1560 4335 Coque
1583 4281 1845 4334 pulmentum
1869 4278 1966 4321 liliis
1991 4276 2309 4334 prophetarum.
2331 4271 2409 4323 Qui
2427 4282 2640 4325 egressiw,

1416 4359 1463 4395 ut
1487 4353 1706 4408 colligeret
1746 4352 1902 4395 herbas
1932 4355 2146 4406 agrestes,
2172 4345 2334 4390 invenit
2366 4343 2491 4400 quasi
2514 4343 2638 4386 vitem
