2924 4588
1209 107 1372 156 PETRI
1407 102 1759 152 couESToRts
1778 138 1783 144 .

732 401 760 429 ⁶
841 408 1308 489 ms'roma
1389 412 1651 482 moni
1735 407 2212 522 paulatia.

644 695 748 740 Car.
775 693 804 736 l.
835 691 1037 747 Proefan'o

286 770 563 831 prophetavit
582 769 715 812 etiam
739 768 781 809 in
802 765 998 809 Chaldaea
1024 762 1186 812 Daniel,
1210 762 1283 818 qui
1323 773 1480 805 sccun-

233 848 335 894 dum
361 845 592 900 Joscpbum
617 849 658 885 et
681 840 988 896 Epiphanium,
1014 837 1067 880 de
1086 837 1250 890 semine
1269 837 1385 894 regio
1404 835 1481 878 Ju-

233 922 298 965 ‹1ae
319 921 396 963 suit
415 933 427 971 ;
467 916 705 962 secundum
727 911 841 956 LXX
864 924 967 955 vero
985 910 1037 954 de
1059 911 1174 954 tribu
1197 909 1324 966 Levi,¹
1344 910 1417 964 q-ui
1437 910 1481 952 in

233 995 361 1039 titulo
385 991 539 1034 labulae
566 989 696 1032 Belis‘
716 987 774 1028 ita
800 989 966 1041 ponunt
987 999 998 1027 ι
1023 983 1162 1026 Homo
1194 983 1366 1038 quidam
1392 989 1484 1026 erat

234 1064 454 1111 sacerdos.
479 1062 656 1106 nomine
680 1059 846 1108 Daniel,
865 1058 979 1101 lilius
997 1058 1137 1106 Abdo‚
1163 1058 1341 1100 conviva
1368 1056 1483 1110 regis

233 1136 494 1195 Babylonis:
515 1141 645 1177 natus
674 1132 754 1174 fuit
787 1130 1048 1175 inBeterotli
1072 1133 1311 1184 superiore.
1333 1128 1384 1171 Et
1405 1128 1484 1171 suit

233 1213 342 1256 adeo
358 1215 523 1262 castus,
554 1207 668 1263 quod
692 1219 715 1248 a
742 1206 1060 1253 contribulibus
1082 1206 1172 1248 suis
1191 1203 1332 1260 *spado
1355 1208 1484 1258 puta-

232 1291 368 1332 retur.
386 1272 561 1325 Librum
582 1281 675 1335 ejus
700 1279 920 1330 transtulit
938 1278 1224 1333 Hieronymus
1242 1277 1292 1318 ad
1313 1276 1486 1331 petitio-

236 1369 336 1400 nem
375 1354 520 1398 Paulae
546 1359 589 1397 et
625 1351 849 1395 Eustochii
882 1363 979 1393 cum
1021 1361 1175 1404 magna
1216 1348 1483 1391 difficultate.

236 1428 442 1484 Scriptus
465 1427 580 1470 enim
598 1430 693 1468 erat
716 1423 939 1470 Hebraicis
959 1423 1166 1473 litteris'·‚
1193 1422 1268 1465 sed
1290 1419 1490 1463 Chaldai-

235 1513 290 1545 co
326 1510 544 1550 sermone,
574 1510 653 1544 nec
687 1497 910 1557 legebatur
945 1496 998 1538 ab
1022 1494 1216 1538 Ecclesia
1245 1492 1486 1549 secundum

235 1569 479 1629 Lxx.qnia
498 1572 677 1615 multum
700 1583 722 1612 a
746 1570 926 1613 veritate
942 1567 1218 1612 discordabat
1235 1578 1383 1609 eorum
1397 1564 1490 1609 edi-

235 1649 310 1698 tio,
357 1646 432 1690 sed
478 1644 714 1689 secundum
758 1642 1114 1694 Tlieodotionem‚
1157 1641 1229 1695 qui
1271 1638 1381 1694 apud
1405 1637 1490 1682 Ηε-

236 1721 391 1768 braeos‚
417 1731 496 1761 nec
517 1717 727 1760 Suzannae
750 1716 880 1759 habet
902 1714 1147 1764 historiam,
1174 1725 1254 1756 nec
1281 1714 1487 1768 hymnum

237 1793 366 1835 trium
393 1803 641 1847 puerorum,
662 1802 740 1833 nec
761 1789 873 1832 Belis
890 1788 1177 1842 draconisque
1206 1786 1409 1829 saboiam.
1429 1784 1489 1827 De

237 1877 323 1920 quo
342 1866 471 1908 altius
489 1863 725 1914 ordiemur,
745 1862 827 1904 hoc
845 1862 1125 1916 praemittens,
1152 1859 1267 1914 quod
1293 1859 1364 1901 alii
1389 1869 1489 1914 pro-

239 1939 465 1993 phetaium
488 1938 614 1992 longe
640 1942 740 1978 ante
777 1934 1071 1996 captivitatem
1093 1933 1276 1976 duarum
1301 1932 1488 1974 tribuum

237 2012 291 2054 de
308 2023 356 2055 ea
383 2010 712 2066 prophetarunt,
734 2016 779 2050 ut
800 2006 933 2053 lsaias
953 2012 1011 2052 et
1018 2005 1152 2057 Osee;
1177 2006 1247 2047 alii
1272 2016 1323 2048 ea
1348 2004 1492 2065 imini-

242 2088 388 2134 ncnte,
413 2089 454 2126 et
474 2082 575 2124 duni
602 2081 735 2131 lieret,
764 2086 811 2124 ut
844 2078 1054 2122 Ieremias
1090 2085 1132 2122 et
1156 2077 1384 2131 Ezechiel;
1418 2060 1490 2119 alii

240 2155 354 2199 inira
376 2167 487 2205 eain,
511 2160 558 2197 ut
580 2153 727 2196 Daniel
751 2158 794 2196 et
817 2151 1149 2199 H·1bacuc;alii
1185 2156 1284 2206 post
1306 2161 1417 2201 eain,
1442 2154 1491 2192 ut

237 2230 419 2286 Aggaeus
442 2235 486 2272 et
508 2227 756 2271 Zacharias.
795 2225 975 2270 Factum
1006 2231 1073 2269 est
1098 2230 1258 2275 autem,
1291 2222 1491 2268 cumNa·

238 2301 576 2346 bucbodonosor
621 2300 815 2343 duxisset
855 2300 899 2342 in
943 2298 1206 2360 Babylonem
1255 2297 1491 2340 nobiliores

238 2387 396 2432 pueros
417 2373 661 2418 Iudaeorum
686 2380 727 2417 et
744 2373 952 2427 quosdam
978 2372 1030 2414 dc
1054 2371 1216 2434 semine
1233 2370 1370 2425 regio,
1396 2371 1491 2425 pul-

240 2449 435 2493 chriores
453 2448 567 2491 inter
582 2459 664 2491 eos
685 2453 727 2489 et
750 2446 985 2496 doctiores,
1011 2445 1084 2500 qui
1103 2454 1218 2488 stare
1242 2451 1417 2499 possent
1445 2443 1490 2487 in

239 2522 400 2578 palatio
423 2522 553 2576 regis,
577 2526 626 2564 ut
644 2521 703 2563 ait
727 2519 958 2575 Josephus,
984 2520 1204 2570 castravit,
1232 2517 1488 2572 quodetiam

242 2595 342 2638 aliis
367 2595 565 2651 gentibus
602 2606 712 2650 quas
747 2598 993 2638 vastaverat
1030 2591 1183 2635 iecisse
1220 2590 1491 2646 dignoscitur

241 2667 370 2724 (Dan.
398 2666 445 2717 ι).
472 2666 523 2708 Ει
542 2666 719 2709 tradidit
742 2677 817 2709 eos
839 2665 1071 2722 praeposito
1092 2663 1412 2714 eunuchorum,
1447 2667 1490 2705 et

241 2741 342 2785 fecit
376 2752 451 2784 eos
483 2739 646 2783 erudiri
678 2739 1014 2794 provincialibus
1049 2738 1220 2787 litteris,
1244 2736 1407 2791 pariter
1445 2740 1489 2778 et

240 2814 468 2858 Chaldaeis.
492 2812 566 2856 Est
584 2820 724 2856 autem
751 2812 950 2855 Chaldaea
974 2812 1118 2866 lingua
1143 2811 1307 2861 eadem,
1328 2822 1423 2865 quae
1445 2815 1487 2852 et
1510 2836 1542 2878 C

243 2887 368 2944 Syra,
400 2887 640 2943 propinqua
666 2885 869 2935 Hebraeae,
910 2889 952 2928 et
982 2884 1115 2940 jussit
1149 2884 1213 2926 eis
1250 2883 1490 2927 ministrari

241 2962 362 3005 cibos
394 2961 447 3005 de
477 2973 623 3003 mensa
652 2971 744 3002 sua.
778 2957 972 3002 Fuerunt
989 2964 1132 3002 autem
1153 2959 1265 3002 inter
1283 2971 1358 3002 eos
1383 2971 1491 3014 qua-

241 3040 341 3077 tuor
365 3034 513 3088 optimi
537 3034 589 3076 de
618 3032 717 3074 tiliis
748 3031 875 3082 Juda,
909 3031 1073 3082 Daniel,
1096 3031 1300 3083 Ananias,
1324 3030 1488 3082 Misael,

241 3112 284 3149 et
307 3107 501 3154 Atarias,
526 3111 569 3147 ct
594 3106 772 3146 mutavit
794 3106 855 3147 eis
872 3116 948 3147 rex
967 3103 1158 3153 nomina,
1183 3109 1224 3146 et
1243 3103 1345 3146 dicti
1372 3109 1490 3154 sunt,

243 3177 453 3227 Baltasar,
488 3176 684 3226 Sidrach,
728 3176 906 3226 Misacb,
931 3183 974 3219 et
1008 3175 1258 3232 Abdenago.
1300 3176 1493 3220 Baltasar

244 3236 388 3293 autem
408 3255 501 3292 erat
527 3262 685 3294 nomen
707 3250 812 3305 regii
841 3250 1029 3305 generis,
1048 3250 1163 3305 quod
1185 3250 1388 3304 imposuit
1410 3249 1493 3292 Da-

244 3323 364 3374 nieli,
388 3329 435 3365 ut
456 3322 561 3365 dicit
583 3322 862 3378 Epiphanius.
889 3335 941 3366 co
960 3324 1074 3378 quod
1097 3323 1187 3378 jam
1211 3323 1421 3378 cogitaret
1440 3323 1493 3366 de

245 3398 340 3451 ejus
363 3397 607 3452 adoptione.
644 3394 741 3440 istis
777 3402 965 3450 quatuor
989 3396 1246 3452 praepositus
1270 3396 1493 3439 eunucho-

247 3481 342 3510 rum
360 3468 587 3523 specialem
608 3469 752 3522 posuit
768 3473 1093 3522 procuratorem
1114 3467 1310 3510 Malasar.
1329 3467 1377 3509 Hi
1393 3480 1494 3523 pro·

246 3544 484 3597 posuerunt
527 3551 614 3582 non
653 3539 941 3582 contaminari
981 3539 1090 3582 cibis
1122 3539 1358 3594 gentilium.
1408 3539 1493 3583 Sed

247 3627 345 3658 cum
391 3619 562 3670 cogeret
592 3624 668 3656 eos
705 3611 887 3655 Malasar
912 3612 1040 3656 edere
1078 3612 1131 3656 de
1154 3613 1278 3664 cibis,
1303 3626 1357 3656 ne
1381 3615 1495 3659 vide-

245 3692 397 3732 rentur
438 3698 584 3728 coram
623 3696 724 3741 rege
755 3686 922 3728 caeteris
954 3685 1171 3736 exiliores,
1205 3688 1407 3732 dixerunt
1437 3690 1492 3733 ad

247 3771 345 3803 eum
374 3772 383 3799 ε
410 3773 424 3799 ι
453 3758 586 3803 Tenta
610 3771 706 3810 nos,
752 3758 950 3808 obsecro,
992 3759 1143 3803 diebus
1168 3759 1333 3812 decem,
1366 3769 1408 3806 et
1438 3763 1492 3811 da

249 3833 374 3876 nobis
399 3831 630 3887 legumina,
653 3838 694 3874 et
719 3843 888 3887 aquam,
909 3837 950 3875 et
967 3839 1062 3887 post
1087 3832 1177 3876 baec
1201 3836 1492 3891 contemplare

1503 587 1557 599 νο-

1500 692 1532 737 Λ
1557 701 1641 744 pue
1666 685 1831 729 Danieli
1859 681 2186 738 intelligentiam
2212 679 2428 724 visionum
2455 683 2499 722 et
2521 678 2804 723 somniorum.

1562 759 1615 800 Et
1638 757 1805 800 exactis
1835 755 1977 800 tribus
2007 754 2133 808 annis
2173 752 2323 795 statuti
2356 757 2458 795 sunt
2495 750 2540 793 in
2572 753 2810 805 conspeetu

1560 826 2027 874 Nabuchodonosor-m,
2053 829 2096 883 et¹
2112 822 2165 866 dc
2183 823 2399 872 omnibus,
2441 834 2535 877 quae
2560 822 2810 874 scIscitatus

1562 907 1634 949 est,
1651 912 1731 955 rex
1752 898 1806 941 ab
1828 898 1907 948 eis,
1930 897 2091 941 invenit
2115 896 2161 939 in
2188 896 2252 939 eis
2282 895 2509 951 decuplum
2541 907 2672 950 super
2700 906 2810 939 eun·

1563 980 1658 1016 ctos
1678 958 1839 1015 ariolos
1860 978 1902 1015 ct
1928 982 2094 1027 magos,
2114 970 2203 1025 oui
2239 976 2362 1012 erant
2394 970 2439 1013 in
2460 981 2592 1026 regno
2613 968 2723 1024 ejus.
2757 966 2812 1012 Et

1565 1048 1645 1091 suit
1679 1047 1835 1089 »Daniel
1881 1046 1923 1088 in
1970 1046 2134 1088 honore
2171 1045 2213 1086 in
2257 1043 2470 1094 Chaldaea,
2512 1044 2643 1086 ctiam
2672 1053 2812 1098 usquo

1564 1119 1618 1162 ad
1657 1118 1832 1161 Darium
1879 1125 1922 1160 et
1962 1117 2211 1174 Cyrum*‘.'*.

1564 1193 1755 1242 Danielis
1776 1193 1976 1253 pericopa
1978 1194 2067 1210 ‘‘‘‘‘
2073 1224 2085 1237 .
2113 1191 2363 1248 Sequuntur
2385 1197 2529 1236 autem
2554 1189 2813 1234 novemve!

1566 1267 1734 1316 decem,
1761 1278 1857 1321 quae
1883 1267 2075 1323 visiones
2107 1263 2296 1310 Danielis
2324 1265 2540 1312 dicuntur.
2559 1275 2611 1307 eo
2629 1261 2815 1319 quodin

1562 1344 1647 1389 eis,
1670 1340 1738 1382 vel
1764 1334 1857 1395 ipse
1873 1339 2037 1396 aliquid
2051 1339 2222 1393 videri·,
2242 1339 2309 1383 vel
2332 1339 2472 1382 visum
2490 1338 2546 1380 ab
2563 1337 2646 1381 alio
2665 1336 2816 1392 expia·-
2883 1348 2885 1351 ’

1567 1415 1702 1465 navit,

1622 1487 1868 1534 'Additioh
1898 1487 2118 1543 Scriptum
2137 1441 2199 1532 de
2213 1485 2312 1531 Bele
2329 1484 2496 1531 Hebraei
2521 1485 2711 1530 fabulam
2746 1483 2816 1537 di·

1568 1567 1690 1613 cunt,
1714 1573 1803 1605 non
1829 1562 1936 1618 quin
1963 1562 2016 1605 de
2037 1562 2222 1606 veritate
2246 1566 2434 1613 constet,
2453 1561 2556 1605 sed
2545 1573 2630 1617 ipsi
2651 1547 2814 1606 Dante·

1571 1635 1654 1678 lem
1685 1635 1777 1678 haec
1800 1635 2033 1691 scripsisse
2060 1635 2238 1691 negant

1630 1709 1836 1751 “Additio
1871 1708 1914 1751 2.
1965 1706 2088 1751 Sicut
2120 1708 2319 1752 videmus
2353 1707 2564 1753 Gallicum
2601 1707 2815 1765 scriptum

1515 1764 1548 1807 Β
1571 1773 1740 1844 Latinis
1768 1781 1942 1830 litteris,
1967 1791 2048 1823 nec
2072 1785 2217 1823 tamen
2250 1781 2370 1825 omni
2392 1782 2674 1838 cognoscenti
2695 1780 2818 1828 titte-

1570 1866 1643 1898 ras
1668 1854 1750 1898 hoc
1773 1859 1909 1910 patet.

1627 1926 1857 1970 ’ῡΑάάὲιὶο
1876 1928 1918 1971 3.
1944 1927 2055 1977 Nota
2082 1928 2184 1984 qnia
2211 1928 2441 1973 multitudo
2463 1929 2660 1973 ciborum
2681 1928 2815 1975 hebe-
2863 1947 2866 1949 ·

1568 1999 1649 2049 tat,
1674 1999 1862 2043 varietas
1886 2000 2112 2045 confundit
2135 2002 2372 2058 ingenium.

1600 2061 1606 2066 ⁶
1626 2071 1870 2115 “⁸¹Additio
1892 2074 1936 2118 4.
1963 2073 2062 2127 Qui
2078 2077 2319 2131 regnabant
2338 2088 2470 2132 super
2485 2075 2633 2121 Medos
2648 2075 2816 2127 etAPer·

1571 2156 1660 2196 sas,
1684 2145 1758 2202 qui
1781 2150 1824 2189 et
1851 2145 2103 2211 dejecerunt
2125 2161 2307 2204 regnum
2333 2149 2583 2206 Babylonis.

1629 2220 1715 2236 “““
1719 2214 1896 2262 Additio
1921 2219 1961 2263 5.
1980 2219 2127 2265 Prima
2155 2221 2394 2275 distinctio,
2418 2234 2515 2278 quae
2541 2235 2629 2266 non
2657 2222 2818 2267 dicitur

1570 2293 1697 2342 visio,
1705 2274 2003 2351 Hieronymus
2022 2294 2137 2339 enim
2165 2308 2242 2352 per
2262 2296 2411 2340 decem
2429 2297 2733 2341 distinctiones
2749 2298 2819 2342 di·

1570 2367 1690 2420 visit,
1711 2379 1798 2410 non
1826 2368 1942 2411 dico
1954 2366 2104 2414 libros.

1831 2442 1935 2487 Car.
1954 2441 2005 2487 ll.
2034 2442 2184 2486 Prima
2203 2443 2306 2487 visio
2334 2443 2542 2491 Danielis.

1626 2514 1762 2559 Porro
1787 2515 1831 2558 in
1865 2527 1982 2560 anno
2004 2517 2198 2561 secundo
2221 2518 2342 2574 regni
2361 2519 2428 2562 sui
2452 2519 2558 2563 vidit
2581 2518 2816 2564 Nabucbo-
2885 2500 2893 2541 ἶ

1571 2588 1763 2632 donosor
1794 2590 2030 2642 somnium,
2055 2597 2098 2634 et
2130 2592 2393 2636 conterritus
2411 2598 2479 2637 est
2499 2593 2678 2650 spiritus
2702 2595 2814 2649 ejus,
2885 2607 2891 2609 Α

1570 2666 1614 2704 et
1633 2662 1781 2718 effugit
1798 2664 1853 2706 ab
1879 2675 1932 2707 eo
1952 2663 2171 2707 somnium
2199 2664 2328 2722 (Dan.
2351 2665 2420 2723 lt).
2447 2665 2535 2710 Nec
2565 2673 2632 2712 est
2654 2667 2817 2712 intelli·
2893 2705 2901 2733 j

1569 2736 1738 2791 gondus
1780 2737 2002 2784 secundus
2037 2749 2178 2781 annus
2221 2739 2342 2794 regni
2381 2739 2435 2782 ab
2468 2739 2650 2796 origine,
2688 2742 2814 2785 seda
2891 2733 2895 2750 ²

1569 2811 1961 2856 consummatione.
1985 2810 2342 2857 consummatum
2361 2820 2502 2858 autem
2524 2814 2619 2870 ejus
2634 2826 2814 2873 regnum

1571 2883 1748 2933 dicitur,
1782 2891 2009 2939 postquam
2045 2884 2286 2941 subjugatis
2314 2886 2395 2930 sibi
2422 2886 2673 2931 nationibus
2714 2887 2818 2931 reli·
2897 2927 2901 2949 :

1571 2956 1698 3011 quias
1717 2955 1850 3001 lsrael
1866 2956 1989 3000 duxit
2014 2958 2072 3001 ab
2093 2957 2293 3015 AEgypto.
2321 2957 2587 3003 Convocavit
2613 2970 2717 3016 ergo
2737 2970 2816 3002 τοι
2892 2959 2901 2970 ’·

1572 3031 1841 3083 conjectores
1858 3032 2175 3082 Chaldaeorum,
2193 3038 2235 3076 et
2259 3033 2366 3076 dixit
2387 3033 2438 3077 ad
2453 3046 2528 3078 eos
2550 3048 2560 3076 :
2584 3033 2680 3078 Vidi
2705 3045 2818 3079 som·

1572 3105 1710 3155 nium,
1738 3104 1812 3148 sed
1831 3105 2003 3160 ignoro,
2023 3105 2128 3161 quid
2152 3106 2370 3149 viderim*.
2403 3105 2816 3162 Quiresponderunt
2876 3096 2906 3168 ἢ

1574 3175 1780 3233 Syriace:
1811 3177 1933 3221 Dicat
1963 3191 2040 3222 rex
2070 3179 2287 3221 somnium
2323 3179 2457 3223 servis
2481 3180 2591 3230 suis,
2615 3185 2657 3223 et
2682 3180 2817 3224 inter·
2881 3175 2905 3221 f

1572 3250 1853 3305 pretationem
1870 3251 1964 3305 eJ'us
1993 3251 2299 3316 indicabimus.
2326 3252 2376 3294 Et
2400 3253 2456 3295 ait
2480 3243 2575 3297 rexi
2597 3252 2687 3298 Nisi
2705 3266 2819 3297 som·
2895 3265 2905 3279 ·

1573 3323 1692 3366 nium
1716 3329 1760 3366 et
1782 3323 1877 3378 ejus
1899 3324 2193 3378 conjecturam
2213 3325 2518 3385 *indicaveritis
2553 3327 2678 3378 mihi,
2700 3327 2819 3384 peri-

1574 3396 1694 3446 bitis,
1720 3402 1764 3439 et
1781 3396 1934 3439 domus
1957 3402 2112 3439 vestra·
2139 3397 2492 3451 publicabuntur.
2516 3396 2568 3440 Et
2590 3398 2811 3442 dixerunt=

1577 3481 1591 3508 ‹
1613 3467 1706 3510 Non
1726 3473 1792 3511 est
1815 3467 1944 3511 homo
1962 3480 2090 3522 super
2113 3474 2291 3520 terram,
2317 3470 2391 3525 qui
2414 3482 2654 3513 sermonem
2690 3475 2812 3513 tuum

1572 3546 1712 3598 possit
1742 3541 1923 3597 implere
1954 3543 2145 3598 exceptis
2176 3539 2289 3594 diis,
2319 3555 2503 3599 quorum
2541 3544 2815 3588 conversatio

1573 3628 1659 3659 non
1683 3621 1750 3659 est
1772 3627 1869 3658 cum
1888 3615 2152 3660 hominibuS.
2174 3631 2189 3658 ι
2217 3615 2339 3660 Tunc
2363 3618 2563 3673 praecepit
2582 3630 2659 3661 rex
2687 3619 2731 3662 in
2749 3618 2814 3661 ira

1574 3703 1746 3746 magna,
1777 3695 1826 3733 ut
1849 3690 2196 3733 interficerentur
2212 3703 2362 3734 omnes
2395 3693 2610 3746 sapientes
2627 3691 2815 3749 Babylo·

1573 3762 1720 3806 nis.Et
1738 3763 2011 3818 quaerebatur
2035 3762 2198 3813 Daniel,
2220 3768 2264 3806 et
2277 3763 2382 3807 socii
2399 3763 2511 3819 eJ'us,
2534 3769 2582 3807 ut
2604 3765 2812 3820 perirent.

1574 3835 1698 3887 Quod
1718 3847 1816 3878 cum
1841 3835 2079 3889 accepisset
2103 3835 2267 3886 Daniel,
2294 3835 2530 3891 ingressus,
2555 3835 2722 3892 rogavit
2745 3849 2816 3879 re-

248 3906 394 3947 vultus
419 3911 609 3955 nostros,
651 3911 697 3948 ,et
739 3905 1002 3960 reliquorum
1032 3906 1104 3961 qui
1137 3915 1371 3951 vescuntur
1394 3909 1493 3952 cibo
1516 3910 1551 3953 D
1574 3921 1686 3966 gem,
1712 3915 1759 3951 ut
1789 3907 1911 3950 daret
1941 3909 1980 3950 ci
2016 3915 2182 3962 tempus
2199 3907 2252 3950 ad
2279 3907 2554 3958 solutionem,
2581 3919 2658 3962 per
2683 3918 2813 3949 unani

249 3978 385 4034 regio,
408 3984 450 4022 et
473 3979 584 4024 sicut
606 3979 783 4028 videris,
810 3980 873 4021 sic
893 3979 1026 4023 facias
1050 3980 1292 4025 nobiscum.
1315 3997 1330 4022 ι
1359 3980 1495 4025 Porro

251 4051 436 4094 Malasar
467 4052 642 4095 tollebat
674 4052 841 4094 cibaria
864 4058 906 4095 et
924 4052 1070 4095 vinum
1100 4064 1265 4105 corum,
1302 4060 1344 4098 et
1362 4054 1495 4097 dabat

250 4126 315 4169 eis
332 4125 563 4179 legumina.
587 4123 766 4178 Propter
791 4125 872 4167 hoc
898 4125 1050 4167 animae
1072 4137 1221 4168 eorum
1257 4131 1380 4168 crant
1404 4126 1496 4168 lim-

250 4195 375 4251 pidae.
408 4207 495 4238 non
527 4195 700 4239 hebetes
723 4203 896 4251 propter
931 4196 1245 4240 multitudinem
1278 4198 1492 4248 ciborum,

251 4281 332 4311 nec
354 4268 544 4313 consusae
566 4280 643 4323 pro
668 4269 889 4317 varietate,
924 4275 965 4314 et
994 4281 1178 4325 corpora
1203 4282 1351 4313 corum
1378 4270 1494 4312 labo-

253 4338 372 4380 ribus
397 4338 558 4393 aptiora
579 4354 590 4390 :
615 4345 656 4383 et
681 4341 823 4386 subito
847 4340 946 4383 sacti
967 4347 1066 4384 sunt
1089 4342 1260 4393 eruditi,
1285 4343 1384 4396 qiua
1417 4341 1494 4384 dc-

255 4410 318 4453 dit
336 4412 397 4455 eis
414 4413 621 4458 Dominus
646 4414 886 4466 scientiam,
913 4421 955 4458 et
977 4415 1264 4471 disciplinam,
1283 4421 1324 4458 ct
1341 4416 1497 4470 ›praeci-

1572 3988 1743 4025 noctem
1766 3987 1951 4031 tantum,
1977 3981 2083 4024 dicit
2098 3980 2328 4035 Josephus.
2352 3979 2403 4023 Et
2430 3978 2812 4036 ingressusDaniul

1569 4054 1627 4098 ad
1651 4054 1824 4097 domum
1851 4067 1950 4098 cum
1976 4055 2106 4098 sociis
2129 4055 2220 4098 suis
2243 4054 2382 4096 oravit
2405 4052 2558 4104 Deum,
2585 4059 2628 4096 et
2644 4064 2721 4108 per
2751 4052 2811 4094 vi-

1574 4128 1738 4171 sionem
1781 4128 1922 4170 noctis
1952 4127 2187 4170 revelatum
2219 4132 2285 4169 est
2316 4126 2355 4170 ei
2373 4126 2642 4182 mysterium,
2666 4131 2710 4169 et
2731 4123 2810 4168 be-

1574 4199 1778 4243 nedicens
1813 4199 1946 4243 Deum
1979 4198 2199 4254 ingressus
2234 4203 2299 4242 est
2323 4198 2376 4239 ad
2400 4209 2557 4253 regem.
2584 4196 2635 4239 Et
2663 4195 2724 4239 ait
2754 4195 2808 4238 ad

1573 4285 1668 4316 eum
1707 4286 1779 4317 rex
1819 4286 1833 4315 .·
1867 4289 1880 4313 ‹
1905 4273 2130 4316 Poterisne
2155 4271 2260 4314 mihi
2283 4271 2500 4315 somnium
2532 4269 2741 4319 indicare,
2765 4274 2808 4311 et

1571 4346 1971 4401 interpretationem
2006 4345 2167 4400 ejus?›
2213 4343 2295 4397 Qui
2319 4343 2568 4399 respondit:
2607 4340 2700 4384 Non
2731 4353 2808 4396 po-

1548 4423 1656 4462 test
1695 4419 1776 4460 boc
1815 4417 1961 4467 homo,
2005 4416 2079 4460 sed
2117 4422 2180 4459 est
2217 4414 2330 4459 Deus
2360 4415 2403 4456 in
2454 4413 2566 4456 coelo
2611 4412 2805 4469 revelans

2252 1116 2330 1160 llic
2374 1116 2630 1178 terminatur
2674 1115 2812 1170 prima
2879 1115 2883 1127 '⁴
