2924 4588
292 149 310 173 ἱ

273 188 381 235 ¹0⁰7
447 178 449 180 ’

789 246 815 274 ο
1010 260 1022 271 .

272 283 393 327 Unde
410 281 489 325 tibi
507 282 666 337 placuit
690 280 861 336 proprie
876 290 967 329 mea
991 277 1114 333 signa
1138 281 1282 319 tenero
1298 308 1309 326 ,

330 355 391 398 En
413 359 487 397 tua
501 359 754 413 quaegeneo,
774 350 956 407 respice,
978 360 1126 397 nosce,
1142 360 1257 404 gere.

273 424 351 466 ilic
371 436 498 480 quem
517 429 797 467 ventretenes
814 434 936 465 meus
963 426 1045 470 est,
1074 419 1190 461 hunc
1219 423 1319 473 opto
1343 421 1506 467 tenere,

271 491 351 535 iste
376 505 480 536 meae
500 492 647 549 patriae
670 504 743 535 rex
760 497 842 544 est,
858 490 1063 546 regnique
1078 488 1284 537 eobaeres,

332 564 396 607 Tu
419 566 565 621 regina
587 564 728 614 sedes,
753 569 796 607 et
813 562 1010 607 diadema
1033 560 1162 605 feres.
1188 577 1203 600 ι

328 650 488 699 Hierna
516 653 684 697 ducissa
706 654 958 751 '²⁶⁰9”⁰⁸.fj.‘
984 652 1098 695 dieta
1114 652 1241 708 regis,
1258 658 1298 695 et
1323 650 1455 693 tradit

818 722 861 752 se
885 723 897 751 ι
934 722 965 752 ι.

268 783 459 829 Caedidit
486 782 648 837 absque
670 792 807 832 mora,
824 779 1024 836 cognovit
1054 784 1095 822 et
1118 783 1213 822 acta
1235 778 1396 835 priora,

267 856 388 900 illico
409 855 571 910 majora
591 853 757 909 recipit,
779 852 1029 908 spernitque
1048 851 1230 901 minora,

323 926 543 981 Abstergit
562 926 791 982 lacrymas,
817 924 935 980 pellit
952 935 1098 967 amar-a
1122 923 1255 969 foras.

270 999 503 1057 Splendida
520 999 565 1043 fit
593 999 717 1049 facie,
736 1000 851 1056 capit
866 1000 981 1044 illico
1003 1000 1100 1043 laeta
1121 1000 1328 1050 colorem,

266 1072 430 1117 Pallida
448 1085 543 1128 quae
564 1072 703 1116 suerat
726 1073 876 1127 recipit
899 1073 1047 1129 regina
1064 1071 1283 1120 ruborem,

322 1144 492 1188 clarior
506 1150 572 1189 est
589 1143 710 1196 flore,
728 1156 825 1188 cum
848 1144 970 1201 prius
992 1155 1106 1200 aegra
1131 1143 1256 1188 soret.

267 1216 390 1261 Miles
413 1225 456 1260 ut
479 1216 673 1273 inquirit,
697 1216 799 1273 quid
826 1229 923 1260 nam
949 1217 1175 1261 sibicausa
1200 1216 1396 1272 requirit,

269 1289 342 1332 llla
355 1289 478 1344 iubet
496 1280 584 1345 regi
609 1295 798 1333 castrum
828 1301 1064 1347 properans
1081 1289 1259 1345 aperiri,

325 1360 522 1417 Undique
540 1362 784 1417 suscipiens
802 1362 925 1417 jussa
941 1362 1120 1406 colenda
1136 1360 1232 1405 viri.

267 1431 421 1488 Nuptia
448 1434 600 1490 regalis
622 1434 750 1479 datur
772 1434 888 1478 illico
908 1433 1017 1477 mira
1036 1434 1198 1489 parari,

577 159 604 194 ⁸
1190 180 1477 227 confirmor
1506 178 1666 223 virm
1675 177 1883 222 mmsis

1528 279 1564 323 Α
1586 271 1660 314 llla
1683 271 1956 318 subarrhari,
1979 271 2212 326 reginaque
2235 281 2403 313 summa
2422 280 2585 319 vocari,

1645 343 1758 387 Pace
1782 347 1936 386 vacant
1960 343 2107 397 populi
2129 342 2453 392 flumine,rure,
2480 340 2609 385 mari.

1589 414 1734 461 Indice
1758 414 1937 462 Mei-lino
1957 428 2032 459 rex
2055 423 2095 458 et
2112 403 2261 471 reg‘ina
2286 405 2485 470 requirit,
2591 411 2594 413 ’

1588 487 1760 539 Plasma
1780 487 1932 543 jacens
1955 493 2096 538 utero,
2117 501 2202 544 quo
2225 488 2350 531 debet
2366 488 2529 532 honore
2547 485 2695 543 potiri,

1644 560 1822 604 Femina
1841 562 1878 604 si
1903 561 2050 611 suerit,
2077 561 2259 618 dignave
2278 559 2418 604 forma
2441 559 2554 604 viri?

1590 633 1748 684 Lzrtus,
1777 634 1837 675 ait
1868 639 1998 683 rates,
2023 647 2076 677 en
2088 633 2243 689 gaudia
2261 644 2413 688 magna
2432 637 2597 690 parate,

1587 702 1760 755 Currite
1782 704 2004 760 primates,
2025 705 2221 761 eoeloque
2238 695 2439 748 resolvite
2456 709 2618 760 grates,

1646 774 1753 820 Nam
1778 788 1875 832 quae
1899 781 2050 820 ventre
2070 778 2205 821 latent
2226 777 2334 819 mira
2359 775 2504 820 i'utura
2527 780 2694 832 patent.

1590 847 1669 893 Hic
1684 848 1767 893 erit
1789 847 1975 892 Arturus
2000 861 2075 893 rex
2100 861 2297 892 summus
2319 849 2362 891 in
2380 850 2487 893 orbe
2503 848 2695 902 futurus,

1589 919 1740 967 Praelia
1758 929 1976 976 gest-urus,
2001 921 2094 964 loca
2119 919 2281 965 Gallica
2304 933 2378 965 rex
2394 921 2639 972 habiturus,

1643 993 1826 1038 Nomine
1850 1005 2033 1048 magnus
2055 994 2155 1044 erit,
2183 994 2521 1050 vulneribusque
2539 994 2667 1051 perit.

1588 1067 1676 1111 Nec
1701 1066 1810 1123 perit
1826 1067 2019 1118 omnino,
2037 1067 2172 1127 maris
2186 1067 2489 1111 observ'abltur
2507 1068 2610 1111 imo.

1591 1139 1744 1184 Vivere
1767 1145 1976 1196 perpetuo
1990 1141 2148 1196 poterit
2164 1152 2218 1184 ex
2230 1140 2384 1186 ordine
2406 1141 2547 1197 primo
2566 1152 2578 1182 ι

1645 1211 1732 1256 lsta
1747 1212 1825 1255 tibi
1845 1209 2003 1266 resero,
2024 1217 2180 1264 caetera
2211 1212 2368 1257 claudo
2391 1214 2508 1258 sinu.
2549 1206 2551 1208 ’

1590 1285 1738 1328 Arturi
1760 1283 1835 1340 qui
1858 1289 2005 1329 tantus
2022 1289 2131 1337 erat,
2146 1285 2184 1330 si
2197 1286 2309 1329 bella
2333 1286 2539 1344 requiris,

1535 1340 1566 1382 B
1591 1356 1726 1403 Omne
1750 1357 1890 1401 solum
1912 1356 2046 1403 variis
2062 1358 2203 1415 potuit
2226 1357 2454 1403 devincere
2471 1350 2614 1412 miris,

1649 1429 1826 1474 Viribus
1840 1436 1885 1474 et
1906 1430 2063 1487 gladiis
2089 1431 2262 1489 praei'uit
2279 1432 2373 1489 ipse
2393 1433 2516 1478 viris.

572 1731 1395 1857 GODEFRIDI
1459 1732 2518 1868 VITERBIENSIS

1190 1963 1900 2069 PANTHEON.

938 2168 1218 2262 PARS
1285 2170 1718 2263 DECIMA
1794 2171 2141 2267 NONA.

269 2438 325 2480 Da:
348 2434 551 2492 regalibus
575 2429 828 2489 iniquibus,
860 2431 1046 2479 videlicet
1083 2435 1133 2478 de
1170 2441 1317 2479 sancta
1363 2447 1499 2487 cruce,
1526 2441 1560 2487 c.
1587 2434 1680 2490 Quo
1705 2434 2033 2481 malefactorum
2053 2433 2206 2482 feritas
2222 2435 2606 2493 cessareiubetur‚

319 2492 369 2535 de
394 2490 557 2548 gladio,
588 2489 638 2534 de
659 2481 803 2533 ‘lancea
825 2504 947 2533 sacra
964 2524 974 2540 .
1012 2487 1061 2535 de
1098 2500 1279 2546 sceptro,
1310 2491 1362 2536 de
1382 2504 1506 2546 pomo

321 2560 461 2598 auree,
489 2546 539 2612 dp
553 2560 735 2596 corona,
764 2546 814 2589 de
832 2546 1075 2612 'diademate
1102 2559 1114 2588 .·
1144 2547 1241 2604 quid
1271 2549 1506 2613 significent

319 2616 490 2659 gemmae
506 2616 550 2645 m
573 2614 754 2652 corvum·
771 2602 869 2658 quid
895 2604 1098 2659 srqmficee
1123 2613 1273 2646 aterum
1307 2618 1350 2648 m
1387 2617 1504 2648 coro-

319 2672 389 2711 na,
405 2657 503 2715 quid
523 2658 724 2715 significet
748 2658 877 2700 crista
901 2659 942 2700 in
965 2672 1139 2701 corona.

262 2753 406 2795 Caesar
425 2747 664 2806 Jussitheri
686 2761 782 2805 quae
799 2749 884 2792 sint
908 2750 1093 2805 insignia
1119 2750 1268 2806 quaeri,

262 2824 364 2877 Qua:
381 2828 509 2879 caput
529 2822 696 2878 imperii
719 2822 847 2878 digne
868 2823 1146 2878 perhibentur
1170 2822 1337 2875 haberi,

318 2894 368 2937 Et
393 2908 470 2938 cur
492 2895 615 2951 signa
636 2895 761 2950 gerit,
786 2895 888 2949 quid
911 2896 1093 2939 rationis
1118 2895 1228 2938 erit?

265 2967 315 3012 Ut
332 2968 553 3023 Scriptura
576 2973 710 3022 tonat,
734 2980 859 3017 crux,
891 2969 1026 3019 ensis,
1053 2974 1240 3023 sceptra,
1266 2979 1446 3020 corona,

261 3040 444 3091 Lancea,
467 3040 597 3095 palla,
622 3040 735 3083 bona
758 3039 884 3084 nobis
907 3040 1092 3096 insssgnia
1118 3040 1296 3090 donant,

316 3111 465 3156 Restat
486 3117 533 3155 ut
556 3123 785 3166 exponam,
810 3112 914 3167 quid
938 3125 1016 3155 sua
1040 3114 1162 3169 signa
1187 3119 1358 3158 sonent.

593 3214 704 3267 Quid
722 3215 930 3272 siqnificat
951 3216 1026 3259 itta
1044 3229 1162 3260 crux.

260 3302 376 3347 Crux
400 3308 527 3359 caput
551 3304 736 3360 imperii,
759 3304 887 3347 datur
901 3305 990 3348 hoec
1001 3306 1298 3363 medicinaque
1318 3307 1498 3362 morbis,

258 3375 441 3417 climata
461 3373 659 3429 quadrati
685 3387 760 3430 per
782 3375 960 3419 brachia
985 3378 1177 3421 continet
1206 3379 1339 3431 orbis,

316 3446 430 3491 Crux
450 3454 515 3492 est
539 3447 654 3491 scala
678 3446 768 3498 Dei,
797 3461 912 3504 spes,
933 3450 1017 3502 via,
1043 3450 1130 3493 vita
1153 3451 1255 3496 reis.

262 3517 348 3563 flac
370 3519 497 3562 datur
513 3531 720 3563 ascensus
733 3521 948 3575 iustorum
967 3535 1111 3567 merce
1133 3536 1360 3580 repensus,

263 3589 352 3633 liae
373 3590 484 3634 latro
500 3603 756 3647 suspensus;
784 3593 934 3649 recipit
963 3606 1042 3649 pro
1059 3594 1241 3638 crimine
1265 3609 1439 3649 census,

316 3660 434 3705 Hanc-
458 3664 567 3708 solet
586 3664 814 3719 imperium
838 3665 949 3710 serre
972 3679 1048 3722 per
1078 3680 1204 3712 omne
1229 3670 1384 3714 solum.

260 3733 438 3777 Brachia
462 3736 648 3779 distenta
671 3736 878 3781 mundum
902 3740 1125 3795 complexa
1150 3747 1384 3794 retentant,

260 3805 507 3863 Cunctaque
523 3815 719 3864 portenta
741 3809 905 3854 Christi
927 3811 1087 3857 virtute
1102 3818 1288 3867 retenta,

315 3878 427 3921 Crux
448 3880 562 3923 velut
580 3881 739 3924 athleta
760 3883 890 3925 noxia
914 3890 1071 3927 cuncta
1094 3891 1222 3929 vetat.

259 3950 382 3994 Unde
404 3964 478 4006 per
500 3952 581 3996 hoc
599 3954 784 4009 signum,
805 3968 890 4011 quo
909 3957 1076 3999 tollitur
1092 3969 1218 4001 omne
1241 3959 1494 4016 malignum,

259 4020 429 4076 Imperii
452 4022 623 4077 dignum
642 4033 770 4080 caput
792 4032 860 4070 est
882 4028 1125 4072 venerabile
1152 4029 1337 4085 signum,

318 4092 473 4136 Praelia
494 4096 666 4139 virtutis
691 4096 794 4139 dant
810 4098 893 4141 sibi
917 4099 1038 4154 signa
1069 4102 1227 4145 crucis.

259 4163 373 4206 Crux
398 4165 524 4207 datur
540 4166 718 4222 irnperio
741 4171 915 4225 speciali
935 4171 1032 4225 iure
1046 4171 1236 4224 serenda,

260 4235 424 4290 Quippe
442 4238 576 4280 vicem
601 4239 761 4282 Christi
787 4247 900 4284 tenet
924 4243 992 4284 hic
1010 4243 1065 4285 ad
1090 4256 1218 4299 regna
1244 4244 1418 4297 tuenda.

317 4308 367 4350 Et
391 4311 496 4362 gerit
522 4312 564 4352 in
592 4311 720 4355 terris
743 4313 865 4367 signa
884 4316 1060 4358 colenda
1086 4317 1246 4361 crucis.

346 4379 453 4431 Quid
473 4383 680 4436 siquificat
697 4383 862 4438 qladt’us
888 4387 1054 4440 regalis,
1083 4388 1143 4430 vel
1161 4390 1404 4443 imperialis,

264 4447 415 4492 ludicii
440 4452 604 4505 siguum
625 4454 791 4509 gladius
817 4464 1055 4502 monstrare
1077 4459 1269 4512 videtur,

1642 2507 1699 2553 Ut
1722 2509 1834 2552 latro
1850 2508 2102 2561 frustretur,
2130 2521 2204 2552 rex
2234 2513 2350 2552 tenet
2371 2521 2492 2552 arma
2515 2519 2660 2554 secus.

1585 2580 1840 2638 Praecipitm·
1860 2580 2029 2638 gladius
2053 2573 2250 2625 vibratus
2280 2592 2450 2637 semper
2472 2581 2640 2633 baberi,

1585 2654 1742 2700 Puniat
1754 2660 1802 2700 ut
1821 2654 1984 2708 subito,
2003 2655 2144 2713 potuit
2166 2655 2279 2711 quod
2297 2655 2423 2711 culpa
2442 2656 2598 2700 mereri
2626 2670 2639 2700 :

1639 2728 1747 2772 Nam
1771 2728 1815 2772 si
1838 2726 1991 2773 tardus
2013 2728 2113 2780 erit,
2135 2738 2219 2784 pax
2241 2733 2423 2772 vacuata
2446 2728 2575 2784 perit.

1586 2801 1688 2846 Iura
1711 2802 1793 2846 sihi
1819 2802 1901 2846 soli
1922 2799 2038 2846 Deus
2059 2800 2201 2852 edere,
2227 2801 2414 2845 condere
2434 2806 2600 2857 patrat,

1585 2874 1641 2919 Ut
1663 2873 2063 2931 gladio'laqueoque
2085 2883 2166 2918 suo
2191 2873 2303 2915 mala
2320 2868 2480 2929 'pressa
2499 2873 2742 2930 quieseant.

1641 2947 1684 2992 Si
1704 2949 1815 2992 maia
1835 2960 1926 2992 non
1941 2953 2154 3004 premeret
2180 2947 2392 3003 principis
2415 2947 2569 2992 umbra
2587 2947 2714 2994 soret.

1586 3019 1658 3064 Sic
1683 3020 1766 3066 sibl
1786 3031 1920 3077 regna
1944 3018 2056 3064 Deus
2083 3018 2274 3074 subjicit,
2291 3018 2513 3075 eiciurgia
2535 3019 2695 3076 legum,

1583 3093 1707 3147 Quod
1735 3092 1850 3136 valet
1870 3080 2062 3136 humano
2078 3089 2238 3136 lucrari
2263 3092 2472 3148 sauguine
2494 3092 2671 3145 coelum,

1639 3166 1817 3211 Munera
1842 3171 1965 3223 grata
1989 3164 2078 3210 Deo
2099 3165 2174 3208 dat
2198 3169 2405 3222 pereunte
2426 3176 2519 3209 reo.

1582 3237 1698 3286 Ense
1720 3240 1974 3296 quiescente
1990 3248 2268 3295 compescere
2291 3250 2379 3281 non
2395 3238 2507 3281 valet
2529 3237 2695 3289 orbem,

1583 3310 1822 3369 Sanguinis
1836 3310 2016 3354 huma-ni
2040 3311 2237 3352 torrente
2257 3314 2396 3365 potest
2423 3307 2656 3362 moderari,

1638 3382 1720 3436 Qui
1746 3393 1928 3439 regnare
1947 3382 2059 3425 volet
2077 3381 2285 3436 sanguine
2303 3380 2401 3435 jura
2418 3380 2543 3424 colet.

1827 3451 1940 3506 Quid
1962 3452 2173 3508 siginificat
2198 3458 2402 3506 sceptrum
2426 3451 2578 3507 regale.

1524 3519 1560 3564 D
1582 3527 1629 3572 ln
1650 3519 1855 3573 manibus
1869 3537 2020 3581 regum
2039 3524 2141 3571 dum
2165 3525 2281 3582 regia
2306 3531 2474 3581 sceptra
2497 3529 2714 3576 tenentur,

1581 3598 1704 3643 Tunc
1730 3598 1857 3660 quasi
1879 3609 1956 3654 per
1967 3598 2131 3652 virgam
2141 3590 2416 3652 'compescere
2429 3603 2585 3641 cuncta
2603 3597 2818 3652 videntur,

1635 3671 1854 3727 Poenaque
1870 3675 2100 3726 praestatur
2117 3682 2212 3725 quae
2231 3671 2400 3714 ratione
2416 3670 2558 3715 datur.

1584 3740 1742 3786 Usibus
1760 3741 1997 3785 innumeris
2011 3746 2053 3784 et
2071 3741 2237 3797 legibus
2257 3742 2448 3798 undique
2470 3740 2619 3792 tultus.

1579 3814 1757 3860 instruit
1779 3815 1849 3858 hic
1870 3815 2068 3861 homiues
2083 3814 2238 3870 dignos
2261 3815 2523 3871 praetendere
2546 3815 2715 3865 cuitus,

1638 3886 1768 3944 Regia
1787 3887 1907 3943 virga
1933 3892 2093 3937 tamen,
2118 3899 2203 3944 quo
2227 3888 2504 3931 moderentur
2522 3887 2665 3930 hahet.

1579 3955 1708 4002 Plura
1726 3958 1863 4002 solent
1884 3958 2079 4003 homines
2106 3970 2180 4014 per
2202 3959 2374 4001 climata
2398 3957 2558 4014 tingere
2572 3958 2688 4012 jura,

1579 4031 1723 4075 Caesar
1743 4037 1911 4086 sceptra
1937 4037 2104 4080 tenens,
2130 4031 2250 4074 novit
2277 4029 2541 4085 distinguere
2562 4030 2704 4084 plura,

1634 4103 1815 4158 imperat
1837 4107 1878 4145 et
1902 4102 2020 4158 virga
2043 4102 2142 4158 jura
2166 4103 2308 4146 valere
2329 4113 2424 4145 sua.

1581 4170 1689 4223 Vita,
1711 4185 1862 4230 genus,
1893 4173 2049 4230 linguae
2070 4174 2216 4224 variae,
2237 4173 2407 4217 variant
2430 4174 2645 4229 regiones.

1577 4245 1669 4290 Una
1688 4247 1836 4302 nequit
1857 4254 2037 4291 cunctos
2058 4247 2322 4302 distinguere
2337 4247 2485 4302 regula
2522 4257 2675 4299 nores,

1635 4318 1754 4362 Unde
1778 4331 1852 4374 per
1870 4319 2094 4375 imperium
2113 4319 2298 4375 plurima
2320 4319 2420 4373 jura
2445 4323 2627 4362 moveat.

1575 4389 1660 4432 Lex
1681 4396 1876 4445 superest
1896 4391 1993 4445 legi,
2021 4403 2095 4434 rex
2115 4386 2206 4447 regi
2229 4391 2425 4447 pluribus
2447 4403 2576 4441 unus,

1573 4460 1656 4503 Par
1685 4468 1878 4517 superest
1899 4463 2089 4518 paribus,
2115 4475 2207 4506 mos
2230 4463 2437 4514 moribus,
2464 4465 2612 4507 usibus
2627 4473 2750 4515 usus,
