2924 4588
188 202 191 203 ⁷
242 205 348 249 «379

1235 194 1397 240 Pss'rm
1429 193 1778 267 cotttzs‘roms

2686 203 2799 249 1⁵80

241 301 318 341 «et
344 294 437 338 ideo
463 292 773 341 intedicerctur
792 289 903 332 filius
923 300 1058 332 meus.
1091 303 1104 329 i
1125 288 1175 331 Et
1196 289 1340 345 posuit
1355 287 1470 331 Elias
1484 289 1528 335 ,A
1552 287 1711 342 populo
1731 286 1899 331 curavit
1918 286 2054 330 altare
2075 273 2262 339 Domini,
2287 290 2399 344 quod
2418 290 2682 336 destructum
2706 292 2802 337 sue-

235 381 410 424 puerum
437 377 566 420 super
583 366 737 407 lectum
762 374 889 417 fluum
914 361 957 404 in
983 362 1213 422 coenaculo
1242 359 1471 415 superiori,

233 445 275 482 et
299 437 504 492 expandit
529 448 575 478 se
598 446 726 490 super
744 446 839 476 eum
855 433 995 476 tribus
1012 432 1194 483 vicibus,
1213 438 1254 476 et
1277 430 1474 474 clamavit

234 512 285 554 ad
334 509 562 552 Dominum
580 512 671 560 ‚et
715 504 868 548 revixit
912 517 1035 559 puer.
1083 504 1216 556 Quem
1262 502 1474 556 recipiens

234 583 385 627 mulier
411 582 469 623 ait
496 596 506 624 z
537 595 550 621 ι
579 578 703 621 Nunc
750 577 958 633 cognovi,
990 577 1192 632 quoniam
1221 575 1287 618 vir
1330 574 1400 617 Dei
1428 586 1475 617 cs

234 664 295 698 tu.
329 670 342 694 ι
374 653 497 696 ilunc
531 661 710 707 puerum
748 650 923 692 tradunt
953 647 1116 691 Hebraei
1160 647 1291 690 tuisse
1322 645 1475 689 Jonam

236 727 505 786 prophetam.

233 886 334 929 Cir.
359 881 527 926 XXXV.
555 906 608 913 —-
632 880 691 922 De
717 877 1002 975 saferssffffl'm
1026 875 1150 929 Rani,
1177 887 1278 929 quos
1303 871 1475 925 interse-

741 942 795 976 σιτ
841 963 853 974 t
878 946 956 975 ms.

287 1068 391 1111 Post
414 1067 587 1110 tertium
615 1074 775 1106 annum
818 1061 1032 1104 ariditatis
1054 1067 1094 1102 et
1116 1058 1239 1100 samis
1266 1056 1375 1099 dixit
1394 1054 1478 1098 Do-

231 1141 373 1184 minus
396 1138 449 1182 ad
475 1138 628 1179 Eliam.
660 1151 673 1177 ε
703 1133 839 1185 Vade,
865 1133 1043 1176 os‘cnde
1070 1139 1110 1174 te
1127 1129 1292 1181 Achab,
1308 1135 1356 1171 ut
1379 1128 1475 1171 dem

232 1213 418 1269 pluviam
447 1217 755 1266 superterram
792 1206 887 1263 (111
919 1206 1018 1260 Rey.
1045 1205 1186 1256 xviii).
1222 1219 1234 1244 ι
1267 1201 1369 1244 Erat
1400 1214 1476 1242 au-

233 1293 314 1330 tem
346 1284 480 1328 fames
509 1283 735 1325 vehemens
759 1282 804 1324 in
826 1278 1039 1328 Samaria,
1075 1277 1200 1331 cujus
1223 1275 1352 1320 etiam
1384 1286 1475 1317 me·

180 1352 183 1356 ’
232 1357 356 1401 minit
393 1355 623 1400 Menander
658 1353 865 1398 iri—Gestis
894 1344 1188 1395 Sidoniorum.
1221 1363 1234 1388 ι
1264 1348 1316 1390 Et
1343 1346 1475 1392 bahe—
1499 1361 1533 1403 B

230 1431 303 1472 bat
332 1427 479 1472 Achab
515 1432 838 1483 procuratorem
868 1424 1022 1467 domus
1056 1435 1144 1466 suae
1173 1420 1372 1471 Abdiam,
1400 1420 1475 1475 qui

231 1513 330 1546 cum
353 1502 609 1547 interficeret
631 1499 802 1543 lezabel
826 1496 1058 1554 prophetas
1083 1494 1269 1547 Domini,
1294 1495 1478 1538 abscon-

231 1576 292 1618 dit
336 1579 506 1617 centum
558 1571 789 1628 prophetas
822 1570 866 1611 in
895 1568 1062 1611 duabus
1090 1565 1326 1622 speluncis,
1357 1565 1480 1619 quin-

230 1660 450 1705 quagenos
479 1652 544 1690 *et
591 1645 706 1701 pavit
749 1655 823 1687 eos
874 1653 985 1698 pane
1029 1647 1073 1683 ct
1131 1649 1268 1694 aqua:
1311 1652 1326 1678 ι
1368 1635 1477 1686 Pro-

230 1730 325 1778 pter
362 1720 478 1778 quod
517 1727 667 1775 postea
723 1717 874 1772 spiritu
910 1713 1145 1771 prophetiae
1172 1712 1359 1755 donatus
1392 1717 1472 1755 est.

230 1794 294 1838 Ad
318 1807 445 1851 quem
473 1793 580 1837 dixit
602 1792 750 1835 Achab
778 1803 787 1831 ;
822 1804 835 1829 κ
868 1787 1188 1832 Descendamus
1220 1785 1272 1827 ad
1302 1783 1478 1827 conval-

231 1870 311 1921 les,
330 1874 373 1911 ct
395 1879 639 1923 quaeramus
670 1863 825 1919 pabula
857 1861 981 1917 equis
1006 1865 1048 1904 et
1070 1859 1217 1928 mulis.
1250 1874 1265 1900 ι
1291 1856 1344 1899 Ει
1368 1855 1478 1900 divi-

230 1949 377 1987 serunt
401 1939 485 1984 sibi
504 1938 716 1994 regiones.
736 1935 936 1978 Occurrit
959 1939 1100 1980 autem
1124 1931 1242 1975 Elias
1265 1929 1415 1977 Abdiae
1434 1930 1476 1972 in

232 2015 315 2067 via,
333 2012 483 2056 dicens
511 2025 519 2053 ι
553 2026 566 2049 ι
601 2008 733 2059 Vade,
760 2008 831 2051 dic
855 2006 1031 2050 dominu
1047 2009 1123 2048 tuo
1151 2016 1162 2044 ε
1188 2002 1320 2048 Adest
1343 2002 1474 2047 Elias.

229 2086 282 2129 At
303 2085 403 2128 ille:
430 2083 537 2135 Quid
573 2080 776 2138 peccavi?
826 2078 1006 2132 Quando
1039 2077 1250 2121 nuntiabo
1306 2076 1474 2130 Achab,

230 2160 351 2204 adest
371 2156 505 2205 Elias,
526 2156 703 2211 spiritus
725 2153 893 2197 Domini
922 2152 1159 2208 asportabit
1180 2156 1221 2194 te
1245 2151 1288 2193 in
1315 2150 1474 2202 locum,

230 2244 356 2287 quem
381 2231 547 2286 ignoro,
579 2235 620 2271 ct
645 2240 727 2269 non
754 2226 979 2270 inveniens
1003 2230 1045 2268 te
1076 2222 1225 2267 Achab
1249 2222 1478 2267 interficiet

230 2317 314 2348 me.
340 2302 499 2347 Servus
530 2308 670 2344 autem
699 2308 799 2343 tuus
824 2302 942 2342 timet
967 2297 1195 2341 Dominum
1220 2297 1274 2342 ab
1295 2297 1477 2341 infantia

231 2391 324 2422 sua.
366 2376 417 2418 Et.
448 2378 503 2419 ait
518 2374 787 2419 Ellamvivit
820 2373 1045 2423 Dominus,
1071 2373 1171 2428 quia
1194 2371 1322 2415 hodie
1345 2383 1477 2428 appa-

229 2449 334 2492 rebo
363 2447 526 2491 Achab.
562 2463 575 2488 ›
604 2446 658 2488 Et
690 2453 869 2490 vocatus
899 2444 1048 2487 Achab
1076 2455 1152 2499 per
1170 2442 1371 2493 Atidium,
1400 2454 1474 2487 oc—

230 2522 367 2566 currit
405 2521 518 2569 Eliae,
549 2526 596 2563 et.
620 2520 679 2562 ait
707 2532 763 2563 :.‹
794 2517 915 2561 Tune
943 2529 988 2562 es
1016 2516 1121 2559 ille?
1144 2515 1217 2571 qui
1241 2514 1474 2559 conturbas

230 2593 379 2638 lsrael.
398 2593 479 2646 Qui
499 2592 721 2647 respondit
736 2607 747 2637 z
762 2590 856 2634 Non
879 2602 957 2646 ego
981 2589 1168 2640 turbavi,
1197 2589 1272 2632 sed
1290 2594 1331 2633 et
1353 2594 1416 2640 tu,
1432 2592 1475 2632 ct

230 2671 383 2714 domus
408 2669 543 2726 patris
572 2667 650 2721 tui,
667 2668 740 2722 qui
771 2667 1063 2721 relinquentes
1089 2660 1318 2707 Dominum
1336 2663 1474 2708 secuti

230 2743 335 2785 estis
362 2741 476 2782 Baal-
495 2734 798 2789 Vetumtameu
823 2746 1036 2792 congrega
1068 2734 1120 2776 ad
1143 2746 1211 2776 me
1235 2730 1478 2778 omnemls-

230 2813 318 2856 rael
343 2812 384 2855 in
410 2818 552 2855 monte
576 2807 778 2860 Carmeli,
805 2813 847 2853 et
874 2808 1108 2864 prophetas
1131 2806 1233 2850 Baal
1267 2806 1473 2863 quadrin-

231 2891 383 2941 gentos
406 2884 735 2940 ‹piinquaginta,
754 2888 795 2925 et
812 2881 1042 2937 prophetas
1066 2881 1260 2922 lucorum
1275 2877 1476 2935 quadrin-

231 2964 382 3012 gentos
415 2956 488 3011 qui
515 2954 745 3005 comedunt
769 2953 822 2997 dc
846 2964 994 2996 mensa
1024 2950 1212 2995 lezabel.
1246 2967 1260 2993 ι
1295 2951 1347 2999 Et
1369 2965 1474 2996 con-

230 3029 396 3083 gregati
419 3032 519 3071 sunt
531 3025 731 3083 populus,
750 3031 794 3078 et
810 3023 1029 3081 prophetoe
1047 3016 1256 3090 inpm‘onte
1269 3022 1474 3082 Carmeli.

232 3094 283 3141 Et
319 3099 376 3140 ait
398 3097 513 3141 Elias
542 3097 595 3140 ad
633 3097 837 3157 populum
867 3110 876 3140 :
911 3112 925 3137 ‹
955 3094 1191 3151 Usquequo
1223 3097 1475 3141 claudicatis

235 3171 277 3214 in
298 3173 406 3215 duas
427 3176 588 3226 partes.
609 3169 653 3213 Si
680 3169 887 3213 Dominus
910 3176 1080 3225 patruni
1102 3177 1343 3213 vestrorum
1363 3168 1475 3214 Deus

231 3249 314 3296 est,
361 3243 590 3301 sequimini
637 3243 788 3295 illum;
822 3241 860 3285 si
905 3245 1046 3286 autem
1078 3237 1196 3293 Rani,
1244 3240 1474 3298 sequimini

231 3327 346 3359 eum.
382 3330 396 3356 t
421 3314 514 3358 Non
538 3314 823 3370 respondente
843 3321 982 3356 autem
1007 3314 1162 3370 populo
1183 3310 1471 3357 intulitElias:

237 3402 251 3429 c
283 3385 370 3444 Ego
390 3399 487 3437 sum
520 3388 591 3430 liic
622 3387 739 3444 solus
762 3386 969 3442 propheta
989 3385 1177 3437 Domini,
1195 3394 1235 3430 et
1256 3387 1476 3443 prophetae

233 3456 336 3503 Baal
358 3460 499 3504 multi.
530 3457 692 3504 Dentur
712 3455 834 3518 nobis
856 3460 941 3502 (luo
961 3460 1107 3511 boves,
1139 3461 1197 3502 illi
1216 3460 1376 3515 eligant
1399 3460 1475 3509 bo-

233 3542 326 3576 vem
348 3544 496 3584 unum,
519 3532 642 3587 cujus
666 3531 802 3576 frusta
819 3538 972 3587 ponent
996 3542 1126 3589 super
1146 3532 1259 3588 ligna
1276 3533 1372 3588 igne
1388 3544 1476 3576 non

235 3606 473 3660 supposito,
514 3613 556 3650 et
577 3617 656 3661 ego
693 3604 847 3648 faciam
875 3606 1072 3649 similiter
1102 3606 1155 3650 de
1179 3606 1313 3650 altero
1350 3606 1473 3650 bove.

234 3675 318 3732 ipsi
353 3677 612 3720 invocabunt
647 3678 750 3721 deos
773 3690 890 3727 suos,
924 3686 966 3721 ct
983 3689 1064 3734 ego
1086 3676 1218 3721 Deum
1246 3691 1404 3730 meum,
1434 3683 1476 3722 et

233 3748 307 3803 qui
346 3749 602 3800 exaudierit,
643 3749 785 3792 dando
811 3751 951 3805 ignem
992 3749 1045 3793 ‹le
1071 3749 1261 3801 sublimi,
1289 3749 1380 3806 ipse
1419 3750 1475 3793 sit

234 3819 363 3865 Deus.
395 3838 409 3863 ι
438 3821 491 3864 Et
512 3822 671 3878 placuit
693 3824 850 3880 popul«)
877 3823 1115 3879 propositio
1134 3823 1252 3867 Eiiae.
1281 3823 1476 3879 Cumque

234 3893 479 3939 sacerdotes
514 3893 615 3938 Baal
647 3895 849 3940 fecissent
887 3896 1002 3951 quod
1040 3897 1224 3949 dixerat,
1255 3911 1270 3938 ‹
1299 3900 1474 3941 invoca-

232 3964 337 4007 bant
366 3960 469 4007 Baal
492 3976 515 4007 a
541 3978 666 4022 mane
683 3977 826 4025 ‚usque
850 3966 901 4009 ad
926 3967 1172 4022 meridiem,
1194 3971 1236 4012 ct
1260 3968 1476 4012 transilie-

235 4035 339 4078 bant
374 4036 526 4087 altare,
547 4037 661 4091 quod
688 4024 899 4092 ¹fecerant,
924 4043 965 4081 et
993 4038 1239 4083 incidebant
1262 4053 1324 4092 se,
1354 4041 1476 4096 iuxta

233 4107 364 4149 ritum
390 4119 515 4151 sunm
539 4106 759 4160 lanceolis,
787 4109 844 4151 ita
863 4117 911 4152 ut
933 4111 1141 4166 sanguine
1166 4111 1478 4167 perfunderen-

232 4182 320 4222 tur.
352 4195 367 4220 ι
395 4178 615 4223 Daemones
648 4180 761 4223 enim
786 4179 1016 4236 plurimum
1053 4183 1318 4228 delectantur
1357 4186 1478 4230 obla-

233 4238 352 4295 tione
375 4252 598 4307 sanguinis
621 4252 831 4297 humani'.
854 4268 868 4293 ‹
892 4253 945 4296 Et
968 4255 1172 4299 illudebat
1190 4261 1253 4301 eis
1277 4257 1391 4302 Elias
1413 4259 1477 4302 di-

203 4339 205 4342 ⁴
234 4333 365 4367 cens:
392 4323 583 4385 Exaltate
596 4325 844 4379 clamorem,
868 4326 978 4371 sorte
999 4327 1112 4373 Deus
1134 4336 1275 4375 vester
1298 4331 1475 4384 dormit,

231 4398 308 4443 aut
344 4407 441 4441 cum
473 4397 616 4452 aliquo
638 4396 720 4441 alio
741 4385 947 4454 loquitur,
968 4406 1041 4443 aut
1062 4401 1102 4443 in
1136 4403 1375 4447 diversorio
1392 4412 1473 4449 cst.

235 4463 288 4511 Et
322 4467 429 4512 dixit
454 4469 567 4514 Elias
593 4470 643 4512 ad
672 4472 874 4526 pupulum
898 4488 907 4516 z
928 4473 1142 4519 Accedite.
1179 4476 1227 4519 Et
1266 4465 1477 4532 praesente

1552 364 1635 407 rat,
1670 369 1689 400 r
1713 358 1755 402 id
1772 364 1839 403 est
1857 358 2073 402 destruxit
2094 360 2230 404 altare
2253 374 2419 412 eorum,
2436 368 2480 406 et
2504 363 2801 408 mundavitlo-

1553 424 1668 482 cum,
1695 437 1744 474 ut
1767 430 1825 474 ibi
1866 430 2028 475 faceret
2067 433 2203 475 altare
2243 446 2401 490 novum
2424 446 2570 478 coram
2601 434 2801 481 Domino.

1557 517 1572 543 a
1603 502 1654 545 Et
1675 503 1771 546 tulit
1783 503 2010 547 duodecim
2035 504 2198 558 lapides
2212 504 2337 559 juxta
2361 517 2589 550 numerum
2613 506 2804 551 tribuum

1553 573 1700 627 lsrael,
1725 582 1766 619 et
1795 576 2024 619 aedificavit
2042 589 2096 620 ex
2122 578 2186 621 eis
2209 576 2344 620 altare
2367 577 2410 618 in
2436 578 2612 622 nomine
2634 577 2804 622 Domini

1553 647 1702 692 lsrael.
1732 647 1783 691 Et
1817 647 1917 692 fecit
1947 651 2247 704 aquaeluctum
2285 651 2327 692 in
2350 649 2537 692 circuitu
2555 649 2703 693 altaris
2728 661 2807 706 per

1553 719 1642 764 duo
1679 721 1790 764 loca.
1818 710 1881 762 Et
1904 720 2017 777 ligna
2041 720 2347 777 superposuit,
2366 726 2407 764 et
2446 721 2639 764 membra
2660 721 2803 775 boris,
2871 745 2875 748 ·

1554 794 1844 849 praeecpitque
1876 792 2021 836 afferri
2046 805 2219 849 aquam,
2252 808 2266 833 i
2295 793 2405 837 sorte
2425 792 2478 836 de
2512 793 2622 836 mari
2646 792 2804 845 vicino,

1560 882 1575 907 ι
1603 873 1647 909 et
1667 864 1817 909 eliudit
1849 877 1982 920 super
2012 866 2312 909 holocaustum
2366 871 2408 909 ct
2439 864 2570 922 ligna.
2617 864 2668 908 Et
2691 863 2808 910 facta

1555 943 1622 985 est
1639 943 1762 981 terna
1774 936 1926 982 effusio
1944 949 2081 992 aquae,
2097 950 2234 994 usque
2255 938 2308 980 ad
2334 939 2652 992 implectionem
2665 950 2806 995 aquae-

1557 1010 1729 1059 ductus,
1748 1020 1802 1052 ne
1821 1006 1930 1052 forte
1955 1015 2176 1064 putaretur
2193 1015 2286 1052 arte
2305 1010 2468 1065 magica
2491 1009 2544 1053 de
2567 1012 2808 1056 visceribus

1556 1087 1683 1126 terrae
1703 1082 1939 1127 suscitasse
1962 1082 2120 1137 ignem.
2146 1081 2197 1123 Et
2221 1083 2422 1125 clamavit
2447 1082 2562 1126 Elias
2580 1083 2634 1126 ad
2658 1081 2807 1126 Domi·
2871 1082 2883 1140 ζ’

1555 1166 1666 1199 num¹
1688 1155 1730 1198 in
1748 1155 1927 1199 auribus
1957 1155 2104 1211 populi
2136 1171 2143 1198 :
2177 1170 2191 1196 ‹
2218 1154 2396 1199 Domine
2417 1155 2529 1199 Deus
2544 1162 2712 1211 patrum
2733 1168 2809 1199 nc-
2883 1166 2889 1181 ··

1557 1231 1767 1279 istrorum,
1791 1226 1949 1270 exaudi
1983 1227 2217 1276 mehedie,
2255 1235 2302 1271 ut
2334 1227 2472 1272 discat
2497 1229 2682 1284 populus
2706 1229 2805 1283 iste,
2884 1252 2889 1279 =.

1556 1300 1657 1354 quia
1690 1307 1734 1343 tu
1758 1311 1805 1343 es
1842 1298 2054 1343 Dominus
2086 1299 2217 1344 Deus.
2245 1300 2296 1343 Et
2327 1300 2593 1346 descendeus
2614 1302 2727 1358 ignis
2753 1301 2807 1346 de
2834 1294 2837 1297 ’

1557 1364 1758 1425 sublimi,
1773 1372 1938 1415 voravit
1961 1372 2277 1423 holocaustum,
2312 1380 2354 1416 et
2386 1373 2516 1430 ligna,
2559 1379 2602 1417 et
2623 1366 2830 1430 lapidea

1559 1444 1863 1502 pulverem,het
1893 1457 2069 1502 aquam,
2098 1457 2194 1502 quae
2221 1452 2315 1490 erat
2356 1446 2399 1489 in
2424 1446 2675 1502 aquaeductu
2698 1448 2806 1492 lam-

1558 1515 1682 1567 bens,
1698 1522 1740 1558 et
1764 1515 1960 1573 adoravit
1984 1517 2185 1575 populus,
2207 1525 2247 1560 et
2273 1518 2330 1560 ait
2357 1530 2366 1559 ε
2402 1517 2612 1562 Dominus
2636 1517 2806 1574 ipseest

1558 1583 1687 1628 DeuS.
1721 1581 1816 1629 »Et
1846 1588 2080 1630 mandante
2112 1585 2204 1631 Elia
2242 1576 2619 1644 apprehenderunt
2656 1602 2806 1634 onmes

1557 1656 1791 1712 prophetas
1805 1656 1923 1708 Baal,
1947 1658 2216 1701 etduxerunt
2233 1659 2286 1701 ad
2303 1664 2539 1703 torrentem
2561 1658 2711 1709 Cison,
2731 1673 2745 1699 c
2763 1666 2807 1702 et

1559 1728 1772 1786 interfecit
1796 1742 1871 1774 eos
1895 1730 1952 1773 ibi
1989 1730 2121 1773 Elias.
2153 1729 2204 1773 Et
2242 1733 2302 1775 ait
2324 1731 2377 1775 ad
2402 1731 2549 1775 Achab
2574 1741 2584 1772 ε
2609 1732 2806 1777 Ascende

1558 1807 1600 1845 et
1624 1803 1802 1847 comede
1836 1810 1934 1847 ante
1974 1804 2231 1848 descensum
2272 1805 2442 1861 pluviae.
2473 1805 2524 1847 Et
2556 1807 2806 1852 comedente

1557 1877 1729 1929 Achab,
1752 1871 1870 1920 Elias
1893 1878 2088 1922 ascendit
2111 1880 2314 1922 verticem
2346 1879 2547 1931 Carmeli,
2573 1887 2616 1923 et
2642 1893 2806 1936 pronun

1557 1950 1600 1993 in
1627 1957 1786 1994 terram
1807 1951 1948 2008 capite
1971 1951 2176 1996 inclinato
2194 1951 2308 1996 inter
2331 1965 2469 2009 genua
2493 1954 2661 2007 orabat,
2680 1960 2724 1998 ct
2744 1956 2807 2000 ait

1557 2023 1611 2068 ad
1651 2036 1832 2080 puerum
1856 2036 1983 2070 suum
2010 2037 2020 2066 ε
2052 2024 2157 2071 Vide
2184 2035 2334 2069 contra
2376 2039 2509 2075 mare,
2537 2041 2574 2072 si
2602 2028 2807 2072 ascendat

1558 2097 1712 2141 nubes.
1747 2112 1760 2130 =
1791 2095 1895 2140 Erat
1924 2097 2039 2141 enim
2074 2109 2148 2142 aer
2166 2100 2486 2145 serenissimus.
2507 2100 2561 2143 Et
2584 2101 2643 2145 ait
2667 2113 2804 2158 puer:

1561 2184 1576 2210 ι
1607 2169 1700 2213 Non
1733 2178 1800 2215 est
1823 2170 2076 2226 quidquam.
2110 2187 2123 2214 ι
2150 2171 2204 2214 Et
2224 2173 2344 2217 misit
2377 2185 2474 2217 euni
2495 2177 2667 2229 septies.
2695 2173 2806 2230 Sep·

1557 2243 1664 2285 tima
1701 2248 1843 2287 autem
1869 2243 1961 2286 vice
1981 2243 2242 2287 ascendebat
2265 2239 2477 2288 nubecula
2511 2245 2563 2290 de
2582 2245 2706 2294 mari,
2733 2258 2808 2289 ex-

1557 2327 1775 2366 crescens,
1796 2316 1998 2373 usquead
2020 2315 2210 2362 hominis
2230 2307 2532 2374 quantitatem.
2552 2317 2604 2362 Et
2620 2319 2681 2362 ait
2692 2318 2807 2363 Elius

1558 2389 1611 2432 ad
1632 2388 1780 2434 Achab
1810 2405 1819 2434 ι
1850 2404 1866 2430 ι
1891 2389 2113 2435 Descende
2134 2390 2220 2435 cito
2237 2391 2280 2434 in
2303 2390 2517 2444 Jezrahel,
2539 2404 2594 2437 ne
2615 2398 2659 2436 te
2682 2403 2810 2436 occu·

1557 2467 1627 2517 pet
1650 2462 1810 2517 pluvia,
1843 2477 1857 2504 ι
1890 2461 1938 2512 Et
1957 2474 2059 2507 ecce
2086 2457 2384 2507 contenebrati
2405 2470 2506 2507 sunt
2530 2463 2644 2516 coeli,
2668 2471 2710 2508 et
2733 2477 2812 2508 nu-

1556 2536 1649 2586 bes,
1669 2541 1711 2579 et
1735 2542 1907 2586 ventus,
1927 2547 1969 2579 ct
1993 2536 2137 2591 pluria
2165 2536 2277 2596 iaetu
2301 2543 2367 2591 est
2395 2536 2584 2594 grandis.
2611 2535 2809 2581 Festina-

1555 2610 1616 2653 vit
1639 2615 1782 2653 autem
1805 2608 1955 2670 Achab
1979 2610 2021 2653 in
2037 2609 2251 2661 lezi-abel,
2273 2615 2315 2661 et
2333 2609 2449 2653 sacta
2468 2597 2538 2658 est
2557 2623 2712 2654 manus
2724 2609 2811 2654 Do·

1555 2683 1662 2735 mini
1684 2695 1816 2741 super
1835 2683 1992 2735 Etiam,
2007 2691 2050 2729 et
2072 2685 2271 2730 currebat
2285 2692 2384 2729 ante
2402 2685 2568 2738 Achab,
2589 2687 2735 2731 ‚donec
2749 2687 2812 2729 in-

1555 2761 1690 2800 traret
1712 2757 1879 2801 urbem.
1905 2756 2101 2814 Cumque
2123 2761 2362 2815 accepisset
2376 2754 2564 2811 Iezabel,
2583 2754 2679 2815 quai
2696 2758 2812 2804 sece-

1556 2837 1624 2874 rat
1646 2830 1764 2874 Elias
1787 2830 2008 2888 prophetis
2031 2831 2141 2882 suis,
2168 2826 2391 2892 indignata·
2415 2832 2534 2888 misit
2554 2827 2731 2876 nuntius
2755 2832 2806 2875 ad

1555 2901 1693 2946 Eliam
1716 2902 1867 2948 dicens
1893 2914 1902 2943 :
1935 2918 1949 2943 ι
1980 2900 2082 2957 Haec
2113 2901 2409 2948 faciant'mihi
2433 2902 2511 2954 dii,
2535 2901 2598 2948 'et>
2614 2903 2705 2948 baec
2727 2904 2809 2946 ad-

1556 2972 1661 3017 dant
1681 2975 1734 3022 ””,
1758 2972 1844 3016 nisi
1876 2985 1974 3017 cras
1997 2973 2078 3017 hac
2101 2973 2207 3016 hora
2228 2961 2420 3030 posuero
2449 2974 2637 3018 animam
2670 2981 2806 3024 tuum.

1556 3046 1674 3090 sicut
1699 3051 1747 3090 tu
1783 3046 1969 3103 posuisti
2004 3046 2191 3090 animam
2230 3046 2359 3091 unius
2383 3059 2436 3091 ex
2474 3046 2560 3091 illis
2587 3046 2681 3105 (111
2704 3045 2806 3106 Rea.

1556 3120 1677 3178 xix)..
1747 3127 1749 3130 ’
2031 3153 2036 3163 1

1612 3194 1628 3210 ·
1659 3190 1835 3239 Ἀάάᾶιίυ
1878 3193 1917 3236 1.
1963 3192 2120 3238 Amare
2167 3193 2385 3239 daemones
2426 3194 2679 3250 sanguinem
2723 3195 2808 3242 hu·-

1556 3276 1732 3308 manum
1756 3264 1859 3309 dicit
1891 3263 2100 3318 isidorus,
2124 3277 2220 3323 cap.
2267 3266 2322 3310 58
2348 3280 2358 3309 :
2387 3265 2487 3311 Ideo
2511 3268 2682 3323 quoties
2730 3281 2808 3312 ne·

1557 3334 1796 3376 cremantia
1819 3335 1883 3387 tit,
1913 3346 2043 3377 cruor
2066 3346 2188 3390 aquae
2211 3333 2438 3395 miscetur,
2467 3340 2522 3378 ut·
2538 3336 2683 3383 colore
2707 3346 2809 3382 san-
2839 3349 2844 3354 ·

1557 3407 1702 3462 guinis
1725 3405 2200 3470 facilius-provocetur.
2257 3402 2261 3405 Δ
2539 3413 2540 3416 ’

1615 3482 1648 3498 ··
1685 3478 1856 3523 Additio
1902 3479 1945 3524 2.
1998 3480 2120 3532 Sicut
2145 3482 2189 3524 in
2237 3476 2572 3528 salutationibus
2611 3475 2807 3536 verbum,

1558 3560 1732 3610 propter
1762 3554 1945 3597 nimium
1973 3555 2190 3607 affectum,
2216 3569 2302 3600 non
2326 3557 2516 3616 ponitur,
2537 3566 2583 3602 ut
2604 3558 2720 3615 quod
2743 3561 2809 3606 vis

1557 3627 1840 3682 intelligatur,
1873 3628 1931 3671 ita
1955 3631 2001 3688 in
2033 3629 2294 3685 huiusmodi-
2312 3630 2608 3677 'locutionibus
2632 3633 2810 3679 demon·

1557 3687 1785 3742 strativum
1808 3711 2047 3755 pronomen
2074 3702 2265 3757 ponitur,
2290 3709 2336 3744 ut
2369 3702 2658 3760 quodcunque
2679 3704 2808 3749 etiam

1557 3772 1716 3814 malum
1743 3773 1827 3816 sibi
1849 3773 2047 3818 accidere
2071 3779 2286 3830 precetur,
2311 3774 2397 3820 nisi
2421 3776 2505 3820 hoc
2530 3776 2618 3820 flat.

1585 3879 1687 3922 Car.
1717 3878 1906 3924 XXXVl.
1923 3902 1979 3913 -—
1996 3881 2057 3924 De
2072 3882 2173 3938 [uqa
2191 3881 2314 3935 Etioe,
2339 3890 2379 3926 et
2402 3885 2614 3927 vocatione
2631 3882 2778 3928 Eli-sei.
2855 3924 2860 3937 -.

1622 3957 1710 4011 «Et
1737 3968 1893 4013 timens
1917 3964 2035 4014 Elias
2059 3969 2167 4027 fugit
2190 3970 2234 4013 in
2261 3969 2487 4026 Bersabee,
2511 3979 2553 4016 et
2574 3971 2739 4016 dimisit
2750 3970 2810 4016 ibi

1560 4052 1743 4097 puerum
1774 4050 1918 4093 suum,
1952 4059 1964 4082 i
1993 4040 2165 4094 Jonam,
2186 4047 2234 4086 ut
2266 4043 2458 4095 tradunt,
2492 4059 2508 4086 ι
2536 4045 2580 4088 et
2600 4044 2719 4088 solus
2741 4044 2809 4088 in-

1558 4115 1688 4160 travit
1712 4115 1756 4158 in
1768 4114 1985 4159 desertum
2005 4117 2118 4159 viam
2136 4116 2264 4160 unius
2291 4116 2393 4161 diei.
2409 4116 2462 4159 Et
2484 4113 2809 4162 sedens’subter
2869 4167 2878 4172 -

1557 4195 1687 4229 unam
1708 4187 1973 4242 juniperum,
2001 4188 2139 4231 oravit
2167 4193 2215 4231 ut
2234 4182 2575 4240 morereturibi','
2596 4203 2611 4230 s
2639 4189 2806 4239 dicens.

1558 4270 1606 4303 se
1636 4271 1721 4302 non
1747 4270 1843 4317 esse
1868 4259 2104 4311 meliorem,
2125 4260 2169 4304 id
2198 4266 2264 4306 est
2288 4260 2524 4318 digniorem
2542 4262 2648 4314 vita,
2674 4262 2808 4318 patri·
2873 4294 2876 4299 .

1558 4330 1659 4392 bus,
1682 4334 1746 4384 ut,
1772 4332 1858 4375 illis
1872 4333 2070 4390 perditis,
2095 4335 2186 4388 ipse
2203 4333 2346 4377 vivere
2361 4326 2599 4390 exoptaret,
2619 4349 2635 4375 ι
2652 4338 2695 4377 et
2705 4331 2807 4389 pro-

1553 4403 1708 4459 jiciens
1730 4416 1776 4448 se
1811 4403 2086 4448 obdormivit.
2114 4403 2236 4448 Tunc
2265 4405 2443 4460 angelus
2470 4401 2638 4448 Domini
2668 4405 2808 4459 tetigit

1556 4490 1670 4529 eum,
1687 4477 1836 4522 dicens
1864 4491 1874 4518 t
1904 4475 2056 4533 Surge,
2086 4477 2276 4522 comede.
2297 4476 2349 4519 Et
2371 4490 2471 4522 ecce
2493 4478 2544 4521 ad
2569 4477 2807 4533 caputejus
2867 4535 2875 4551 οἳ
