2924 4588
147 148 251 194 ¹201

146 243 310 281 tantum
350 235 601 293 intelligitur
636 236 922 291 prohibei-vn

143 323 171 365 p
197 310 366 354 attibuit
399 320 539 353 esum
556 309 804 364 sanguinis,
834 309 969 364 quod
988 310 1120 354 etiam
1151 321 1290 363 av,cm
1308 311 1376 354 vel

141 380 294 435 feram,
327 381 550 436 aucupio,
556 379 626 423 vei
650 380 880 424 venatIone
900 387 1091 438 captam,
1123 381 1257 427 voluit
1278 381 1376 426 fuso

140 454 352 508 sanguine
377 453 419 496 in
440 459 599 496 terram
629 460 672 496 et
703 458 855 508 operto
883 454 1068 498 comedi.
1102 453 1156 499 Et
1176 454 1373 499 addidit:

143 538 159 566 ‹
186 523 292 567 Nam
318 523 462 572 anima
497 523 804 569 omniscarnis
831 524 874 569 iu
898 527 1107 581 sauguine
1127 533 1194 583 est
1221 527 1371 583 (Lavit.

137 599 261 652 xvii).
282 613 303 647 ,³

196 669 404 718 'Additio
427 671 463 714 l.
500 667 610 726 Nota
645 671 746 727 quia
784 672 847 716 sic
883 675 1085 729 apposuit
1103 674 1372 731 Augustinus

135 741 223 799 bic,
249 747 391 786 tamen
410 741 546 800 Judaei
563 755 649 786 non
668 744 899 787 comedunt
917 746 1085 799 adipem
1113 747 1260 789 mundi
1279 747 1374 788 ani-

134 813 278 867 malis,
293 813 459 857 scilieet
475 814 592 868 quod
615 811 758 858 offerri
795 828 879 859 non
903 816 1019 868 licet,
1038 829 1263 861 cervorum
1285 819 1371 861 sci·

134 886 252 936 licet,
268 885 540 931 damularum
569 894 612 930 et
633 886 910 942 liujusmodi3
939 887 1123 942 adipem,
1160 889 1233 943 qui
1259 888 1372 931 sole-

135 957 209 1002 bat
230 958 391 1012 offerri,
415 973 500 1004 non
525 960 675 1013 edunt,
702 960 777 1003 sed
816 961 976 1004 habent
1010 961 1054 1003 in
1077 962 1222 1004 varios
1245 973 1368 1014 usus,

133 1033 186 1084 ad
207 1033 380 1076 modum
399 1033 538 1090 adipis
556 1033 787 1078 morticini.

189 1105 414 1152 Λ··ααὶιιό
437 1106 479 1150 2.
513 1106 584 1150 Vel
618 1107 793 1150 nomine
817 1106 994 1161 spiritus
1019 1106 1139 1159 dicit,
1171 1119 1258 1163 quo
1277 1118 1368 1150 me-

132 1139 278 1227 diante
298 1178 575 1234 coniungitur
606 1179 749 1221 anima
784 1178 973 1234 corpori,
1010 1190 1096 1234 quo
1115 1179 1244 1222 etiam
1278 1178 1370 1233 pal·

130 1249 360 1304 pitatcaro
396 1249 490 1293 sino
511 1250 672 1292 anima.
721 1249 872 1294 Unde:
904 1265 919 1290 ι
956 1248 1214 1304 Benedicite,
1240 1249 1368 1303 spiri-

130 1326 200 1366 tus
214 1326 254 1364 et
275 1320 659 1376 animaej-nstorum
684 1321 867 1366 Domino
888 1321 1019 1378 (Dan.
1043 1321 1126 1378 ui).
1159 1337 1172 1362 ι

174 1405 277 1452 Car.
302 1406 409 1452 xlll.
434 1409 492 1453 De
511 1412 821 1474 consecratione
847 1411 1000 1453 summi
1021 1413 1266 1467 sacerdotis,
1288 1422 1326 1456 et
1360 1422 1363 1426 ’

637 1479 863 1509 minorum.

108 1522 124 1536 ”
183 1538 342 1583 Iterum
362 1538 565 1595 praecepit
589 1538 801 1583 Dominus
825 1539 980 1596 Moysi,
1005 1546 1052 1583 ut
1082 1539 1274 1596 initiaret
1288 1541 1369 1583 Aa·

126 1626 206 1657 ron
228 1623 275 1667 ,et
294 1613 406 1658 iil-ios
429 1614 524 1668 ejus
560 1613 603 1655 in
621 1614 868 1657 sacerdotes
889 1614 1037 1668 (Lavit.
1056 1615 1172 1670 viu).
1195 1614 1247 1657 Et
1267 1622 1367 1657 tunc

127 1696 279 1728 onmes
311 1684 486 1740 quidem
507 1683 581 1726 lilii
605 1684 750 1727 Aaron
773 1683 1015 1727 consecrati
1050 1691 1166 1735 sunt,
1186 1686 1259 1726 sed
1281 1696 1364 1741 non

125 1769 278 1803 omnes
302 1764 451 1812 postea
493 1758 546 1801 de
581 1769 736 1814 genere
760 1757 914 1812 ipsius.
962 1756 1114 1801 Caecus
1138 1756 1269 1808 enim,
1299 1755 1366 1797 vel

125 1829 328 1883 claudus,
363 1829 399 1873 si
433 1831 602 1886 grandi,
629 1829 694 1874 vel
718 1842 866 1885 parvo,
900 1837 982 1872 aut
1018 1835 1133 1873 torto
1171 1840 1296 1880 naSO,
1328 1829 1365 1871 si

123 1898 350 1958 gibbosus,
375 1905 450 1943 aut
475 1899 720 1950 herniosus,
746 1900 783 1943 si
804 1900 951 1959 jugem
973 1899 1162 1944 scabiem
1183 1899 1363 1952 babens,

125 1971 192 2016 vcl
229 1960 538 2030 impetiginem,
567 1975 617 2017 de
644 1973 807 2017 semine
829 1974 972 2017 Aaron
997 1981 1104 2026 erat,
1138 1986 1224 2017 non
1241 1980 1366 2029 pote-

123 2052 192 2087 rat
211 2044 474 2099 ministrare,
510 2059 588 2090 nec
619 2047 778 2089 intrare
800 2048 1112 2099 sanctuarium,
1131 2045 1366 2090 vesceban-

126 2124 196 2162 tur
230 2125 374 2165 tamen
406 2120 607 2175 panibus,
633 2120 703 2175 qul
725 2118 1018 2165 offerebantur
1049 2122 1091 2164 in
1117 2123 1364 2164 sanctuario

125 2190 275 2245 (Levit.
321 2193 430 2247 xxi).
471 2191 586 2237 Tulit
610 2204 714 2248 ergo
741 2191 925 2248 Moyses,
958 2193 1082 2249 jutta
1105 2200 1364 2248 praeceptum

125 2263 315 2318 Domini,
337 2263 499 2317 Aaron,
521 2271 563 2309 et
587 2265 698 2308 lilios
726 2264 840 2321 ejus,
862 2272 1090 2320 vestesque
1116 2274 1304 2319 sanctas,
1323 2272 1366 2308 et

124 2336 266 2380 oleum
304 2329 540 2389 unctionis,
561 2337 754 2381 vitulum
784 2349 975 2392 quoque,
1005 2337 1217 2380 etarietes
1233 2337 1361 2390 duos,

123 2418 166 2455 ct
205 2409 441 2457 eanistrum
478 2423 590 2456 ,cum
645 2413 781 2455 tribus
827 2411 1055 2467 generibus
1097 2422 1362 2466 azymorum,

125 2491 258 2529 tortas
278 2475 442 2528 scilicet
464 2485 604 2539 panis,
622 2491 665 2528 et
684 2496 779 2540 quae
802 2483 1008 2540 collyrida
1027 2482 1201 2537 dicitur,
1213 2483 1366 2540 lagano

124 2564 167 2601 ct
190 2558 400 2602 crustulo.
425 2557 502 2602 Est
519 2565 660 2601 autem
684 2558 924 2601 crustulum
940 2556 1086 2614 panis,
1108 2555 1183 2611 qui
1209 2555 1303 2599 fere
1323 2557 1365 2599 in

124 2634 313 2675 crustam
340 2628 566 2675 induratus
595 2636 675 2672 cst.
698 2628 749 2670 Et
775 2627 1237 2683 eoingregavitomncm
1256 2629 1367 2671 mul-

125 2701 346 2748 titudinem
391 2701 445 2744 ad
475 2692 477 2694 ’
507 2701 669 2763 σεύῃ-ιιι
693 2694 695 2696 ’
724 2702 1007 2746 tabernaculi.
1054 2702 1100 2746 ln
1157 2701 1365 2745 electione

124 2775 237 2822 enim
275 2775 490 2831 pontilicis
515 2787 722 2820 assensus
742 2766 1010 2820 desideratur
1029 2774 1182 2830 plebis.
1218 2774 1367 2817 Tradit

125 2856 267 2892 autem
297 2847 530 2905 Iosephus,
566 2848 667 2904 quia
693 2846 861 2897 animos
895 2847 1290 2906 populiinclinavit
1312 2847 1366 2890 ad

124 2921 412 2971 sacerdotium
454 2920 599 2964 Aaron
632 2921 676 2966 in
700 2920 817 2968 hunc
853 2919 1047 2966 modum.
1071 2919 1186 2964 Dixit
1232 2919 1363 2971 enim,

124 2996 224 3051 qnia
244 2996 334 3051 ipsc
359 2995 565 3050 seips-um,
589 2995 766 3050 dignum
803 2988 1046 3041 sacerdotio
1079 2995 1364 3050 judicaverat,

123 3077 212 3113 tum
240 3080 316 3124 pro
341 3067 655 3119 familiaritate,
675 3079 802 3122 qnam
834 3067 1018 3111 habebat
1038 3079 1135 3111 cum
1163 3066 1363 3117 Domino,

123 3149 213 3187 tum
257 3140 359 3196 quia
379 3141 615 3197 plurimum
655 3153 732 3195 pro
770 3140 946 3200 populo⁴
968 3141 1255 3190 laboraverat,
1275 3146 1363 3180 tum

123 3214 223 3269 quia
247 3214 429 3270 quisque
445 3214 698 3258 naturaliter
724 3213 981 3256 amicussui
1003 3218 1099 3262 est:
1118 3211 1194 3254 sed
1217 3210 1365 3253 Donn-

90 3335 92 3337 ,
123 3300 205 3332 nus
241 3287 477 3343 digniorem
512 3287 652 3328 Aaron
691 3285 982 3341 judicaverat3
1025 3297 1122 3327 cum
1150 3295 1251 3337 ergo
1280 3284 1367 3338 pla-

124 3362 282 3405 cuisset
306 3361 479 3417 populo,
500 3360 653 3404 obtulit
672 3359 854 3403 Domino
879 3359 1021 3401 Aaron
1053 3363 1095 3400 et
1126 3357 1236 3399 iilius
1255 3356 1362 3410 rjus.

126 3433 322 3489 Cumque
353 3434 530 3478 lavisset
571 3424 654 3477 eosv
683 3431 807 3488 aquis
835 3430 1040 3481 fontium,
1062 3437 1105 3473 et
1136 3433 1276 3472 Aaron
1299 3429 1361 3471 sev

122 3507 298 3551 minalia
317 3507 541 3559 induisset,
564 3507 734 3550 vestivit
752 3518 849 3550 eum
877 3495 1232 3560 Moyses'septem
1266 3503 1363 3545 aliis

123 3581 330 3633 vestibus,
357 3592 466 3635 quas
493 3579 787 3634 praediximus,
823 3575 1104 3628 *fundensque
1140 3586 1269 3631 super
1292 3585 1365 3615 ca-

124 3661 201 3708 put
220 3654 315 3707 ejus
333 3654 473 3697 oleum
509 3651 742 3702 unctionis,
782 3649 905 3692 unxit
922 3655 1048 3701 caput
1069 3647 1161 3701 ejus
1188 3653 1230 3689 et
1270 3657 1356 3687 rna-

125 3739 224 3779 nuS,
250 3727 308 3769 ita
328 3725 450 3781 quod
474 3737 549 3781 per
574 3724 752 3767 barbam
778 3722 956 3765 stillavit
978 3721 1137 3770 oieum,
1158 3731 1294 3772 usquc
1319 3718 1361 3759 in

126 3812 246 3843 oram
279 3799 522 3842 vestimenti
545 3798 656 3852 eJus.
697 3795 832 3838 Filios
851 3801 992 3838 autem
1018 3794 1112 3845 ejus
1131 3790 1300 3838 vestivit
1319 3790 1364 3830 li-

127 3873 237 3923 neis,
267 3879 310 3914 et
331 3871 484 3918 balteis
514 3871 690 3924 cingens
719 3866 923 3921 imposuit
942 3866 1005 3907 eis
1024 3866 1189 3914 mitras,
1209 3869 1248 3903 ct
1273 3874 1364 3902 ma-

126 3957 208 3987 nus
226 3955 377 3986 eorum
398 3942 494 3984 oleo
517 3932 814 3989 sanctificavit.
844 3932 1006 3989 Linivit
1029 3946 1200 3990 quoquc
1225 3933 1364 3974 taber-

126 4001 330 4058 naculum
373 4019 523 4056 sancto
565 4012 660 4063 olco
688 4022 786 4054 cum
811 4005 930 4052 omni
969 4003 1220 4059 supellectili
1267 4014 1360 4043 sua,

126 4087 322 4142 Cumque
343 4086 598 4141 aspersisset
625 4077 856 4138 utrumque
889 4080 1022 4122 altare
1046 4077 1202 4130 septies
1221 4075 1360 4128 aquis,

128 4160 253 4204 unxit
286 4159 406 4212 illud,
444 4165 486 4201 et
510 4157 654 4200 omnia
669 4167 771 4199 vasa
800 4154 913 4208 ejus,
929 4150 1178 4204 labiumque
1195 4159 1360 4191 aeueum

128 4244 227 4276 cum
253 4232 347 4276 basi
371 4243 449 4275 sua
473 4229 757 4274 sanctificavit
781 4229 892 4271 olco.

127 4325 230 4375 (iar.
265 4323 472 4370 XIV-*De
501 4330 704 4379 potestate
731 4319 1008 4376 offerendieis
1030 4317 1148 4368 data,
1180 4323 1218 4356 et
1250 4313 1362 4355 acci-

530 4379 669 4434 piendi
700 4386 838 4433 partes
858 4388 975 4417 suas.

181 4434 527 4509 'obtuleruntque
560 4453 703 4495 Aaron
757 4456 797 4494 et
835 4449 909 4494 tilii
944 4447 1037 4502 ejus
1071 4444 1251 4490 vitulum
1283 4451 1372 4497 pro«

785 144 1044 204 tusi-onia
1075 124 1470 197 scnotAsricA
1499 172 1556 181 -
1585 150 1744 197 tinen
1777 156 2027 204 LEvlTlCl.

2575 167 2687 215 1202

956 237 1148 290 Tamen·
1138 251 1181 289 m
1211 245 1382 283 tantum
1399 245 1438 287 Α
1460 249 1635 295 peccato
1660 257 1755 297 suo,
1800 259 1928 301 snper
1960 253 2088 303 caput
2109 247 2202 304 ejus
2227 262 2382 296 manus
2420 254 2617 310 impones
2624 269 2685 304 tes

1457 313 1607 370 (Lea-ie.
1641 321 1753 373 vin).
1779 318 1914 371 Quem
1940 332 2038 364 cum
2063 321 2327 368 immolasset
2352 325 2536 383 Movses,
2562 332 2684 378 tinxit

1455 385 1634 442 digitum
1661 388 1704 431 in
1726 392 1953 446 sanguine,
1981 400 2022 437 et
2045 395 2182 450 tetigit
2204 409 2256 438 ex
2281 409 2331 439 eo
2352 410 2512 442 cornua
2540 402 2684 447 altaris

1453 470 1530 513 per
1554 473 1722 516 gyrum,
1746 472 1788 506 et
1809 462 1910 507 fecit
1944 466 1997 510 de
2013 478 2095 520 eo,
2115 468 2225 512 sicut
2242 468 2294 512 de
2316 471 2449 513 vitulo
2476 485 2554 527 pro
2587 487 2684 530 pec-

1454 538 1551 575 cato
1592 534 1829 578 sacerdotis
1861 536 2058 585 facienda
2098 543 2388 596 praediximus.
2412 544 2683 600 obtulerunt,

1453 610 1495 647 et
1520 605 1695 649 arietem
1735 607 1778 651 in
1815 609 2135 668 holocaustum,
2159 616 2342 662 hostiam
2370 620 2533 663 scilieet
2567 621 2684 663 salu-

1453 682 1604 719 tarem.
1633 677 1683 721 Et
1705 678 1804 724 lecit
1825 681 1993 739 Moyses
2026 685 2079 729 de
2102 699 2169 740 e0,
2196 690 2308 734 sicut
2335 692 2386 735 de
2420 692 2684 737 holocaustis
2719 696 2724 700 '

1453 749 1711 793 salutaribus
1745 751 1833 795 lieri
1868 765 2128 811 praeceperat
2158 757 2382 806 Dominus.
2409 762 2685 810 obtulerunt-

1453 831 1535 873 que
1581 833 1656 875 per
1695 835 1848 867 manus
1874 825 2192 881 impositionem
2222 832 2398 876 arietem
2429 835 2681 889 secuudum,
2724 852 2727 857 ¹

1451 891 1634 935 hostiam
1655 894 1818 938 scilicet
1838 901 2175 944 consecrationis
2199 903 2408 957 ipsorum.
2426 906 2560 957 Quem
2582 918 2680 951 cum

1450 963 1716 1010 immolasset
1737 967 1902 1025 Moyses
1926 984 2100 1017 sumens
2122 976 2175 1019 de
2202 978 2410 1033 sanguine
2447 981 2583 1036 tetigit
2604 994 2682 1024 ex-

1450 1044 1633 1083 tremum
1659 1042 1863 1088 auriculae
1885 1058 2034 1089 eorum
2058 1049 2232 1103 dextrae,
2247 1058 2290 1094 et
2311 1053 2506 1106 pollicem
2527 1069 2681 1100 luanus
2703 1061 2705 1065 '

1449 1111 1624 1165 dextrae,
1649 1114 1865 1168 similiter,
1901 1123 1943 1160 et
1978 1120 2099 1172 pedis
2131 1121 2286 1165 dextri.
2312 1122 2538 1178 Reliquum
2583 1139 2681 1170 san·

1447 1182 1589 1237 guinis
1635 1183 1746 1230 fudit
1783 1199 1914 1243 super
1953 1190 2086 1234 altare
2124 1203 2200 1246 per
2232 1192 2476 1239 circuitum.
2501 1197 2679 1253 Adipcm

1449 1265 1552 1297 vero
1574 1267 1764 1311 omnem,
1782 1265 1826 1302 et
1850 1260 2050 1314 caudam,
2073 1273 2199 1307 renes
2218 1276 2389 1320 quoque
2407 1278 2505 1309 cum
2525 1281 2681 1311 renun-

1392 1318 1425 1361 Β
1449 1328 1573 1381 culis,
1595 1336 1637 1372 ct
1660 1342 1826 1375 armum
1853 1333 2052 1377 dextrum
2079 1335 2311 1390 separavit.
2351 1336 2606 1395 Tollensque
2629 1342 2680 1386 de

1447 1404 1565 1445 ratiis
1572 1410 1637 1447 tro
1677 1407 1925 1462 collyridam
1970 1421 2120 1462 unam,
2143 1417 2187 1454 et
2224 1412 2423 1467 laganum
2468 1427 2618 1469 unum,
2639 1426 2683 1461 et

1447 1478 1690 1520 crustulum
1731 1491 1882 1531 unum,
1908 1482 2051 1525 omnia
2092 1483 2223 1527 simul
2248 1486 2425 1529 tradidit
2452 1487 2683 1540 Aaron,‘et

1446 1546 1545 1589 tiliis
1588 1548 1699 1602 eius,
1742 1552 1864 1605 quasi
1896 1552 2010 1597 dicat
2036 1569 2046 1597 ς
2076 1556 2268 1612 Accipite
2311 1566 2561 1613 potestatem
2608 1574 2682 1605 su·

1448 1622 1587 1665 mendi
1626 1623 1717 1667 haec
1751 1636 1773 1667 a
1796 1626 1972 1679 populo,
1996 1629 2193 1683 quaedam
2233 1631 2284 1674 ad
2308 1632 2570 1676 offerendum
2598 1635 2682 1678 Do·

1449 1694 1584 1747 mino,
1609 1696 1804 1750 quaedam
1843 1697 1895 1739 ad
1935 1711 2060 1742 usum
2087 1707 2293 1745 vestrum.
2336 1702 2416 1755 Qui
2441 1716 2536 1747 cum
2565 1713 2682 1748 tene-

1450 1777 1543 1811 rent
1561 1781 1635 1812 eas
1660 1770 1768 1813 inter
1787 1783 1958 1825 manus,
1984 1775 2260 1829 superposuit
2289 1774 2456 1832 Moyses
2481 1777 2681 1822 omnibus

1447 1843 1760 1896 pectusculum.
1786 1842 1906 1888 Unde
1929 1852 1972 1888 et
1997 1847 2293 1900 pectusculum
2337 1849 2590 1894 elevationis
2613 1851 2680 1894 di·

1447 1922 1560 1962 ctum
1585 1921 1665 1966 cst,
1690 1916 1791 1970 quia
1835 1918 2037 1961 omnibus
2061 1921 2378 1974 superpositum
2416 1921 2495 1964 suit
2522 1935 2530 1963 ε
2560 1923 2600 1964 in
2626 1922 2682 1966 si·

1446 1999 1574 2041 gnum
1601 1994 1761 2041 tamen,
1790 1989 1889 2044 quia
1909 1989 2106 2045 superior
2131 1998 2196 2036 est
2220 1993 2413 2036 omnium
2440 1995 2644 2048 sapientia
2665 2010 2678 2048 ;

1418 2062 1421 2066 “
1445 2058 1574 2101 etiam
1612 2072 1688 2114 pro
1715 2061 1954 2106 elevatione
1993 2063 2266 2108 offerentium
2294 2065 2450 2120 legitur
2474 2067 2537 2110 sic
2554 2078 2683 2110 voca-

1448 2137 1554 2174 tum.
1587 2131 1630 2173 ln
1668 2132 1860 2187 pacilieis
1891 2134 2022 2187 enim,
2052 2142 2093 2179 et
2118 2136 2396 2190 salutaribus,
2420 2150 2608 2190 armum,
2638 2147 2681 2183 et

1445 2210 1593 2258 pectus
1630 2203 1750 2258 prius
1790 2205 2016 2249 elevabant
2053 2207 2281 2252 offerentes
2307 2221 2452 2252 coram
2478 2210 2680 2265 Domino,

1445 2284 1486 2318 et
1510 2276 1874 2330 post4radehan‘t
1896 2279 2194 2324 sacerdotibus
2222 2281 2334 2324 sicut
2357 2294 2432 2336 per
2457 2290 2596 2338 partes
2618 2283 2682 2328 eis

1386 2376 1418 2421 C
1445 2350 1701 2403 assignatas.
1728 2349 1886 2393 Armus
1909 2362 2012 2394 vero
2035 2350 2185 2395 dexter
2202 2352 2423 2396 dicebatur
2446 2355 2682 2409 separatie-

1447 2421 1530 2471 nis,
1556 2422 1659 2476 quia
1703 2422 1747 2465 in
1784 2424 2055 2477 separatione
2081 2425 2376 2468 membrorum
2401 2426 2568 2479 hostiae,
2596 2428 2684 2482 pri-

1448 2506 1545 2537 mus
1566 2495 1620 2536 ab
1642 2506 1692 2538 ea
1732 2495 2030 2550 separabatur,
2050 2503 2092 2539 et
2124 2497 2224 2552 quia
2258 2497 2300 2539 in
2325 2506 2445 2552 parte
2482 2500 2684 2543 sacerdo·

1447 2572 1539 2608 tum
1586 2568 1804 2632 separavit
1846 2567 1966 2610 illum
2024 2567 2224 2624 Moyses,
2268 2576 2474 2625 tanquam
2516 2571 2682 2615 caeteris

1447 2639 1655 2683 membris
1683 2639 1953 2696 digniorem.
1977 2640 2172 2684 Tradunt
2209 2642 2322 2684 enim
2352 2643 2527 2696 quidam
2566 2644 2681 2698 quod

1434 2710 1651 2760 ,formatio
1677 2712 1869 2767 corporis
1912 2713 2113 2756 animalis
2139 2714 2181 2755 iu
2206 2720 2326 2757 utero
2348 2714 2498 2757 matris
2522 2715 2574 2757 ab
2596 2715 2655 2756 hu
2671 2735 2683 2746 ·

1446 2797 1567 2828 mero
1606 2785 1758 2828 dextro
1800 2785 2044 2828 inchoatur.
2071 2784 2285 2829 Tenentes
2320 2797 2421 2840 ergo
2441 2786 2514 2828 filii
2536 2786 2681 2829 Aaron

1446 2856 1589 2898 omnia
1614 2856 1706 2900 haec
1726 2857 1767 2898 in
1788 2856 2003 2908 manibus,
2025 2858 2297 2899 elevaverunt
2315 2865 2457 2899 coram
2480 2856 2681 2908 Domino,

1446 2934 1489 2970 et
1514 2927 1786 2971 tradiderunt
1822 2939 1872 2970 ca
1900 2927 2052 2983 Moysi,
2087 2926 2159 2982 qui
2197 2928 2343 2970 omnia
2378 2927 2560 2970 adolevit
2593 2927 2682 2971 Do·

1447 2999 1564 3041 mino
1595 3010 1724 3054 super
1759 2999 1910 3050 altare,
1936 3010 1985 3040 co
2009 2997 2121 3053 quod
2147 2997 2305 3040 oblatio
2343 2997 2683 3040 consecrationis

1445 3077 1574 3112 esset.
1614 3069 1938 3124 Assumensque
1981 3075 2264 3123 unguentum,
2304 3075 2347 3109 et
2379 3067 2431 3109 de
2454 3068 2706 3122 sanguine,·

1446 3142 1628 3195 quierat
1652 3141 1694 3184 in
1720 3142 1862 3193 altari,
1886 3141 2127 3184 admiscens
2157 3152 2291 3195 aquas
2316 3140 2513 3188 fontium,
2536 3151 2681 3192 asper-

1445 3217 1501 3258 sit
1523 3226 1616 3267 eos,
1639 3221 1683 3257 et
1727 3226 1856 3268 super
1878 3213 2131 3255 vestimenta
2167 3223 2333 3255 eorum.
2367 3210 2559 3264 Cumque
2582 3223 2679 3252 san-

1445 3287 1620 3330 ctificati
1653 3293 1798 3330 essent
1845 3286 1887 3327 in
1943 3286 2058 3328 liunc
2099 3285 2275 3327 modum
2314 3284 2501 3338 reliquas
2528 3292 2679 3323 carnes

1447 3360 1597 3403 arietis
1642 3365 1846 3402 coxerant
1869 3364 1966 3399 ante
2000 3356 2116 3400 fores
2150 3355 2438 3405 tabernaculi3
2458 3359 2499 3394 ct
2524 3353 2581 3393 ibi
2606 3363 2679 3394 co-

1389 3432 1423 3475 D
1449 3433 1671 3475 mederunt
1706 3443 1779 3474 eas
1811 3442 1906 3473 cum
1944 3429 2126 3484 panibus
2156 3428 2230 3481 qui
2254 3426 2413 3469 residui
2445 3423 2677 3466 lucruntin

1446 3505 1653 3555 canistro,
1686 3513 1728 3545 et
1751 3501 1960 3556 quidquid
1996 3501 2038 3542 in
2073 3500 2263 3541 canistro
2290 3495 2568 3550 supersuitex
2597 3495 2675 3545 eis,

1445 3577 1555 3631 iguis
1568 3575 1819 3628 absumpsit.
1833 3573 1877 3614 ln
1894 3573 2090 3615 eumdem
2103 3570 2277 3612 modum
2301 3567 2468 3611 iteravit
2491 3565 2676 3619 singula,

1437 3660 1538 3703 ,quae
1565 3648 1753 3689 diximus
1765 3645 1929 3699 Moyses
1941 3655 2099 3697 septem
2114 3642 2279 3690 diebus,
2294 3647 2434 3681 tamen
2450 3652 2531 3679 non
2549 3637 2678 3679 vesti·

1443 3721 1606 3770 viteos‚
1618 3718 1716 3772 qnia
1731 3716 1862 3759 semel
1882 3716 2015 3756 induti
2034 3721 2194 3766 septem
2210 3711 2455 3753 dieliusnon
2469 3709 2677 3761 deposue-

1444 3798 1543 3833 runt
1575 3795 1717 3832 vestes
1749 3794 1937 3837 sanctas,
1958 3797 2034 3826 nec
2070 3785 2122 3826 dc
2152 3782 2258 3825 atrio
2287 3781 2548 3824 tabernaculi
2576 3785 2677 3821 sunt

1443 3860 1619 3916 egressi.
1638 3859 1980 3910 Quidamtamen
2006 3855 2180 3897 tradunt
2198 3854 2332 3907 prima
2354 3853 2422 3894 die
2445 3852 2603 3901 omnia,
2631 3858 2677 3891 ut

1443 3934 1631 3975 diximus
1654 3931 1786 3973 fuisse
1815 3932 2041 3983 prosecuta
2065 3937 2139 3967 sex
2164 3924 2319 3966 diebus
2342 3920 2677 3964 consecrationis

1444 4003 1735 4058 sequentibus,
1758 4000 1995 4043 oblationes
2020 3996 2211 4051 quotidie
2250 3995 2442 4043 ite-ratas,
2485 3993 2558 4034 sed
2592 4004 2676 4033 non

1443 4078 1704 4121 unctionem.
1743 4071 1956 4125 ⁴Iosephus
1995 4079 2094 4108 vero
2116 4066 2234 4115 dicit,
2261 4066 2406 4108 omnia
2431 4065 2540 4106 sient
2567 4070 2608 4106 et
2631 4063 2676 4104 in

1442 4151 1578 4205 plima
1600 4148 1668 4190 die
1685 4143 1967 4199 sequentibus
1991 4139 2125 4182 luisse
2147 4144 2377 4193 prosecuta
2398 4136 2575 4178 diebus.

1442 4240 1543 4282 Cir.
1584 4236 1676 4279 XV.
1719 4233 1779 4275 De
1817 4231 1953 4272 mima
1992 4229 2191 4270 oblatione
2231 4226 2505 4276 ,ςαεω-,ιίοίωη
2528 4229 2565 4264 el
2589 4225 2678 4277 ique

1859 4287 1955 4327 clato
1994 4285 2042 4325 de
2064 4283 2246 4326 sntle'nsi.

1499 4350 1658 4404 Gctavo
1681 4368 1822 4404 aulem
1864 4358 1931 4399 die
1956 4353 2221 4397 denuntiavit
2245 4351 2361 4406 Moy-s
2346 4363 2410 4392 cs
2435 4349 2587 4402 populo
2611 4359 2678 4388 so-

1443 4425 1723 4485 leniuitatcm,
1757 4430 1798 4471 in
1846 4440 1929 4482 quo
1979 4425 2219 4469 sactrdolts
2260 4437 2304 4465 ct
2313 4435 2360 4464 ns
2344 4419 2495 4462 celati
2537 4416 2674 4460 offerri
