2924 4588
183 138 407 193 gnificatur
432 136 474 178 in
499 135 656 178 anima.
675 160 730 166 —-
756 136 797 180 9.
828 135 960 179 Tertii
987 138 1145 181 silentii
1169 145 1210 182 ct
1226 141 1365 183 somni

183 191 428 248 praestantia
465 196 508 234 et
539 190 798 242 sublimitas.
827 193 971 236 -10.
991 191 1138 237 Tertio
1168 197 1366 251 apparuit

181 248 358 304 angelus
377 245 536 302 loseph
555 245 675 289 unde
692 247 942 302 mysterium
973 250 1182 293 cernitur.
1206 275 1262 282 -—
1295 251 1362 294 Η.

177 301 474 358 Incipientium
498 301 543 344 in
560 301 629 345 via
648 297 870 357 spirituali
886 303 1090 358 graphica
1113 305 1361 361 descriptio.

176 382 232 390 —-
254 358 323 404 12.
358 356 405 400 ln
438 366 669 413 progressu
705 355 904 401 elationis
921 363 1065 403 tumor
1085 362 1268 415 qualiter
1290 361 1365 406 de·

208 413 443 457 rimendus.
470 435 528 444 --
561 413 629 455 ¹5.
653 410 857 457 Remedia
889 413 971 456 tria
1000 417 1212 470 superbiae
1239 433 1248 459 :
1274 430 1364 462 suae

177 468 441 513 infirmitatis
470 466 702 524 'inspectio;
736 472 1065 524 perseverantiae
1085 471 1360 524 incertitudo,

177 523 311 569 divini
344 523 554 567 examinis
580 523 839 578 ignorantia.
879 548 935 555 —-
960 524 1029 569 14.
1056 525 1120 569 Ad
1143 528 1220 571 has
1240 534 1363 572 tene-

175 581 291 678 brlas‚
315 579 430 678 Ἆείιιι,
455 577 690 636 Αζςςριιιιιι
718 591 827 635 puer
857 577 983 623 Jesus
1015 587 1133 626 recte
1165 591 1362 639 portatur

175 647 224 681 sa
242 648 324 679 van
356 647 422 678 us.

173 723 206 768 1.
220 720 645 774 Ostendimusvobis,
657 722 916 775 charissimi,
934 724 978 767 in
995 736 1193 769 sermone
1201 738 1361 781 praecc-

117 796 250 849 denti,
275 795 377 852 quid
392 795 519 839 nobis
529 795 668 839 visum
687 801 754 840 est
770 808 897 852 posse
913 797 1090 853 intelligi
1105 810 1181 854 per
1200 798 1359 855 Joscph

116 875 160 915 et
176 868 353 913 Mariam
374 883 384 911 t
410 879 487 924 per
505 875 685 924 puerum
710 874 753 912 et
770 868 863 924 ejus
881 875 1198 924 persecutorem
1224 871 1360 916 Hero-

115 943 228 986 dem.
253 940 362 994 Quia
375 952 478 984 vero
503 940 614 983 inter
651 940 742 984 haec
779 942 975 996 quaedam
1007 943 1133 986 nobis
1157 943 1256 994 alia,
1282 944 1358 986 ad-

113 1011 385 1056 ministrante
415 1011 619 1055 unctione
647 1011 734 1064 illa,
761 1025 857 1068 quae
879 1013 1004 1057 docet
1025 1014 1078 1058 de
1096 1016 1297 1060 omnibus
1316 1016 1358 1074 (1

36 1062 39 1070 ‘
91 1073 238 1127 doun.
266 1095 316 1134 ιι,
360 1083 450 1141 27),
486 1083 538 1126 ad
567 1083 894 1130 aed‘licationem
931 1092 1119 1131 vestram
1153 1100 1358 1132 occurre-

87 1189 90 1191 .
111 1162 213 1199 runt
233 1172 242 1200 :
270 1157 323 1200 ad
346 1167 441 1212 quae
465 1157 661 1210 dicenda,
686 1163 728 1202 ct
751 1159 834 1210 his,
852 1159 1051 1214 *quaeJam
1074 1159 1185 1205 dicta
1210 1169 1350 1215 erant,
1380 1160 1410 1202 B
1435 1177 1488 1208 ne
1511 1154 1786 1215 suscitarent,
1813 1174 1952 1222 neque
1978 1167 2179 1223 evigilare
2197 1167 2389 1212 facerent
2412 1182 2524 1222 eam,
2543 1171 2682 1215 donee

111 1229 349 1285 adaptanda
369 1224 642 1282 intendimus,
668 1236 709 1274 et
731 1231 893 1275 diutius
912 1232 956 1275 in
979 1233 1046 1277 his
1069 1247 1195 1289 quam
1224 1242 1351 1292 puta-

108 1301 265 1353 vimus,
288 1302 497 1346 demorati
531 1315 695 1348 sumus.
714 1302 808 1346 Non
828 1305 941 1348 enim
966 1306 1201 1363 quidquam
1220 1308 1351 1353 aude·

108 1385 206 1420 mus
227 1386 278 1418 ex
303 1376 522 1427 omnibus,
555 1389 650 1432 quae
675 1374 863 1432 Spiritus
881 1377 951 1421 ille
986 1379 1182 1425 veritatis
1201 1381 1351 1437 digna-

107 1452 178 1490 tur
189 1459 241 1491 ex
254 1448 472 1504 insperato
490 1450 697 1499 revelare,
731 1450 994 1495 abscondere
1010 1463 1033 1494 a
1049 1452 1189 1496 vobis:
1209 1455 1351 1498 scien-

106 1526 172 1565 tes
190 1533 239 1565 ea
255 1525 298 1565 et
333 1530 505 1577 propter
523 1534 598 1566 vos
640 1523 764 1566 nohis
805 1525 1053 1580 commissa,
1089 1532 1132 1570 et
1164 1539 1242 1582 per
1271 1541 1350 1572 no·

106 1600 243 1638 strum
281 1594 567 1639 ministerium
604 1595 658 1640 ad
698 1602 882 1641 vestram
919 1597 1170 1644 charitatem
1205 1607 1347 1646 trans-

104 1666 252 1711 missa.
277 1665 379 1711 lnde
399 1669 555 1712 accidit
580 1670 692 1725 quod
711 1660 819 1714 nihil
840 1673 883 1714 in
903 1674 1176 1717 sermonibus
1199 1675 1267 1720 his
1294 1676 1346 1721 de

103 1741 266 1786 sanctis
295 1742 485 1797 parvulis
509 1742 620 1793 istis,
645 1755 723 1799 pro
743 1733 924 1800 parvulo
943 1739 1044 1791 Jcsu
1069 1749 1225 1792 occisis
1247 1750 1346 1792 teti-

100 1815 272 1871 gimus:
297 1813 480 1871 quOrum
515 1815 709 1859 festivam
742 1817 867 1861 hodie
897 1819 1208 1864 solemnitatem
1233 1822 1345 1866 cele-

99 1885 291 1931 bramts
317 1886 571 1931 Distulimus
594 1901 696 1932 vcro
731 1902 870 1946 usquc
903 1891 1048 1943 modo,
1084 1893 1118 1935 si
1145 1894 1344 1937 memini-

99 1962 196 2014 stis,
238 1961 361 2007 vobis
399 1962 626 2007 ostendere
647 1963 750 2019 quid
784 1969 986 2020 putamus
1013 1979 1089 2022 per
1114 1967 1195 2010 hoc
1219 1969 1342 2013 nobis

97 2032 386 2090 designatum,
406 2034 520 2091 quod
538 2035 779 2078 consultum
798 2041 863 2079 est
886 2049 1016 2092 parvo
1037 2036 1154 2089 Jesu,
1181 2051 1255 2094 per
1276 2039 1342 2082 fu-

97 2119 194 2164 gam
218 2106 376 2164 Joseph
401 2120 498 2151 cum
524 2121 591 2159 eo,
631 2113 674 2152 et
712 2121 810 2152 cum
849 2114 986 2154 matre
1017 2110 1111 2166 ejus
1135 2111 1178 2154 in
1204 2112 1339 2170 AEgy-

97 2186 231 2235 ptum,
257 2193 311 2224 nc
333 2180 582 2237 perderetur
605 2182 658 2226 ab
682 2180 849 2225 Herode
870 2199 880 2226 :
906 2192 947 2226 et
964 2183 1036 2227 illo
1059 2184 1339 2231 nihilominus

97 2253 183 2297 tilio
202 2255 394 2297 masculo
421 2254 464 2296 in
500 2254 774 2311 Apocalypsi,
805 2261 849 2298 ut
876 2268 950 2312 per
975 2263 1144 2312 rapt-um
1165 2258 1259 2313 eius
1282 2260 1336 2302 ad

94 2323 229 2370 Deum
257 2327 367 2370 etad
391 2327 590 2371 thronum
611 2328 706 2382 eJus
730 2327 948 2379 evaderet,
985 2340 1037 2372 ne
1059 2328 1336 2375 devoraretur

93 2410 118 2441 a
136 2399 321 2443 dracone
347 2398 491 2457 (Apoc.
516 2413 595 2451 xu,
623 2401 683 2457 5).
710 2399 813 2463 Quae
835 2413 934 2444 cum
965 2415 1099 2445 unum
1120 2405 1238 2460 quill,
1260 2406 1333 2460 ju-

93 2477 165 2515 xta
189 2473 319 2524 hunc,
347 2487 471 2530 quem
509 2487 644 2529 usque
675 2487 790 2518 nnnc
812 2476 946 2519 secuti
974 2489 1122 2522 sumus
1159 2491 1333 2523 sensum

92 2546 271 2590 innuere
282 2546 521 2599 videantur,
544 2547 787 2602 spiritualia
812 2548 854 2591 in
879 2561 925 2592 se
948 2549 1219 2594 invenientur
1236 2564 1335 2595 con-

91 2618 242 2670 tinere,
281 2626 322 2663 et
343 2618 544 2675 praeferre
575 2619 849 2677 documenta,
877 2621 914 2665 si
937 2621 1218 2677 spiritualiter
1239 2625 1333 2670 sue-

89 2692 176 2736 rint
197 2691 410 2736 discussa.

143 2763 194 2806 11.
221 2763 414 2826 Accipite
435 2765 594 2820 itaque,
621 2766 734 2821 quod
758 2765 882 2809 nobis
912 2778 1042 2822 super
1063 2766 1144 2810 hoc
1169 2769 1330 2814 sentire

86 2836 232 2880 datum
257 2844 352 2881 est:
378 2838 489 2893 quod
514 2838 791 2894 accipientes,
839 2838 906 2882 his
945 2852 1040 2894 quae
1071 2841 1193 2884 vobis
1216 2842 1328 2886 idem

88 2907 275 2964 Spiritus
293 2922 419 2965 super
441 2910 602 2954 eisdem
633 2912 824 2955 revelare
848 2913 1110 2969 dignabitur,
1145 2915 1328 2960 nullate-

84 2993 182 3031 nus,
207 2993 367 3036 quaeso,
395 2982 438 3024 id
468 2982 609 3026 velitis
646 2995 910 3038 comparare.
946 2985 1125 3039 Anqelus
1158 2985 1325 3029 Domini

84 3053 277 3107 apparuit
307 3053 521 3095 insomnis
543 3051 697 3107 Ioseph
720 3053 889 3109 (Manli.
920 3067 965 3107 ιι,
995 3055 1081 3112 15).
1119 3055 1225 3108 Quis
1246 3069 1326 3112 pu-

83 3125 183 3167 tatis
205 3125 381 3181 angelus
405 3125 486 3170 iste
507 3127 602 3170 cst?
628 3128 786 3182 putatis
825 3129 940 3183 quod
981 3130 1150 3173 interna
1193 3130 1325 3187 inspi-

73 3198 190 3241 ratio
208 3199 298 3242 est?
339 3196 411 3243 Sic
445 3210 526 3255 ego
558 3200 729 3242 interim
777 3202 941 3256 accipio
982 3203 1118 3247 donec
1154 3217 1231 3248 vos
1254 3218 1322 3249 me

848 0 1152 38 Srutatmffis,
1185 18 1239 27 --
1267 0 1320 37 ιΝ
1352 0 1443 36 mr:
1472 0 1550 40 SS.
1585 0 1972 44 iNNOCENTlUM.

187 94 320 125 scere.
343 105 399 113 —
423 80 464 124 8.
487 78 579 123 Hoc
601 79 740 135 ipsum
764 91 841 134 per
878 82 1032 137 triplex
1057 82 1275 128 silentium
1308 85 1370 128 si·-
1393 87 1431 132 A
1454 84 1661 129 irruentia
1698 99 1841 132 rerum
1880 91 2196 139 transeuntium
2239 93 2541 148 phantasmata
2566 111 2697 142 manu

2615 12 2700 56 322

1447 165 1608 201 sanctae
1629 159 1828 213 puritatis
1845 160 2037 215 abigens,
2055 166 2237 207 stratum
2260 165 2341 209 sibi
2363 166 2407 209 in
2434 169 2503 212 illa
2528 170 2698 215 interna

1447 236 1592 286 quiete
1632 229 1761 286 sacit;
1787 233 1832 276 in
1866 246 1952 289 quo
1991 236 2141 279 clauso
2173 237 2300 287 ostio,
2340 250 2425 282 non
2460 241 2598 284 solum
2624 243 2698 286 illo

1445 302 1796 358 quinquepartito
1840 306 2066 361 corporis,
2095 319 2172 363 per
2205 309 2320 363 qnod
2362 305 2601 366 corporalia
2625 314 2695 357 in-

1443 374 1578 429 gredi,
1604 376 1747 420 sedet
1775 378 1891 421 omni
1915 378 2028 422 ostio
2066 379 2226 430 cordis,
2253 393 2330 436 per
2351 383 2466 437 quod
2491 384 2595 439 ipsae
2623 396 2697 429 so-

1443 447 1776 503 lent-corporum
1793 449 2003 505 imagines
2023 456 2065 494 et
2083 451 2386 495 similitudines
2409 465 2457 497 se
2481 453 2693 509 ingerere:

1441 517 1484 559 in
1509 529 1614 572 pace
1641 517 1685 559 in
1710 517 1899 574 idipsum
1942 519 2101 562 dormit
2126 525 2168 562 et
2203 522 2436 575 requiescit
2459 521 2597 580 (Psal.
2633 537 2693 578 iv,

1441 587 1500 646 9),
1528 586 1574 630 ln
1597 601 1681 644 qua
1700 601 1820 644 pace,
1851 590 1894 632 in
1914 603 2000 645 quo
2024 603 2076 634 eo
2097 591 2208 646 ipso,
2236 591 2279 633 in
2313 604 2397 647 qua
2416 593 2690 650 dormitione,

1439 666 1583 703 mente
1615 673 1928 716 nonnunquam
1963 662 2133 706 excedit
2169 661 2283 715 Deo;
2320 676 2495 709 somnos
2529 667 2693 712 habens

1439 740 1526 771 non
1547 730 1691 773 minus
1733 743 1888 774 suaves
1932 744 2060 787 quam
2095 734 2322 776 salubres:
2348 733 2392 776 in
2430 737 2587 791 quibus
2614 751 2691 782 au-

1439 801 1559 856 gelus
1586 801 1750 844 Domini
1771 810 1964 858 apparet.

1498 873 1566 917 tlt.
1595 873 1670 918 His
1696 877 1877 926 somnis,
1907 877 2028 919 suavi
2044 877 2203 933 quiete,
2230 884 2272 923 et
2299 881 2442 937 quieta
2479 883 2691 928 suavitate

1440 944 1635 1002 Sponsus
1660 947 1858 999 intendit,
1896 950 2086 1004 quando,
2127 958 2335 1005 pausante
2376 966 2425 996 ea
2452 955 2564 998 inter
2586 957 2688 999 bra-

1437 1019 1535 1061 chia
1558 1019 1705 1075 sponsi
1728 1019 1811 1072 sui,
1839 1020 1952 1063 idem
1995 1021 2189 1076 Sponsus
2218 1025 2419 1078 adjurare
2440 1028 2608 1070 censuit
2638 1030 2689 1071 ti·

1436 1091 1517 1134 lias
1549 1090 1787 1136 Jerusalem
1811 1105 1887 1148 per
1909 1105 2105 1150 capreas,
2146 1107 2384 1151 cervosque
2416 1109 2683 1154 camporum,

1433 1236 1527 1292 ipsa
1550 1237 1651 1280 velit
1677 1236 1819 1291 (Cant.
1848 1250 1898 1288 11,
1928 1239 1986 1294 7).
2015 1237 2071 1281 Ut
2095 1239 2259 1282 scirent
2283 1240 2483 1284 videlicet
2505 1241 2684 1288 infirmae

1431 1308 1600 1359 animae,
1633 1307 1797 1351 devotae
1818 1313 1978 1359 tamen,
1997 1321 2179 1364 quarum
2194 1309 2423 1355 infirmitas
2435 1324 2511 1367 per
2533 1325 2683 1356 sexum

1432 1378 1705 1432 femininum,
1733 1385 1775 1423 et
1797 1380 1969 1424 devo-tio
2001 1381 2230 1424 denotatur
2260 1394 2337 1437 per
2361 1384 2480 1437 pacis
2511 1384 2681 1438 locum;

1429 1456 1476 1494 ut
1492 1452 1670 1502 scirent,
1699 1453 1893 1508 inquam,
1920 1453 2168 1507 hujusmodi
2206 1454 2359 1498 animae
2385 1456 2428 1497 in
2455 1456 2570 1511 ipsos
2593 1468 2683 1500 coe-

1428 1523 1557 1567 lestes
1588 1523 1784 1579 spiritus,
1811 1525 1884 1579 qui
1910 1523 1964 1566 ad
1994 1523 2135 1581 (ibid.)
2181 1525 2321 1568 instar
2349 1537 2603 1582 caprearum
2636 1533 2680 1573 el

1427 1607 1652 1640 cervorum
1671 1597 1716 1639 in
1739 1597 1904 1652 campis
1926 1597 2077 1639 intima
2100 1603 2393 1656 penetrarent,
2430 1605 2472 1643 et
2510 1612 2680 1644 summa

1426 1674 1639 1725 peterent,
1666 1670 1711 1711 in
1734 1667 1962 1712 latitudine
1988 1669 2104 1713 illius
2128 1669 2285 1713 divinae
2297 1672 2677 1728 contemplationis

1425 1755 1471 1786 se
1492 1743 1657 1786 irruere
1681 1754 1779 1785 eum
1807 1742 1859 1785 ab
1884 1742 1951 1785 his
1974 1743 2248 1786 suavissimis
2278 1744 2445 1788 somnis
2469 1745 2672 1800 importn-

1424 1813 1560 1856 nitate
1592 1815 1838 1864 temeraria,
1879 1819 1922 1855 et
1962 1814 2202 1855 temeritate
2242 1813 2384 1869 aliqua
2429 1814 2675 1872 importuna

1425 1885 1640 1941 Sponsum
1666 1886 1857 1930 excitare
1876 1891 2157 1941 praesumunt.
2183 1883 2231 1928 ln
2251 1886 2345 1941 ejus
2363 1893 2504 1930 autem
2531 1890 2675 1944 posuit

1422 1961 1644 2002 voluntate
1661 1958 1865 2015 evigilare
1908 1957 2112 2000 dilectum
2137 1969 2280 2007 suum,
2306 1958 2448 2002 sciens
2478 1971 2572 2002 eam
2595 1961 2674 2003 do-

1421 2038 1533 2075 ctam
1558 2044 1656 2076 esse
1677 2037 1726 2075 ut
1766 2032 1937 2075 noverit
1954 2031 2215 2081 discernere,
2241 2035 2284 2073 et
2315 2031 2487 2086 quando
2519 2032 2672 2077 debeat

1420 2110 1565 2148 mente
1590 2105 1798 2149 excedere
1833 2104 1936 2153 Deo,
1963 2110 2004 2147 et
2041 2103 2213 2158 quaudo
2247 2104 2393 2149 sobria
2414 2117 2511 2150 esse
2544 2106 2670 2150 nobis

1422 2178 1492 2234 (11
1516 2177 1613 2222 Cor.
1635 2192 1679 2229 v,
1699 2178 1787 2235 15).
1810 2177 1845 2222 Ο
1867 2189 1996 2233 quam
2021 2188 2193 2226 suaves,
2220 2189 2437 2233 quamque
2458 2180 2600 2222 securi
2624 2180 2669 2224 hi

1421 2253 1562 2295 somni
1579 2252 1694 2308 ejus!
1718 2263 1819 2295 nam
1842 2249 2058 2306 quomodo
2095 2263 2183 2292 non
2225 2263 2381 2295 suaves
2415 2263 2514 2295 cum
2558 2253 2670 2296 inter

1419 2325 1575 2382 Sponsi
1613 2324 1679 2369 sui
1717 2313 1898 2368 brachia
1937 2323 2117 2379 pauset?
2152 2324 2366 2379 quomodo
2383 2337 2471 2368 non
2505 2326 2688 2375 securi,-

1417 2411 1516 2441 cum
1545 2397 1685 2453 ipsum
1705 2396 2011 2453 prohibitorem
2031 2396 2260 2439 sollicitum
2285 2396 2455 2449 habeat,
2482 2398 2666 2446 ncillam

1415 2474 1558 2527 aliqua
1574 2485 1626 2515 ex
1651 2472 1820 2514 filiabus
1845 2473 2036 2515 excitare
2050 2470 2316 2527 praesumat?

1470 2543 1538 2587 lv.
1567 2544 1705 2595 Laeva,
1734 2545 1887 2599 inquit,
1916 2545 2023 2599 ejus,
2046 2544 2162 2586 haud
2186 2544 2361 2586 dubium
2388 2543 2492 2599 quin
2517 2543 2663 2589 dilecti

1414 2617 1495 2667 sni,
1522 2617 1595 2658 sub
1642 2618 1776 2670 capite
1810 2630 1913 2667 meo,
1948 2623 1987 2659 et
2019 2616 2193 2659 dextera
2233 2616 2323 2671 ejus
2352 2617 2664 2671 amplexabitur

1412 2702 1475 2731 me
1493 2687 1632 2744 (Cant.
1655 2702 1726 2732 xxi
1755 2689 1816 2746 6).
1844 2688 1994 2733 Nonne
2013 2689 2141 2733 molle
2181 2689 2411 2731 admodum
2437 2689 2519 2732 hoc
2541 2695 2657 2733 stra-

1409 2766 1501 2803 tum
1522 2763 1632 2817 ejus,
1659 2762 1702 2804 in
1720 2775 1805 2817 quo
1830 2762 2028 2816 pulvinar
2053 2761 2202 2816 sponsi
2227 2761 2353 2803 habet
2382 2761 2530 2803 laevam
2552 2777 2561 2804 ε
2612 2762 2657 2806 in

1408 2847 1492 2890 quo
1515 2835 1851 2890 coopertorium,
1881 2835 2067 2877 dexterae
2087 2834 2203 2877 illius
2221 2833 2349 2875 habet
2373 2833 2616 2888 amplexum
2641 2849 2658 2878 z

1407 2909 1451 2950 in
1474 2920 1557 2963 quo
1579 2920 1656 2964 pro
1682 2908 1860 2950 culcitra
1895 2907 2031 2962 ipsius
2055 2906 2183 2949 habet
2214 2906 2516 2961 prudentiam?
2554 2905 2656 2949 Haec

1405 2987 1470 3024 est
1487 2993 1613 3037 quam
1643 2981 1688 3023 in
1715 2986 1896 3035 utraque
1923 2985 2010 3022 tam
2056 2979 2101 3022 in
2142 2979 2306 3030 dextra,
2333 2990 2463 3034 quam
2488 2978 2532 3022 in
2550 2979 2653 3022 laeva

1405 3055 1547 3105 habet,
1587 3068 1682 3111 qnae
1714 3056 1852 3110 pietas
1879 3060 1946 3098 cst
1971 3070 1981 3098 z
2009 3053 2061 3097 ad
2089 3066 2217 3109 quam
2251 3053 2452 3097 admonet
2466 3054 2652 3098 electum

1402 3128 1632 3182 Apostolus
1667 3128 1942 3182 discipulum,
1969 3138 2168 3170 asserens
2190 3138 2285 3169 eam
2311 3126 2365 3168 ad
2388 3125 2533 3168 omnia
2564 3125 2651 3167 uti*

1402 3201 1483 3243 lem
1505 3213 1616 3252 esse,
1648 3202 1974 3256 promissionem
2002 3201 2100 3244 vitae
2125 3200 2366 3251 habentem,
2404 3212 2499 3254 quae
2530 3211 2647 3242 nunc
2686 3230 2694 3237 .

81 3269 224 3314 verius
248 3284 377 3326 super
399 3271 466 3315 his
489 3273 727 3324 instruatis,
767 3279 942 3328 propter
979 3275 1080 3319 illud
1106 3276 1316 3332 Apostoli,
1344 3282 1379 3326 1)
1400 3279 1466 3316 est
1491 3279 1532 3315 et
1558 3273 1768 3329 suturae(1
1794 3273 1899 3316 Tim.
1942 3285 1999 3323 lv,
2036 3273 2095 3328 8).
2122 3271 2229 3315 Vitae
2265 3273 2391 3327 plane
2415 3284 2510 3327 quae
2531 3284 2647 3315 nunc

81 3343 180 3398 quia
212 3343 354 3386 oculus
380 3357 460 3386 non
492 3344 608 3392 vidit,
631 3344 704 3388 hec
738 3347 851 3388 auris
887 3346 1059 3399 andivit,
1089 3362 1160 3391 nec
1187 3350 1231 3391 in
1250 3364 1320 3394 cor

79 3414 255 3458 hominis
274 3415 474 3467 ascendit,
505 3415 643 3473 146'
670 3416 786 3460 nobis
816 3426 952 3461 autem
983 3421 1174 3464 revelavit
1206 3421 1318 3466 Deus

77 3501 147 3543 per
165 3488 366 3545 Spiritum
400 3502 520 3531 suum
546 3489 684 3546 (Ioan.
711 3502 776 3539 ιιι,
798 3491 857 3548 8).
882 3491 932 3534 Et
955 3488 1057 3536 illud
1082 3494 1251 3538 Domini
1271 3497 1316 3540 in
1338 3528 1340 3530 ψ

78 3558 308 3616 Evangelio
332 3577 342 3604 :
369 3560 551 3616 Spiritus
588 3561 659 3604 ubi
696 3563 783 3605 vult
824 3565 971 3618 spirat,
997 3571 1036 3606 et
1065 3579 1199 3609 vacem
1226 3569 1315 3621 ejus

77 3633 199 3676 audis
222 3633 362 3690 (Joan.
378 3646 445 3685 ιιι,
464 3622 524 3690 8)ss
547 3633 640 3678 Non
663 3635 832 3691 ambigo
850 3636 964 3679 hunc
980 3639 1185 3692 angelum
1203 3639 1315 3695 apud

75 3706 307 3750 nonnullos
344 3714 534 3750 vestrum
569 3708 822 3762 apparuisse
855 3709 899 3751 in
938 3711 1102 3753 soumis
1127 3699 1309 3768 joseph.

66 3778 146 3833 ‚qui
171 3784 270 3820 sunt
287 3778 426 3821 somni
450 3777 633 3833 Joscph?
657 3778 858 3822 fortassis
871 3781 964 3835 puri
986 3787 1146 3825 suntet
1170 3782 1311 3825 devoti

74 3849 206 3900 animi
230 3862 305 3904 per
322 3846 751 3906 contemplationem,
774 3853 885 3894 etad
919 3853 1086 3896 interna
1112 3868 1310 3900 recessus

73 3927 116 3964 et
137 3921 191 3977 ad
217 3933 404 3977 superna
421 3934 640 3967 excessus.
668 3920 770 3968 Pius
793 3921 977 3981 namque
999 3932 1041 3969 et
1064 3928 1200 3972 tidelis
1212 3929 1309 3971 ani-

72 4004 169 4037 mus
194 3993 283 4047 ipse
306 3983 432 4036 etiam
457 4000 521 4037 est
558 3992 731 4050 Joseph,
758 4009 779 4038 a
804 3998 971 4040 cunctis
991 3999 1151 4042 ⁴carnis
1187 4001 1309 4043 voln-

71 4063 262 4118 ptatibus
283 4077 358 4119 per
387 4065 553 4120 plenam
592 4065 979 4116 mortificationem,
1018 4077 1059 4111 et
1091 4066 1114 4110 'a
1138 4070 1306 4112 cunctis

69 4133 359 4176 mundialibus
381 4135 737 4190 occupationibus
761 4141 803 4179 ct
820 4138 1004 4192 negotiis
1027 4139 1305 4182 saecularibus

68 4214 150 4257 per·
169 4205 338 4259 plenum
378 4211 669 4263 contemptum
707 4208 868 4251 recedit
887 4240 899 4259 ,
925 4214 966 4252 et
994 4210 1104 4252 intra
1149 4216 1305 4255 semet-

67 4273 206 4334 ipsum
225 4276 278 4321 ad
296 4277 484 4334 seipsum
500 4278 706 4323 introiens
722 4284 763 4322 et
774 4288 931 4324 cuncta
944 4294 966 4325 a
981 4293 1042 4332 se,
1063 4295 1141 4338 pro
1157 4295 1299 4339 posse,

1399 3353 1466 3388 est
1498 3352 1541 3389 et
1579 3346 1748 3391 suturae.
1786 3346 1904 3389 lllius
1938 3346 2111 3401 quidem
2153 3351 2330 3401 propter
2357 3346 2520 3394 laevam,
2550 3358 2646 3401 quae

1400 3431 1570 3474 sponsae
1610 3419 1729 3463 adest
1751 3421 1832 3464 sub
1860 3419 2001 3473 capite
2025 3433 2035 3461 :
2064 3424 2106 3461 et
2122 3417 2292 3468 suturae,
2333 3423 2507 3472 propter
2540 3418 2644 3462 dcx:-

1395 3496 1508 3534 tram
1530 3492 1642 3546 ejus.
1685 3505 1780 3548 quae
1811 3493 2127 3553 amplexabitur
2165 3503 2275 3534 eam.
2308 3490 2459 3534 Nonne
2502 3491 2640 3543 angeli

1396 3563 1663 3608 descendunt
1696 3570 1739 3608 et
1779 3565 2024 3608 ascendunt.
2053 3576 2184 3619 super
2222 3561 2379 3606 Filium
2426 3562 2642 3605 hominis?

1396 3634 1539 3691 (Joan.
1564 3649 1596 3687 ι,
1621 3637 1711 3693 51.)
1732 3635 1815 3679 Sed
1836 3637 2099 3680 descendere
2120 3646 2257 3697 super
2284 3647 2382 3678 eum
2414 3647 2503 3678 non
2537 3648 2640 3690 pos-

1395 3713 1504 3762 sent.
1531 3696 1615 3752 nisi
1633 3709 1786 3752 subtus
1810 3714 1942 3759 esset,
1963 3708 2035 3751 ubi
2061 3708 2167 3750 laeva
2191 3707 2285 3761 ejus
2307 3712 2388 3757 cst,
2407 3707 2485 3749 sub
2499 3707 2639 3762 capite

1393 3787 1564 3835 sponsae
1582 3793 1698 3824 suae:
1723 3780 1835 3823 sicut
1854 3791 1933 3823 nec
1955 3778 2008 3821 ad
2028 3791 2124 3822 eum
2148 3778 2381 3822 ascendere
2399 3779 2483 3822 nisi
2506 3791 2634 3833 supra

1390 3857 1521 3898 esset,
1547 3851 1621 3894 ubi
1641 3852 1814 3894 dextera
1832 3851 1926 3905 ejus
1963 3851 2238 3905 amplectitur
2274 3863 2399 3894 eam:
2446 3852 2635 3894 suaviter

1390 3935 1506 3965 nunc
1527 3924 1675 3966 laevam
1703 3922 1859 3978 Sponsi
1877 3923 1944 3966 sui
1964 3934 2122 3977 sponsa
2141 3923 2515 3976 substernitcapiti
2537 3934 2629 3966 suo:

1389 3995 1531 4038 sciens
1579 3995 1796 4038 dexteram
1838 3996 1931 4049 ejus
1976 3997 2235 4052 quandoque
2291 3995 2628 4049 amplexaturam

1387 4080 1481 4110 eam
1503 4084 1512 4111 ε
1533 4081 1586 4111 ex
1611 4069 1887 4123 perceptione
1908 4070 2186 4124 praesentium
2209 4079 2435 4110 munerum
2462 4066 2627 4108 firmam

1386 4139 1549 4183 habens
1576 4141 1938 4194 exspectationem
1964 4140 2222 4190 futurorum,
2243 4140 2628 4195 sructun1‚quoqne

1385 4224 1510 4255 suum
1550 4213 1714 4257 habens
1738 4216 1779 4256 in
1814 4214 2202 4269 sanctificationem,
2229 4213 2350 4266 finem
2391 4223 2481 4253 vero
2500 4209 2627 4250 vitam

1383 4291 1579 4326 oeternam
1604 4285 1740 4341 (Rom.
1765 4299 1823 4341 vt,
1843 4287 1931 4343 22).
1958 4287 2003 4330 ln
2027 4288 2108 4331 hoc
2127 4285 2242 4328 molli
2273 4290 2406 4328 strato
2438 4280 2629 4326 suaviter
