<?xml version="1.0" encoding="UTF-8"?>
<!DOCTYPE html PUBLIC "-//W3C//DTD XHTML 1.0 Transitional//EN"
    "http://www.w3.org/TR/xhtml1/DTD/xhtml1-transitional.dtd">
<html xmlns="http://www.w3.org/1999/xhtml" xml:lang="en" lang="en">
 <head>
  <title>
</title>
<meta http-equiv="Content-Type" content="text/html;charset=utf-8" />
  <meta name='ocr-system' content='tesseract 3.04.00' />
  <meta name='ocr-capabilities' content='ocr_page ocr_carea ocr_par ocr_line ocrx_word'/>
</head>
<body>
  <div class='ocr_page' id='page_1' title='image "./patrologiaecursu00hammuoft_0098.png"; bbox 0 0 2924 4588; ppageno 0'>
   <div class='ocr_carea' id='block_1_1' title="bbox 274 73 293 98">
    <p class='ocr_par' dir='ltr' id='par_1_1' title="bbox 274 73 293 98">
     <span class='ocr_line' id='line_1_1' title="bbox 274 73 293 98; baseline 0 0"><span class='ocrx_word' id='word_1_1' title='bbox 274 73 293 98; x_wconf 58' lang='grc' dir='ltr'>ἱ</span> 
     </span>
    </p>
   </div>
   <div class='ocr_carea' id='block_1_2' title="bbox 322 158 1607 3384">
    <p class='ocr_par' dir='ltr' id='par_1_2' title="bbox 322 158 1602 2225">
     <span class='ocr_line' id='line_1_2' title="bbox 332 158 410 202; baseline 0 -2"><span class='ocrx_word' id='word_1_2' title='bbox 332 158 410 202; x_wconf 73' lang='lat'>{79</span> 
     </span>
     <span class='ocr_line' id='line_1_3' title="bbox 329 220 1602 293; baseline -0.028 1"><span class='ocrx_word' id='word_1_3' title='bbox 329 248 529 293; x_wconf 81' lang='lat' dir='ltr'>Dominus</span> <span class='ocrx_word' id='word_1_4' title='bbox 547 242 747 290; x_wconf 85' lang='lat' dir='ltr'>ambulat,</span> <span class='ocrx_word' id='word_1_5' title='bbox 768 245 813 281; x_wconf 97' lang='grc' dir='ltr'>ιιι</span> <span class='ocrx_word' id='word_1_6' title='bbox 834 233 974 280; x_wconf 76' lang='lat' dir='ltr'>veniat</span> <span class='ocrx_word' id='word_1_7' title='bbox 994 233 1037 275; x_wconf 93' lang='lat' dir='ltr'>in</span> <span class='ocrx_word' id='word_1_8' title='bbox 1065 226 1304 272; x_wconf 74' lang='lat' dir='ltr'><strong>Bethlehem</strong></span> <span class='ocrx_word' id='word_1_9' title='bbox 1339 222 1408 265; x_wconf 88' lang='lat' dir='ltr'>his</span> <span class='ocrx_word' id='word_1_10' title='bbox 1436 228 1544 275; x_wconf 86' lang='lat' dir='ltr'>quos</span> <span class='ocrx_word' id='word_1_11' title='bbox 1567 220 1602 264; x_wconf 83' lang='grc' dir='ltr'><strong>Α</strong></span> 
     </span>
     <span class='ocr_line' id='line_1_4' title="bbox 329 294 1542 376; baseline -0.031 -9"><span class='ocrx_word' id='word_1_12' title='bbox 329 319 521 376; x_wconf 81' lang='lat' dir='ltr'>superius</span> <span class='ocrx_word' id='word_1_13' title='bbox 558 304 839 359; x_wconf 55' lang='lat' dir='ltr'>ofiendimus,</span> <span class='ocrx_word' id='word_1_14' title='bbox 877 304 1014 349; x_wconf 87' lang='lat' dir='ltr'>modis</span> <span class='ocrx_word' id='word_1_15' title='bbox 1057 306 1098 344; x_wconf 91' lang='lat' dir='ltr'>et</span> <span class='ocrx_word' id='word_1_16' title='bbox 1129 298 1211 340; x_wconf 80' lang='lat' dir='ltr'>viis</span> <span class='ocrx_word' id='word_1_17' title='bbox 1228 294 1280 338; x_wconf 86' lang='lat' dir='ltr'>ad</span> <span class='ocrx_word' id='word_1_18' title='bbox 1301 302 1446 336; x_wconf 73' lang='lat' dir='ltr'>veram</span> <span class='ocrx_word' id='word_1_19' title='bbox 1465 300 1542 331; x_wconf 89' lang='lat' dir='ltr'>nos</span> 
     </span>
     <span class='ocr_line' id='line_1_5' title="bbox 329 361 1545 438; baseline -0.029 -4"><span class='ocrx_word' id='word_1_20' title='bbox 329 388 631 438; x_wconf 75' lang='lat' dir='ltr'>confessionem</span> <span class='ocrx_word' id='word_1_21' title='bbox 647 381 936 438; x_wconf 53' lang='lat' dir='ltr'>perducente&amp;</span> <span class='ocrx_word' id='word_1_22' title='bbox 953 380 996 417; x_wconf 90' lang='lat' dir='ltr'>et</span> <span class='ocrx_word' id='word_1_23' title='bbox 1015 382 1183 415; x_wconf 79' lang='lat' dir='ltr'>suavem</span> <span class='ocrx_word' id='word_1_24' title='bbox 1211 364 1331 410; x_wconf 88' lang='lat' dir='ltr'>nobis</span> <span class='ocrx_word' id='word_1_25' title='bbox 1350 361 1545 417; x_wconf 85' lang='lat' dir='ltr'>spiritua·</span> 
     </span>
     <span class='ocr_line' id='line_1_6' title="bbox 328 430 1542 508; baseline -0.028 -4"><span class='ocrx_word' id='word_1_26' title='bbox 328 463 380 505; x_wconf 85' lang='lat' dir='ltr'>lis</span> <span class='ocrx_word' id='word_1_27' title='bbox 397 456 639 503; x_wconf 72' lang='lat' dir='ltr'>relectionis</span> <span class='ocrx_word' id='word_1_28' title='bbox 664 461 875 507; x_wconf 88' lang='lat' dir='ltr'>saporem,</span> <span class='ocrx_word' id='word_1_29' title='bbox 893 444 1184 501; x_wconf 75' lang='lat' dir='ltr'>sapidamque,</span> <span class='ocrx_word' id='word_1_30' title='bbox 1204 442 1250 480; x_wconf 91' lang='grc' dir='ltr'>ιιι</span> <span class='ocrx_word' id='word_1_31' title='bbox 1273 436 1330 478; x_wconf 88' lang='lat' dir='ltr'>ita</span> <span class='ocrx_word' id='word_1_32' title='bbox 1346 430 1542 508; x_wconf 74' lang='lat' dir='ltr'>dixerim,</span> 
     </span>
     <span class='ocr_line' id='line_1_7' title="bbox 328 513 1544 577; baseline -0.029 -2"><span class='ocrx_word' id='word_1_33' title='bbox 328 538 574 577; x_wconf 82' lang='lat' dir='ltr'>suavitatem</span> <span class='ocrx_word' id='word_1_34' title='bbox 623 527 664 567; x_wconf 93' lang='lat' dir='ltr'>in</span> <span class='ocrx_word' id='word_1_35' title='bbox 706 526 888 577; x_wconf 88' lang='lat' dir='ltr'>quatuor</span> <span class='ocrx_word' id='word_1_36' title='bbox 925 515 1035 561; x_wconf 86' lang='lat' dir='ltr'>istis,</span> <span class='ocrx_word' id='word_1_37' title='bbox 1058 521 1163 568; x_wconf 80' lang='lat' dir='ltr'>quas</span> <span class='ocrx_word' id='word_1_38' title='bbox 1195 513 1544 551; x_wconf 77' lang='lat' dir='ltr'>commemoravi·-</span> 
     </span>
     <span class='ocr_line' id='line_1_8' title="bbox 327 571 1542 650; baseline -0.027 -5"><span class='ocrx_word' id='word_1_39' title='bbox 327 616 434 650; x_wconf 71' lang='lat' dir='ltr'>mus‚</span> <span class='ocrx_word' id='word_1_40' title='bbox 462 599 656 644; x_wconf 77' lang='lat' dir='ltr'>domibus</span> <span class='ocrx_word' id='word_1_41' title='bbox 696 590 982 637; x_wconf 73' lang='lat' dir='ltr'>infundentes,</span> <span class='ocrx_word' id='word_1_42' title='bbox 1028 582 1254 635; x_wconf 88' lang='lat' dir='ltr'>unicuique</span> <span class='ocrx_word' id='word_1_43' title='bbox 1284 575 1400 619; x_wconf 84' lang='lat' dir='ltr'>Judae</span> <span class='ocrx_word' id='word_1_44' title='bbox 1422 571 1542 615; x_wconf 86' lang='lat' dir='ltr'>attri-</span> 
     </span>
     <span class='ocr_line' id='line_1_9' title="bbox 327 645 1544 724; baseline -0.026 -8"><span class='ocrx_word' id='word_1_45' title='bbox 327 675 463 716; x_wconf 86' lang='lat' dir='ltr'>butas.</span> <span class='ocrx_word' id='word_1_46' title='bbox 484 670 630 724; x_wconf 75' lang='lat' dir='ltr'>lugens</span> <span class='ocrx_word' id='word_1_47' title='bbox 652 662 874 707; x_wconf 83' lang='lat' dir='ltr'>admodum</span> <span class='ocrx_word' id='word_1_48' title='bbox 898 658 1060 701; x_wconf 84' lang='lat' dir='ltr'>utilitas</span> <span class='ocrx_word' id='word_1_49' title='bbox 1078 655 1120 697; x_wconf 92' lang='lat' dir='ltr'>in</span> <span class='ocrx_word' id='word_1_50' title='bbox 1142 653 1222 695; x_wconf 82' lang='lat' dir='ltr'>hoc</span> <span class='ocrx_word' id='word_1_51' title='bbox 1246 648 1338 701; x_wconf 87' lang='lat' dir='ltr'>ejus</span> <span class='ocrx_word' id='word_1_52' title='bbox 1360 645 1544 688; x_wconf 81' lang='lat' dir='ltr'>adventu</span> 
     </span>
     <span class='ocr_line' id='line_1_10' title="bbox 327 712 1544 787; baseline -0.025 -2"><span class='ocrx_word' id='word_1_53' title='bbox 327 747 367 785; x_wconf 91' lang='lat' dir='ltr'>in</span> <span class='ocrx_word' id='word_1_54' title='bbox 384 739 637 787; x_wconf 79' lang='lat' dir='ltr'>Bethlehem,</span> <span class='ocrx_word' id='word_1_55' title='bbox 661 740 703 777; x_wconf 91' lang='lat' dir='ltr'>et</span> <span class='ocrx_word' id='word_1_56' title='bbox 726 742 877 787; x_wconf 81' lang='lat' dir='ltr'>magna</span> <span class='ocrx_word' id='word_1_57' title='bbox 915 726 1088 771; x_wconf 86' lang='lat' dir='ltr'>omnino</span> <span class='ocrx_word' id='word_1_58' title='bbox 1110 722 1241 766; x_wconf 79' lang='lat' dir='ltr'>salus,</span> <span class='ocrx_word' id='word_1_59' title='bbox 1267 716 1387 760; x_wconf 86' lang='lat' dir='ltr'>Unde</span> <span class='ocrx_word' id='word_1_60' title='bbox 1410 719 1452 759; x_wconf 89' lang='lat' dir='ltr'>et</span> <span class='ocrx_word' id='word_1_61' title='bbox 1475 712 1544 755; x_wconf 90' lang='lat' dir='ltr'>hie</span> 
     </span>
     <span class='ocr_line' id='line_1_11' title="bbox 324 786 1542 861; baseline -0.024 -6"><span class='ocrx_word' id='word_1_62' title='bbox 324 815 366 857; x_wconf 88' lang='lat' dir='ltr'>in</span> <span class='ocrx_word' id='word_1_63' title='bbox 390 813 471 854; x_wconf 79' lang='lat' dir='ltr'>sine</span> <span class='ocrx_word' id='word_1_64' title='bbox 509 809 663 852; x_wconf 73' lang='lat' dir='ltr'>dicitur</span> <span class='ocrx_word' id='word_1_65' title='bbox 691 804 803 861; x_wconf 89' lang='lat' dir='ltr'>quod</span> <span class='ocrx_word' id='word_1_66' title='bbox 832 808 931 844; x_wconf 86' lang='lat' dir='ltr'>tune</span> <span class='ocrx_word' id='word_1_67' title='bbox 965 798 1109 842; x_wconf 81' lang='lat' dir='ltr'>salvus</span> <span class='ocrx_word' id='word_1_68' title='bbox 1131 794 1214 837; x_wconf 89' lang='lat' dir='ltr'>erit</span> <span class='ocrx_word' id='word_1_69' title='bbox 1240 786 1542 834; x_wconf 83' lang='lat' dir='ltr'>omnishomo,</span> 
     </span>
     <span class='ocr_line' id='line_1_12' title="bbox 324 857 1545 940; baseline -0.024 -13"><span class='ocrx_word' id='word_1_70' title='bbox 324 886 421 940; x_wconf 74' lang='lat' dir='ltr'>quia</span> <span class='ocrx_word' id='word_1_71' title='bbox 462 893 560 925; x_wconf 81' lang='lat' dir='ltr'>eece</span> <span class='ocrx_word' id='word_1_72' title='bbox 592 877 745 922; x_wconf 79' lang='lat' dir='ltr'>veniet.</span> <span class='ocrx_word' id='word_1_73' title='bbox 778 874 822 917; x_wconf 90' lang='lat' dir='ltr'>Si</span> <span class='ocrx_word' id='word_1_74' title='bbox 856 869 1088 925; x_wconf 81' lang='lat' dir='ltr'>intelligitis</span> <span class='ocrx_word' id='word_1_75' title='bbox 1110 864 1212 922; x_wconf 91' lang='lat' dir='ltr'>quid</span> <span class='ocrx_word' id='word_1_76' title='bbox 1239 857 1545 906; x_wconf 86' lang='lat' dir='ltr'>sitsecundum</span> 
     </span>
     <span class='ocr_line' id='line_1_13' title="bbox 326 931 1542 1008; baseline -0.023 -9"><span class='ocrx_word' id='word_1_77' title='bbox 326 957 451 1002; x_wconf 84' lang='lat' dir='ltr'>bunc,</span> <span class='ocrx_word' id='word_1_78' title='bbox 482 963 604 1008; x_wconf 76' lang='lat' dir='ltr'>quern</span> <span class='ocrx_word' id='word_1_79' title='bbox 646 960 779 1004; x_wconf 82' lang='lat' dir='ltr'>usque</span> <span class='ocrx_word' id='word_1_80' title='bbox 825 943 952 988; x_wconf 81' lang='lat' dir='ltr'>modo</span> <span class='ocrx_word' id='word_1_81' title='bbox 983 942 1028 984; x_wconf 91' lang='lat' dir='ltr'>in</span> <span class='ocrx_word' id='word_1_82' title='bbox 1064 937 1263 982; x_wconf 90' lang='lat' dir='ltr'>manibus</span> <span class='ocrx_word' id='word_1_83' title='bbox 1300 931 1542 978; x_wconf 79' lang='lat' dir='ltr'>habuimus,</span> 
     </span>
     <span class='ocr_line' id='line_1_14' title="bbox 324 1004 1546 1072; baseline -0.021 -3"><span class='ocrx_word' id='word_1_84' title='bbox 324 1036 508 1072; x_wconf 87' lang='lat' dir='ltr'>sensum,</span> <span class='ocrx_word' id='word_1_85' title='bbox 534 1020 758 1065; x_wconf 88' lang='lat' dir='ltr'>Dominum</span> <span class='ocrx_word' id='word_1_86' title='bbox 776 1017 920 1061; x_wconf 85' lang='lat' dir='ltr'>venire</span> <span class='ocrx_word' id='word_1_87' title='bbox 946 1010 1275 1058; x_wconf 87' lang='lat' dir='ltr'>in-Bethlehem,</span> <span class='ocrx_word' id='word_1_88' title='bbox 1303 1004 1423 1048; x_wconf 87' lang='lat' dir='ltr'>scitis</span> <span class='ocrx_word' id='word_1_89' title='bbox 1443 1013 1546 1046; x_wconf 90' lang='lat' dir='ltr'>con·</span> 
     </span>
     <span class='ocr_line' id='line_1_15' title="bbox 325 1070 1547 1152; baseline -0.025 -9"><span class='ocrx_word' id='word_1_90' title='bbox 325 1101 548 1152; x_wconf 74' lang='lat' dir='ltr'>sequenter</span> <span class='ocrx_word' id='word_1_91' title='bbox 582 1091 721 1135; x_wconf 89' lang='lat' dir='ltr'>omnis</span> <span class='ocrx_word' id='word_1_92' title='bbox 749 1086 953 1137; x_wconf 87' lang='lat' dir='ltr'>hominis,</span> <span class='ocrx_word' id='word_1_93' title='bbox 995 1083 1066 1140; x_wconf 87' lang='lat' dir='ltr'>qui</span> <span class='ocrx_word' id='word_1_94' title='bbox 1091 1078 1369 1138; x_wconf 83' lang='lat' dir='ltr'>spiritualiter</span> <span class='ocrx_word' id='word_1_95' title='bbox 1388 1070 1547 1118; x_wconf 84' lang='lat' dir='ltr'>salvari</span> 
     </span>
     <span class='ocr_line' id='line_1_16' title="bbox 322 1148 1543 1219; baseline -0.022 -6"><span class='ocrx_word' id='word_1_96' title='bbox 322 1169 547 1216; x_wconf 80' lang='lat' dir='ltr'>desiderat,</span> <span class='ocrx_word' id='word_1_97' title='bbox 572 1165 613 1207; x_wconf 91' lang='lat' dir='ltr'>in</span> <span class='ocrx_word' id='word_1_98' title='bbox 638 1164 730 1219; x_wconf 86' lang='lat' dir='ltr'>ejus</span> <span class='ocrx_word' id='word_1_99' title='bbox 774 1162 844 1205; x_wconf 92' lang='lat' dir='ltr'>illo</span> <span class='ocrx_word' id='word_1_100' title='bbox 868 1159 1049 1202; x_wconf 82' lang='lat' dir='ltr'>adventu</span> <span class='ocrx_word' id='word_1_101' title='bbox 1086 1154 1321 1198; x_wconf 77' lang='lat' dir='ltr'>consistere</span> <span class='ocrx_word' id='word_1_102' title='bbox 1346 1148 1543 1193; x_wconf 88' lang='lat' dir='ltr'>salutem.</span> 
     </span>
     <span class='ocr_line' id='line_1_17' title="bbox 325 1219 1539 1297; baseline -0.021 -12"><span class='ocrx_word' id='word_1_103' title='bbox 325 1241 403 1297; x_wconf 78' lang='grc'>57</span> <span class='ocrx_word' id='word_1_104' title='bbox 427 1239 510 1282; x_wconf 81' lang='lat' dir='ltr'>Nec</span> <span class='ocrx_word' id='word_1_105' title='bbox 527 1238 734 1279; x_wconf 86' lang='lat' dir='ltr'>ullatenus</span> <span class='ocrx_word' id='word_1_106' title='bbox 777 1233 917 1276; x_wconf 89' lang='lat' dir='ltr'>curari</span> <span class='ocrx_word' id='word_1_107' title='bbox 947 1241 1068 1286; x_wconf 87' lang='lat' dir='ltr'>posse</span> <span class='ocrx_word' id='word_1_108' title='bbox 1099 1228 1282 1280; x_wconf 79' lang='lat' dir='ltr'>aliquem</span> <span class='ocrx_word' id='word_1_109' title='bbox 1327 1219 1539 1264; x_wconf 86' lang='lat' dir='ltr'>hominem</span> 
     </span>
     <span class='ocr_line' id='line_1_18' title="bbox 325 1291 1599 1357; baseline -0.021 -2"><span class='ocrx_word' id='word_1_110' title='bbox 325 1312 582 1357; x_wconf 82' lang='lat' dir='ltr'>interiorem.</span> <span class='ocrx_word' id='word_1_111' title='bbox 619 1307 702 1351; x_wconf 89' lang='lat' dir='ltr'>nisi</span> <span class='ocrx_word' id='word_1_112' title='bbox 728 1315 899 1349; x_wconf 76' lang='lat' dir='ltr'>suavem</span> <span class='ocrx_word' id='word_1_113' title='bbox 929 1307 971 1346; x_wconf 90' lang='lat' dir='ltr'>et</span> <span class='ocrx_word' id='word_1_114' title='bbox 1003 1298 1194 1355; x_wconf 75' lang='lat' dir='ltr'>sapidam</span> <span class='ocrx_word' id='word_1_115' title='bbox 1229 1296 1363 1342; x_wconf 90' lang='lat' dir='ltr'>hanc,</span> <span class='ocrx_word' id='word_1_116' title='bbox 1388 1291 1440 1334; x_wconf 88' lang='lat' dir='ltr'>de</span> <span class='ocrx_word' id='word_1_117' title='bbox 1460 1300 1542 1344; x_wconf 90' lang='lat' dir='ltr'>qua</span> <span class='ocrx_word' id='word_1_118' title='bbox 1568 1298 1599 1343; x_wconf 81' lang='lat'>13</span> 
     </span>
     <span class='ocr_line' id='line_1_19' title="bbox 323 1362 1544 1435; baseline -0.02 -9"><span class='ocrx_word' id='word_1_119' title='bbox 323 1382 525 1426; x_wconf 89' lang='lat' dir='ltr'>nonnulla</span> <span class='ocrx_word' id='word_1_120' title='bbox 544 1381 631 1435; x_wconf 70' lang='lat' dir='ltr'>iam</span> <span class='ocrx_word' id='word_1_121' title='bbox 653 1378 853 1425; x_wconf 78' lang='lat' dir='ltr'>diximus,</span> <span class='ocrx_word' id='word_1_122' title='bbox 882 1371 991 1429; x_wconf 87' lang='lat' dir='ltr'>apud</span> <span class='ocrx_word' id='word_1_123' title='bbox 1014 1383 1110 1415; x_wconf 90' lang='lat' dir='ltr'>eum</span> <span class='ocrx_word' id='word_1_124' title='bbox 1134 1368 1318 1413; x_wconf 83' lang='lat' dir='ltr'>celebret</span> <span class='ocrx_word' id='word_1_125' title='bbox 1346 1362 1544 1407; x_wconf 83' lang='lat' dir='ltr'>refectio-</span> 
     </span>
     <span class='ocr_line' id='line_1_20' title="bbox 323 1433 1544 1504; baseline -0.022 -2"><span class='ocrx_word' id='word_1_126' title='bbox 323 1471 438 1502; x_wconf 86' lang='lat' dir='ltr'>nem.</span> <span class='ocrx_word' id='word_1_127' title='bbox 463 1456 543 1500; x_wconf 88' lang='lat' dir='ltr'>Sed</span> <span class='ocrx_word' id='word_1_128' title='bbox 570 1452 835 1498; x_wconf 88' lang='lat' dir='ltr'>considerate</span> <span class='ocrx_word' id='word_1_129' title='bbox 875 1460 967 1504; x_wconf 84' lang='lat' dir='ltr'>qnae</span> <span class='ocrx_word' id='word_1_130' title='bbox 1002 1447 1058 1489; x_wconf 79' lang='lat' dir='ltr'>sit</span> <span class='ocrx_word' id='word_1_131' title='bbox 1080 1444 1209 1499; x_wconf 87' lang='lat' dir='ltr'>hujus</span> <span class='ocrx_word' id='word_1_132' title='bbox 1231 1440 1284 1484; x_wconf 88' lang='lat' dir='ltr'>de</span> <span class='ocrx_word' id='word_1_133' title='bbox 1306 1450 1390 1494; x_wconf 92' lang='lat' dir='ltr'>quo</span> <span class='ocrx_word' id='word_1_134' title='bbox 1410 1433 1544 1491; x_wconf 89' lang='lat' dir='ltr'>loqui-</span> 
     </span>
     <span class='ocr_line' id='line_1_21' title="bbox 324 1507 1541 1579; baseline -0.021 -6"><span class='ocrx_word' id='word_1_135' title='bbox 324 1542 434 1578; x_wconf 84' lang='lat' dir='ltr'>mur,</span> <span class='ocrx_word' id='word_1_136' title='bbox 462 1526 643 1571; x_wconf 88' lang='lat' dir='ltr'>hominis</span> <span class='ocrx_word' id='word_1_137' title='bbox 679 1521 901 1579; x_wconf 72' lang='lat' dir='ltr'>aegritudo,</span> <span class='ocrx_word' id='word_1_138' title='bbox 942 1524 985 1563; x_wconf 87' lang='lat' dir='ltr'>et</span> <span class='ocrx_word' id='word_1_139' title='bbox 1023 1515 1164 1559; x_wconf 64' lang='lat' dir='ltr'>videte</span> <span class='ocrx_word' id='word_1_140' title='bbox 1207 1513 1243 1557; x_wconf 90' lang='lat' dir='ltr'>si</span> <span class='ocrx_word' id='word_1_141' title='bbox 1270 1523 1355 1554; x_wconf 88' lang='lat' dir='ltr'>non</span> <span class='ocrx_word' id='word_1_142' title='bbox 1378 1513 1444 1553; x_wconf 88' lang='lat' dir='ltr'>est</span> <span class='ocrx_word' id='word_1_143' title='bbox 1467 1507 1541 1551; x_wconf 83' lang='lat' dir='ltr'>ita.</span> 
     </span>
     <span class='ocr_line' id='line_1_22' title="bbox 324 1587 1545 1654; baseline -0.018 -11"><span class='ocrx_word' id='word_1_144' title='bbox 324 1600 398 1646; x_wconf 81' lang='lat' dir='ltr'>Est</span> <span class='ocrx_word' id='word_1_145' title='bbox 420 1599 571 1654; x_wconf 88' lang='lat' dir='ltr'>aliquis</span> <span class='ocrx_word' id='word_1_146' title='bbox 610 1596 683 1652; x_wconf 86' lang='lat' dir='ltr'>qui</span> <span class='ocrx_word' id='word_1_147' title='bbox 722 1593 994 1648; x_wconf 89' lang='lat' dir='ltr'>semetipsum</span> <span class='ocrx_word' id='word_1_148' title='bbox 1031 1588 1210 1644; x_wconf 66' lang='lat' dir='ltr'>proiecit</span> <span class='ocrx_word' id='word_1_149' title='bbox 1246 1589 1342 1640; x_wconf 88' lang='lat' dir='ltr'>post</span> <span class='ocrx_word' id='word_1_150' title='bbox 1379 1587 1545 1636; x_wconf 80' lang='lat' dir='ltr'>tergum</span> 
     </span>
     <span class='ocr_line' id='line_1_23' title="bbox 324 1651 1547 1723; baseline -0.02 -5"><span class='ocrx_word' id='word_1_151' title='bbox 324 1685 465 1721; x_wconf 78' lang='lat' dir='ltr'>suum,</span> <span class='ocrx_word' id='word_1_152' title='bbox 486 1677 528 1713; x_wconf 90' lang='lat' dir='ltr'>ct</span> <span class='ocrx_word' id='word_1_153' title='bbox 550 1665 848 1723; x_wconf 73' lang='lat' dir='ltr'>incorrigibilis</span> <span class='ocrx_word' id='word_1_154' title='bbox 871 1663 1021 1719; x_wconf 73' lang='lat' dir='ltr'>iacens</span> <span class='ocrx_word' id='word_1_155' title='bbox 1041 1662 1083 1704; x_wconf 89' lang='lat' dir='ltr'>in</span> <span class='ocrx_word' id='word_1_156' title='bbox 1100 1663 1274 1715; x_wconf 86' lang='lat' dir='ltr'>peccato</span> <span class='ocrx_word' id='word_1_157' title='bbox 1299 1667 1377 1700; x_wconf 90' lang='lat' dir='ltr'>suo</span> <span class='ocrx_word' id='word_1_158' title='bbox 1399 1651 1547 1695; x_wconf 86' lang='lat' dir='ltr'>durior</span> 
     </span>
     <span class='ocr_line' id='line_1_24' title="bbox 325 1725 1546 1793; baseline -0.017 -7"><span class='ocrx_word' id='word_1_159' title='bbox 325 1744 544 1787; x_wconf 84' lang='lat' dir='ltr'>adamante</span> <span class='ocrx_word' id='word_1_160' title='bbox 562 1756 572 1793; x_wconf 84' lang='lat'><em>;</em></span> <span class='ocrx_word' id='word_1_161' title='bbox 593 1740 753 1784; x_wconf 89' lang='lat' dir='ltr'>nullum</span> <span class='ocrx_word' id='word_1_162' title='bbox 774 1734 907 1779; x_wconf 84' lang='lat' dir='ltr'>divini</span> <span class='ocrx_word' id='word_1_163' title='bbox 926 1733 1096 1776; x_wconf 86' lang='lat' dir='ltr'>timoris</span> <span class='ocrx_word' id='word_1_164' title='bbox 1114 1734 1352 1785; x_wconf 87' lang='lat' dir='ltr'>respectum</span> <span class='ocrx_word' id='word_1_165' title='bbox 1365 1725 1546 1776; x_wconf 80' lang='lat' dir='ltr'>habens,</span> 
     </span>
     <span class='ocr_line' id='line_1_25' title="bbox 325 1795 1550 1859; baseline -0.017 0"><span class='ocrx_word' id='word_1_166' title='bbox 325 1815 398 1859; x_wconf 79' lang='lat' dir='ltr'>sed</span> <span class='ocrx_word' id='word_1_167' title='bbox 422 1813 561 1857; x_wconf 87' lang='lat' dir='ltr'>attrita</span> <span class='ocrx_word' id='word_1_168' title='bbox 580 1812 767 1856; x_wconf 77' lang='lat' dir='ltr'>exterius</span> <span class='ocrx_word' id='word_1_169' title='bbox 790 1808 943 1858; x_wconf 87' lang='lat' dir='ltr'>fronte,</span> <span class='ocrx_word' id='word_1_170' title='bbox 967 1810 1010 1849; x_wconf 81' lang='lat' dir='ltr'>et</span> <span class='ocrx_word' id='word_1_171' title='bbox 1040 1801 1286 1847; x_wconf 78' lang='lat' dir='ltr'>indomabili</span> <span class='ocrx_word' id='word_1_172' title='bbox 1320 1798 1447 1843; x_wconf 86' lang='lat' dir='ltr'>corde</span> <span class='ocrx_word' id='word_1_173' title='bbox 1471 1795 1550 1839; x_wconf 79' lang='lat' dir='ltr'>do·</span> 
     </span>
     <span class='ocr_line' id='line_1_26' title="bbox 324 1868 1549 1942; baseline -0.016 -12"><span class='ocrx_word' id='word_1_174' title='bbox 324 1901 417 1930; x_wconf 88' lang='lat' dir='ltr'>mus</span> <span class='ocrx_word' id='word_1_175' title='bbox 437 1899 509 1942; x_wconf 83' lang='lat' dir='ltr'>per</span> <span class='ocrx_word' id='word_1_176' title='bbox 538 1885 677 1927; x_wconf 89' lang='lat' dir='ltr'>omnia</span> <span class='ocrx_word' id='word_1_177' title='bbox 707 1891 964 1936; x_wconf 82' lang='lat' dir='ltr'>exasperans</span> <span class='ocrx_word' id='word_1_178' title='bbox 986 1877 1162 1922; x_wconf 76' lang='lat' dir='ltr'>effectus</span> <span class='ocrx_word' id='word_1_179' title='bbox 1187 1872 1353 1931; x_wconf 76' lang='lat' dir='ltr'>(Ezech.</span> <span class='ocrx_word' id='word_1_180' title='bbox 1382 1882 1458 1920; x_wconf 77' lang='lat' dir='ltr'>xxi,</span> <span class='ocrx_word' id='word_1_181' title='bbox 1484 1868 1549 1925; x_wconf 71' lang='grc' dir='ltr'>ὅ).</span> 
     </span>
     <span class='ocr_line' id='line_1_27' title="bbox 324 1941 1548 2006; baseline -0.016 -4"><span class='ocrx_word' id='word_1_182' title='bbox 324 1958 470 2002; x_wconf 83' lang='lat' dir='ltr'>Nonne</span> <span class='ocrx_word' id='word_1_183' title='bbox 505 1958 630 2000; x_wconf 89' lang='lat' dir='ltr'>istum</span> <span class='ocrx_word' id='word_1_184' title='bbox 663 1953 892 2003; x_wconf 82' lang='lat' dir='ltr'>infirmum,</span> <span class='ocrx_word' id='word_1_185' title='bbox 925 1957 968 1995; x_wconf 88' lang='lat' dir='ltr'>et</span> <span class='ocrx_word' id='word_1_186' title='bbox 992 1950 1161 2006; x_wconf 88' lang='lat' dir='ltr'>quidem</span> <span class='ocrx_word' id='word_1_187' title='bbox 1208 1957 1315 2001; x_wconf 84' lang='lat' dir='ltr'>pene</span> <span class='ocrx_word' id='word_1_188' title='bbox 1337 1955 1471 1999; x_wconf 84' lang='lat' dir='ltr'>usque</span> <span class='ocrx_word' id='word_1_189' title='bbox 1494 1941 1548 1984; x_wconf 87' lang='lat' dir='ltr'>ad</span> 
     </span>
     <span class='ocr_line' id='line_1_28' title="bbox 325 2019 1549 2082; baseline -0.015 -7"><span class='ocrx_word' id='word_1_190' title='bbox 325 2037 500 2075; x_wconf 89' lang='lat' dir='ltr'>mortem</span> <span class='ocrx_word' id='word_1_191' title='bbox 537 2040 703 2077; x_wconf 88' lang='lat' dir='ltr'>censes,</span> <span class='ocrx_word' id='word_1_192' title='bbox 737 2026 808 2082; x_wconf 90' lang='lat' dir='ltr'>qui</span> <span class='ocrx_word' id='word_1_193' title='bbox 845 2023 1077 2069; x_wconf 86' lang='lat' dir='ltr'>seeundum</span> <span class='ocrx_word' id='word_1_194' title='bbox 1122 2020 1321 2065; x_wconf 88' lang='lat' dir='ltr'>duritiam</span> <span class='ocrx_word' id='word_1_195' title='bbox 1347 2028 1467 2062; x_wconf 88' lang='lat' dir='ltr'>suam</span> <span class='ocrx_word' id='word_1_196' title='bbox 1506 2019 1549 2058; x_wconf 87' lang='lat' dir='ltr'>et</span> 
     </span>
     <span class='ocr_line' id='line_1_29' title="bbox 326 2089 1550 2156; baseline -0.016 -9"><span class='ocrx_word' id='word_1_197' title='bbox 326 2101 591 2156; x_wconf 79' lang='lat' dir='ltr'>impoeniteus</span> <span class='ocrx_word' id='word_1_198' title='bbox 611 2110 685 2142; x_wconf 89' lang='lat' dir='ltr'>cor</span> <span class='ocrx_word' id='word_1_199' title='bbox 701 2096 962 2140; x_wconf 87' lang='lat' dir='ltr'>thesaurizat</span> <span class='ocrx_word' id='word_1_200' title='bbox 985 2094 1065 2139; x_wconf 90' lang='lat' dir='ltr'>sibi</span> <span class='ocrx_word' id='word_1_201' title='bbox 1092 2093 1199 2135; x_wconf 89' lang='lat' dir='ltr'>iram</span> <span class='ocrx_word' id='word_1_202' title='bbox 1229 2092 1271 2134; x_wconf 90' lang='lat' dir='ltr'>in</span> <span class='ocrx_word' id='word_1_203' title='bbox 1306 2090 1376 2133; x_wconf 89' lang='lat' dir='ltr'>die</span> <span class='ocrx_word' id='word_1_204' title='bbox 1413 2089 1487 2130; x_wconf 82' lang='lat' dir='ltr'>irae</span> <span class='ocrx_word' id='word_1_205' title='bbox 1508 2091 1550 2129; x_wconf 85' lang='lat' dir='ltr'>et</span> 
     </span>
     <span class='ocr_line' id='line_1_30' title="bbox 328 2163 1300 2225; baseline -0.009 -9"><span class='ocrx_word' id='word_1_206' title='bbox 328 2170 709 2225; x_wconf 79' lang='lat' dir='ltr'>revelationisjusti</span> <span class='ocrx_word' id='word_1_207' title='bbox 730 2168 875 2222; x_wconf 75' lang='lat' dir='ltr'>iudicii</span> <span class='ocrx_word' id='word_1_208' title='bbox 900 2167 999 2211; x_wconf 79' lang='lat' dir='ltr'>Dei?</span> <span class='ocrx_word' id='word_1_209' title='bbox 1017 2165 1151 2223; x_wconf 77' lang='lat' dir='ltr'>(Rom.</span> <span class='ocrx_word' id='word_1_210' title='bbox 1171 2177 1219 2214; x_wconf 84' lang='lat'>11,</span> <span class='ocrx_word' id='word_1_211' title='bbox 1240 2163 1300 2220; x_wconf 83' lang='grc'>5.)</span> 
     </span>
    </p>

    <p class='ocr_par' dir='ltr' id='par_1_3' title="bbox 324 2235 1607 3384">
     <span class='ocr_line' id='line_1_31' title="bbox 382 2235 1551 2297; baseline -0.01 -9"><span class='ocrx_word' id='word_1_212' title='bbox 382 2245 451 2288; x_wconf 83' lang='lat' dir='ltr'>xt.</span> <span class='ocrx_word' id='word_1_213' title='bbox 483 2244 556 2287; x_wconf 83' lang='lat' dir='ltr'>Est</span> <span class='ocrx_word' id='word_1_214' title='bbox 570 2250 612 2287; x_wconf 90' lang='lat' dir='ltr'>et</span> <span class='ocrx_word' id='word_1_215' title='bbox 634 2244 740 2285; x_wconf 89' lang='lat' dir='ltr'>alius</span> <span class='ocrx_word' id='word_1_216' title='bbox 773 2255 857 2284; x_wconf 91' lang='lat' dir='ltr'>non</span> <span class='ocrx_word' id='word_1_217' title='bbox 886 2252 1038 2297; x_wconf 79' lang='lat' dir='ltr'>magno</span> <span class='ocrx_word' id='word_1_218' title='bbox 1058 2238 1255 2282; x_wconf 73' lang='lat' dir='ltr'>fortassis</span> <span class='ocrx_word' id='word_1_219' title='bbox 1280 2235 1422 2291; x_wconf 86' lang='lat' dir='ltr'>aliquo</span> <span class='ocrx_word' id='word_1_220' title='bbox 1452 2246 1551 2291; x_wconf 83' lang='lat' dir='ltr'>pec-</span> 
     </span>
     <span class='ocr_line' id='line_1_32' title="bbox 327 2306 1551 2373; baseline -0.009 -13"><span class='ocrx_word' id='word_1_221' title='bbox 327 2318 411 2360; x_wconf 82' lang='lat' dir='ltr'>cati</span> <span class='ocrx_word' id='word_1_222' title='bbox 446 2315 630 2373; x_wconf 86' lang='lat' dir='ltr'>pondere</span> <span class='ocrx_word' id='word_1_223' title='bbox 661 2322 876 2371; x_wconf 71' lang='lat' dir='ltr'>gravatus,</span> <span class='ocrx_word' id='word_1_224' title='bbox 900 2314 1016 2355; x_wconf 89' lang='lat' dir='ltr'>nullo</span> <span class='ocrx_word' id='word_1_225' title='bbox 1038 2318 1178 2356; x_wconf 80' lang='lat' dir='ltr'>tamen</span> <span class='ocrx_word' id='word_1_226' title='bbox 1196 2309 1295 2352; x_wconf 85' lang='lat' dir='ltr'>honi</span> <span class='ocrx_word' id='word_1_227' title='bbox 1313 2308 1454 2365; x_wconf 87' lang='lat' dir='ltr'>operis</span> <span class='ocrx_word' id='word_1_228' title='bbox 1476 2306 1551 2350; x_wconf 89' lang='lat' dir='ltr'>dc-</span> 
     </span>
     <span class='ocr_line' id='line_1_33' title="bbox 324 2358 1607 2441; baseline -0.011 -7"><span class='ocrx_word' id='word_1_229' title='bbox 324 2403 427 2433; x_wconf 79' lang='lat' dir='ltr'>eore</span> <span class='ocrx_word' id='word_1_230' title='bbox 443 2390 621 2433; x_wconf 76' lang='lat' dir='ltr'>vestitus</span> <span class='ocrx_word' id='word_1_231' title='bbox 646 2404 653 2429; x_wconf 93' lang='lat'>:</span> <span class='ocrx_word' id='word_1_232' title='bbox 682 2387 897 2430; x_wconf 88' lang='lat' dir='ltr'>marcidus</span> <span class='ocrx_word' id='word_1_233' title='bbox 916 2386 1086 2441; x_wconf 75' lang='lat' dir='ltr'>jacens,</span> <span class='ocrx_word' id='word_1_234' title='bbox 1112 2391 1153 2428; x_wconf 88' lang='lat' dir='ltr'>et</span> <span class='ocrx_word' id='word_1_235' title='bbox 1172 2383 1405 2439; x_wconf 79' lang='lat' dir='ltr'>negligens.</span> <span class='ocrx_word' id='word_1_236' title='bbox 1434 2380 1551 2423; x_wconf 89' lang='lat' dir='ltr'>Sicut</span> <span class='ocrx_word' id='word_1_237' title='bbox 1573 2358 1607 2406; x_wconf 78' lang='lat' dir='ltr'>C</span> 
     </span>
     <span class='ocr_line' id='line_1_34' title="bbox 328 2453 1551 2514; baseline -0.008 -8"><span class='ocrx_word' id='word_1_238' title='bbox 328 2475 414 2506; x_wconf 88' lang='lat' dir='ltr'>non</span> <span class='ocrx_word' id='word_1_239' title='bbox 436 2462 480 2504; x_wconf 80' lang='lat' dir='ltr'>in</span> <span class='ocrx_word' id='word_1_240' title='bbox 501 2461 682 2503; x_wconf 77' lang='lat' dir='ltr'>crimine</span> <span class='ocrx_word' id='word_1_241' title='bbox 711 2459 905 2514; x_wconf 81' lang='lat' dir='ltr'>frigidus,</span> <span class='ocrx_word' id='word_1_242' title='bbox 930 2458 987 2500; x_wconf 88' lang='lat' dir='ltr'>ita</span> <span class='ocrx_word' id='word_1_243' title='bbox 1011 2468 1090 2500; x_wconf 89' lang='lat' dir='ltr'>nee</span> <span class='ocrx_word' id='word_1_244' title='bbox 1115 2457 1158 2499; x_wconf 89' lang='lat' dir='ltr'>in</span> <span class='ocrx_word' id='word_1_245' title='bbox 1183 2455 1338 2498; x_wconf 86' lang='lat' dir='ltr'>virtute</span> <span class='ocrx_word' id='word_1_246' title='bbox 1358 2453 1523 2497; x_wconf 84' lang='lat' dir='ltr'>calidus</span> <span class='ocrx_word' id='word_1_247' title='bbox 1539 2484 1551 2504; x_wconf 88' lang='lat'>,</span> 
     </span>
     <span class='ocr_line' id='line_1_35' title="bbox 326 2525 1554 2588; baseline -0.009 -10"><span class='ocrx_word' id='word_1_248' title='bbox 326 2534 402 2579; x_wconf 78' lang='lat' dir='ltr'>sed</span> <span class='ocrx_word' id='word_1_249' title='bbox 430 2535 472 2577; x_wconf 91' lang='lat' dir='ltr'>in</span> <span class='ocrx_word' id='word_1_250' title='bbox 500 2539 671 2588; x_wconf 79' lang='lat' dir='ltr'>torpore</span> <span class='ocrx_word' id='word_1_251' title='bbox 701 2530 883 2587; x_wconf 86' lang='lat' dir='ltr'>tepidus,</span> <span class='ocrx_word' id='word_1_252' title='bbox 917 2536 959 2573; x_wconf 90' lang='lat' dir='ltr'>et</span> <span class='ocrx_word' id='word_1_253' title='bbox 988 2529 1082 2572; x_wconf 88' lang='lat' dir='ltr'>ideo</span> <span class='ocrx_word' id='word_1_254' title='bbox 1103 2528 1156 2571; x_wconf 86' lang='lat' dir='ltr'>ab</span> <span class='ocrx_word' id='word_1_255' title='bbox 1173 2539 1248 2570; x_wconf 89' lang='lat' dir='ltr'>ore</span> <span class='ocrx_word' id='word_1_256' title='bbox 1264 2525 1432 2570; x_wconf 81' lang='lat' dir='ltr'>Domini</span> <span class='ocrx_word' id='word_1_257' title='bbox 1454 2538 1554 2568; x_wconf 83' lang='lat' dir='ltr'>evo·</span> 
     </span>
     <span class='ocr_line' id='line_1_36' title="bbox 327 2596 1554 2660; baseline -0.007 -13"><span class='ocrx_word' id='word_1_258' title='bbox 327 2603 507 2648; x_wconf 84' lang='lat' dir='ltr'>mendus</span> <span class='ocrx_word' id='word_1_259' title='bbox 539 2603 678 2660; x_wconf 67' lang='lat' dir='ltr'>(Apin.</span> <span class='ocrx_word' id='word_1_260' title='bbox 704 2614 772 2651; x_wconf 81' lang='grc' dir='ltr'>ιιι,</span> <span class='ocrx_word' id='word_1_261' title='bbox 798 2601 895 2657; x_wconf 74' lang='grc'>16);</span> <span class='ocrx_word' id='word_1_262' title='bbox 921 2606 962 2644; x_wconf 91' lang='lat' dir='ltr'>et</span> <span class='ocrx_word' id='word_1_263' title='bbox 987 2601 1114 2643; x_wconf 85' lang='lat' dir='ltr'>istum</span> <span class='ocrx_word' id='word_1_264' title='bbox 1148 2610 1299 2643; x_wconf 89' lang='lat' dir='ltr'>sanum</span> <span class='ocrx_word' id='word_1_265' title='bbox 1337 2597 1432 2653; x_wconf 86' lang='lat' dir='ltr'>quis</span> <span class='ocrx_word' id='word_1_266' title='bbox 1470 2596 1554 2639; x_wconf 86' lang='lat' dir='ltr'>nisi</span> 
     </span>
     <span class='ocr_line' id='line_1_37' title="bbox 328 2670 1556 2733; baseline -0.004 -14"><span class='ocrx_word' id='word_1_267' title='bbox 328 2677 505 2722; x_wconf 84' lang='lat' dir='ltr'>insanus</span> <span class='ocrx_word' id='word_1_268' title='bbox 530 2677 708 2721; x_wconf 77' lang='lat' dir='ltr'>dixerit?</span> <span class='ocrx_word' id='word_1_269' title='bbox 730 2678 772 2720; x_wconf 83' lang='lat' dir='ltr'>in</span> <span class='ocrx_word' id='word_1_270' title='bbox 791 2689 877 2733; x_wconf 68' lang='lat' dir='ltr'>qno</span> <span class='ocrx_word' id='word_1_271' title='bbox 896 2687 920 2717; x_wconf 87' lang='lat' dir='ltr'>a</span> <span class='ocrx_word' id='word_1_272' title='bbox 943 2676 1086 2732; x_wconf 89' lang='lat' dir='ltr'>planta</span> <span class='ocrx_word' id='word_1_273' title='bbox 1120 2674 1265 2731; x_wconf 88' lang='lat' dir='ltr'>pedis,</span> <span class='ocrx_word' id='word_1_274' title='bbox 1295 2673 1367 2729; x_wconf 89' lang='lat' dir='ltr'>qui</span> <span class='ocrx_word' id='word_1_275' title='bbox 1398 2670 1556 2715; x_wconf 86' lang='lat' dir='ltr'>incedit</span> 
     </span>
     <span class='ocr_line' id='line_1_38' title="bbox 330 2742 1556 2806; baseline -0.002 -15"><span class='ocrx_word' id='word_1_276' title='bbox 330 2749 372 2791; x_wconf 89' lang='lat' dir='ltr'>in</span> <span class='ocrx_word' id='word_1_277' title='bbox 390 2750 656 2806; x_wconf 73' lang='lat' dir='ltr'>cogitatione.</span> <span class='ocrx_word' id='word_1_278' title='bbox 691 2761 824 2805; x_wconf 82' lang='lat' dir='ltr'>nsque</span> <span class='ocrx_word' id='word_1_279' title='bbox 850 2748 903 2792; x_wconf 79' lang='lat' dir='ltr'>ad</span> <span class='ocrx_word' id='word_1_280' title='bbox 923 2749 1143 2796; x_wconf 75' lang='lat' dir='ltr'>verticem,</span> <span class='ocrx_word' id='word_1_281' title='bbox 1174 2747 1247 2803; x_wconf 90' lang='lat' dir='ltr'>qui</span> <span class='ocrx_word' id='word_1_282' title='bbox 1275 2746 1460 2790; x_wconf 89' lang='lat' dir='ltr'>eminere</span> <span class='ocrx_word' id='word_1_283' title='bbox 1482 2742 1556 2789; x_wconf 86' lang='lat' dir='ltr'>de·</span> 
     </span>
     <span class='ocr_line' id='line_1_39' title="bbox 332 2817 1555 2876; baseline -0.006 -9"><span class='ocrx_word' id='word_1_284' title='bbox 332 2823 399 2867; x_wconf 87' lang='lat' dir='ltr'>bct</span> <span class='ocrx_word' id='word_1_285' title='bbox 423 2823 464 2865; x_wconf 91' lang='lat' dir='ltr'>in</span> <span class='ocrx_word' id='word_1_286' title='bbox 488 2824 671 2873; x_wconf 87' lang='lat' dir='ltr'>actione,</span> <span class='ocrx_word' id='word_1_287' title='bbox 704 2822 865 2866; x_wconf 83' lang='lat' dir='ltr'>sanitas</span> <span class='ocrx_word' id='word_1_288' title='bbox 887 2834 972 2865; x_wconf 92' lang='lat' dir='ltr'>non</span> <span class='ocrx_word' id='word_1_289' title='bbox 990 2818 1192 2876; x_wconf 72' lang='lat' dir='ltr'>estUsa.</span> <span class='ocrx_word' id='word_1_290' title='bbox 1215 2831 1245 2871; x_wconf 89' lang='grc' dir='ltr'>ι,</span> <span class='ocrx_word' id='word_1_291' title='bbox 1274 2818 1343 2874; x_wconf 90' lang='grc'>6).</span> <span class='ocrx_word' id='word_1_292' title='bbox 1372 2818 1496 2862; x_wconf 83' lang='lat' dir='ltr'>Certe</span> <span class='ocrx_word' id='word_1_293' title='bbox 1518 2817 1555 2862; x_wconf 88' lang='lat' dir='ltr'>si</span> 
     </span>
     <span class='ocr_line' id='line_1_40' title="bbox 333 2891 1557 2949; baseline -0.007 -8"><span class='ocrx_word' id='word_1_294' title='bbox 333 2895 413 2941; x_wconf 83' lang='lat' dir='ltr'>hoc</span> <span class='ocrx_word' id='word_1_295' title='bbox 436 2894 667 2938; x_wconf 78' lang='lat' dir='ltr'>secundum</span> <span class='ocrx_word' id='word_1_296' title='bbox 697 2895 878 2949; x_wconf 83' lang='lat' dir='ltr'>aliquem</span> <span class='ocrx_word' id='word_1_297' title='bbox 901 2894 1072 2936; x_wconf 90' lang='lat' dir='ltr'>modum</span> <span class='ocrx_word' id='word_1_298' title='bbox 1096 2898 1176 2942; x_wconf 81' lang='lat' dir='ltr'>est,</span> <span class='ocrx_word' id='word_1_299' title='bbox 1201 2891 1353 2937; x_wconf 68' lang='lat' dir='ltr'>anima}</span> <span class='ocrx_word' id='word_1_300' title='bbox 1370 2903 1464 2934; x_wconf 88' lang='lat' dir='ltr'>esse</span> <span class='ocrx_word' id='word_1_301' title='bbox 1487 2902 1557 2933; x_wconf 86' lang='lat' dir='ltr'>sa·</span> 
     </span>
     <span class='ocr_line' id='line_1_41' title="bbox 330 2956 1556 3024; baseline -0.002 -13"><span class='ocrx_word' id='word_1_302' title='bbox 330 2979 449 3017; x_wconf 82' lang='lat' dir='ltr'>num,</span> <span class='ocrx_word' id='word_1_303' title='bbox 479 2968 590 3024; x_wconf 87' lang='lat' dir='ltr'>quod</span> <span class='ocrx_word' id='word_1_304' title='bbox 624 2974 665 3009; x_wconf 86' lang='lat' dir='ltr'>et</span> <span class='ocrx_word' id='word_1_305' title='bbox 701 2966 900 3010; x_wconf 88' lang='lat' dir='ltr'>decorum</span> <span class='ocrx_word' id='word_1_306' title='bbox 955 2966 1043 3022; x_wconf 86' lang='lat' dir='ltr'>(qui</span> <span class='ocrx_word' id='word_1_307' title='bbox 1081 2966 1194 3009; x_wconf 84' lang='lat' dir='ltr'>enim</span> <span class='ocrx_word' id='word_1_308' title='bbox 1220 2977 1297 3020; x_wconf 78' lang='lat' dir='ltr'>per</span> <span class='ocrx_word' id='word_1_309' title='bbox 1328 2956 1556 3008; x_wconf 82' lang='lat' dir='ltr'>sanita‘tem</span> 
     </span>
     <span class='ocr_line' id='line_1_42' title="bbox 329 3038 1556 3096; baseline -0.004 -11"><span class='ocrx_word' id='word_1_310' title='bbox 329 3041 457 3093; x_wconf 82' lang='lat' dir='ltr'>valet,</span> <span class='ocrx_word' id='word_1_311' title='bbox 472 3039 559 3095; x_wconf 85' lang='lat' dir='ltr'>ipse</span> <span class='ocrx_word' id='word_1_312' title='bbox 582 3045 887 3096; x_wconf 75' lang='lat' dir='ltr'>consequenter</span> <span class='ocrx_word' id='word_1_313' title='bbox 902 3045 943 3083; x_wconf 91' lang='lat' dir='ltr'>et</span> <span class='ocrx_word' id='word_1_314' title='bbox 961 3052 1033 3094; x_wconf 89' lang='lat' dir='ltr'>per</span> <span class='ocrx_word' id='word_1_315' title='bbox 1049 3039 1230 3093; x_wconf 88' lang='lat' dir='ltr'>speciem</span> <span class='ocrx_word' id='word_1_316' title='bbox 1248 3038 1388 3094; x_wconf 75' lang='lat' dir='ltr'>nitet),</span> <span class='ocrx_word' id='word_1_317' title='bbox 1412 3038 1556 3081; x_wconf 85' lang='lat' dir='ltr'>nescio</span> 
     </span>
     <span class='ocr_line' id='line_1_43' title="bbox 334 3111 1559 3170; baseline -0.002 -14"><span class='ocrx_word' id='word_1_318' title='bbox 334 3126 421 3170; x_wconf 83' lang='lat' dir='ltr'>quo</span> <span class='ocrx_word' id='word_1_319' title='bbox 448 3118 570 3170; x_wconf 84' lang='lat' dir='ltr'>pacto</span> <span class='ocrx_word' id='word_1_320' title='bbox 601 3116 715 3156; x_wconf 87' lang='lat' dir='ltr'>hune</span> <span class='ocrx_word' id='word_1_321' title='bbox 746 3125 893 3156; x_wconf 89' lang='lat' dir='ltr'>sanum</span> <span class='ocrx_word' id='word_1_322' title='bbox 927 3125 1022 3156; x_wconf 89' lang='lat' dir='ltr'>esse</span> <span class='ocrx_word' id='word_1_323' title='bbox 1060 3111 1275 3162; x_wconf 75' lang='lat' dir='ltr'>fateberis,</span> <span class='ocrx_word' id='word_1_324' title='bbox 1300 3111 1377 3168; x_wconf 89' lang='lat' dir='ltr'>qui</span> <span class='ocrx_word' id='word_1_325' title='bbox 1397 3123 1559 3167; x_wconf 80' lang='lat' dir='ltr'>nequa-</span> 
     </span>
     <span class='ocr_line' id='line_1_44' title="bbox 333 3184 1558 3240; baseline -0.002 -11"><span class='ocrx_word' id='word_1_326' title='bbox 333 3196 461 3240; x_wconf 76' lang='lat' dir='ltr'>quam</span> <span class='ocrx_word' id='word_1_327' title='bbox 495 3185 693 3240; x_wconf 78' lang='lat' dir='ltr'>vigilans,</span> <span class='ocrx_word' id='word_1_328' title='bbox 731 3185 804 3228; x_wconf 87' lang='lat' dir='ltr'>sed</span> <span class='ocrx_word' id='word_1_329' title='bbox 830 3184 1061 3237; x_wconf 86' lang='lat' dir='ltr'>dormiens,</span> <span class='ocrx_word' id='word_1_330' title='bbox 1096 3197 1180 3227; x_wconf 90' lang='lat' dir='ltr'>non</span> <span class='ocrx_word' id='word_1_331' title='bbox 1214 3185 1399 3230; x_wconf 84' lang='lat' dir='ltr'>custodit</span> <span class='ocrx_word' id='word_1_332' title='bbox 1429 3185 1558 3228; x_wconf 63' lang='lat' dir='ltr'>resti-</span> 
     </span>
     <span class='ocr_line' id='line_1_45' title="bbox 336 3255 1559 3312; baseline -0.003 -12"><span class='ocrx_word' id='word_1_333' title='bbox 336 3261 475 3300; x_wconf 83' lang='lat' dir='ltr'>menta</span> <span class='ocrx_word' id='word_1_334' title='bbox 499 3255 638 3310; x_wconf 76' lang='lat' dir='ltr'>operis</span> <span class='ocrx_word' id='word_1_335' title='bbox 665 3258 728 3298; x_wconf 88' lang='lat' dir='ltr'>sui</span> <span class='ocrx_word' id='word_1_336' title='bbox 755 3255 896 3311; x_wconf 80' lang='lat' dir='ltr'>(Apoc.</span> <span class='ocrx_word' id='word_1_337' title='bbox 930 3269 1015 3305; x_wconf 76' lang='lat' dir='ltr'>xvi,</span> <span class='ocrx_word' id='word_1_338' title='bbox 1041 3257 1121 3312; x_wconf 74' lang='grc'>15).</span> <span class='ocrx_word' id='word_1_339' title='bbox 1143 3256 1292 3307; x_wconf 83' lang='lat' dir='ltr'>Certe,</span> <span class='ocrx_word' id='word_1_340' title='bbox 1319 3269 1395 3299; x_wconf 88' lang='lat' dir='ltr'>nec</span> <span class='ocrx_word' id='word_1_341' title='bbox 1419 3258 1559 3310; x_wconf 86' lang='lat' dir='ltr'>aliqua</span> 
     </span>
     <span class='ocr_line' id='line_1_46' title="bbox 338 3327 1560 3384; baseline -0.001 -11"><span class='ocrx_word' id='word_1_342' title='bbox 338 3327 487 3379; x_wconf 81' lang='lat' dir='ltr'>habet,</span> <span class='ocrx_word' id='word_1_343' title='bbox 514 3327 586 3374; x_wconf 86' lang='lat' dir='ltr'>sed</span> <span class='ocrx_word' id='word_1_344' title='bbox 612 3328 751 3370; x_wconf 91' lang='lat' dir='ltr'>nudus</span> <span class='ocrx_word' id='word_1_345' title='bbox 774 3328 974 3374; x_wconf 85' lang='lat' dir='ltr'>ambulat.</span> <span class='ocrx_word' id='word_1_346' title='bbox 1008 3334 1048 3371; x_wconf 89' lang='lat' dir='ltr'>et</span> <span class='ocrx_word' id='word_1_347' title='bbox 1081 3328 1223 3371; x_wconf 89' lang='lat' dir='ltr'>vident</span> <span class='ocrx_word' id='word_1_348' title='bbox 1254 3340 1401 3372; x_wconf 85' lang='lat' dir='ltr'>omnes</span> <span class='ocrx_word' id='word_1_349' title='bbox 1424 3332 1560 3384; x_wconf 85' lang='lat' dir='ltr'>turpi-</span> 
     </span>
    </p>
   </div>
   <div class='ocr_carea' id='block_1_3' title="bbox 336 3392 2753 3476">
    <p class='ocr_par' dir='ltr' id='par_1_4' title="bbox 336 3392 2811 3476">
     <span class='ocr_line' id='line_1_47' title="bbox 336 3392 2753 3476; baseline 0.002 -37"><span class='ocrx_word' id='word_1_350' title='bbox 336 3397 525 3441; x_wconf 83' lang='lat' dir='ltr'>tudinem</span> <span class='ocrx_word' id='word_1_351' title='bbox 552 3399 660 3453; x_wconf 85' lang='lat' dir='ltr'>ejus.</span> <span class='ocrx_word' id='word_1_352' title='bbox 688 3397 738 3439; x_wconf 86' lang='lat' dir='ltr'>Et</span> <span class='ocrx_word' id='word_1_353' title='bbox 760 3398 811 3441; x_wconf 90' lang='lat' dir='ltr'>de</span> <span class='ocrx_word' id='word_1_354' title='bbox 840 3399 910 3442; x_wconf 91' lang='lat' dir='ltr'>illo</span> <span class='ocrx_word' id='word_1_355' title='bbox 942 3399 1042 3453; x_wconf 81' lang='lat' dir='ltr'>quid</span> <span class='ocrx_word' id='word_1_356' title='bbox 1070 3398 1298 3453; x_wconf 85' lang='lat' dir='ltr'>judicabis,</span> <span class='ocrx_word' id='word_1_357' title='bbox 1324 3400 1394 3455; x_wconf 86' lang='lat' dir='ltr'>qui</span> <span class='ocrx_word' id='word_1_358' title='bbox 1415 3401 1557 3450; x_wconf 87' lang='lat' dir='ltr'>inerti,</span> <span class='ocrx_word' id='word_1_359' title='bbox 1585 3432 1620 3476; x_wconf 75' lang='lat' dir='ltr'>D</span> <span class='ocrx_word' id='word_1_360' title='bbox 1643 3407 1815 3450; x_wconf 70' lang='lat' dir='ltr'>ternum</span> <span class='ocrx_word' id='word_1_361' title='bbox 1848 3405 1936 3449; x_wconf 73' lang='lat' dir='ltr'>edit</span> <span class='ocrx_word' id='word_1_362' title='bbox 1968 3417 2144 3462; x_wconf 77' lang='lat' dir='ltr'>panem,</span> <span class='ocrx_word' id='word_1_363' title='bbox 2169 3405 2243 3460; x_wconf 80' lang='lat' dir='ltr'>qui</span> <span class='ocrx_word' id='word_1_364' title='bbox 2266 3409 2333 3448; x_wconf 84' lang='lat' dir='ltr'>est</span> <span class='ocrx_word' id='word_1_365' title='bbox 2358 3402 2485 3461; x_wconf 83' lang='lat' dir='ltr'>panis</span> <span class='ocrx_word' id='word_1_366' title='bbox 2505 3392 2811 3459; x_wconf 46' lang='lat' dir='ltr'>trihula&#39;tivq„</span> 
     </span>
    </p>
   </div>
   <div class='ocr_carea' id='block_1_4' title="bbox 336 3468 1572 4467">
    <p class='ocr_par' dir='ltr' id='par_1_5' title="bbox 336 3468 1572 4467">
     <span class='ocr_line' id='line_1_48' title="bbox 338 3468 1558 3519; baseline 0.002 -9"><span class='ocrx_word' id='word_1_367' title='bbox 338 3470 379 3511; x_wconf 90' lang='lat' dir='ltr'>in</span> <span class='ocrx_word' id='word_1_368' title='bbox 395 3475 550 3518; x_wconf 73' lang='lat' dir='ltr'>mente,</span> <span class='ocrx_word' id='word_1_369' title='bbox 590 3468 836 3512; x_wconf 83' lang='lat' dir='ltr'>debilitatus</span> <span class='ocrx_word' id='word_1_370' title='bbox 874 3469 1133 3519; x_wconf 76' lang='lat' dir='ltr'>infirmitate,</span> <span class='ocrx_word' id='word_1_371' title='bbox 1170 3470 1211 3512; x_wconf 90' lang='lat' dir='ltr'>in</span> <span class='ocrx_word' id='word_1_372' title='bbox 1242 3470 1323 3512; x_wconf 82' lang='lat' dir='ltr'>ssde</span> <span class='ocrx_word' id='word_1_373' title='bbox 1357 3468 1558 3519; x_wconf 76' lang='lat' dir='ltr'>offendit,</span> 
     </span>
     <span class='ocr_line' id='line_1_49' title="bbox 336 3539 1558 3597; baseline 0.002 -13"><span class='ocrx_word' id='word_1_374' title='bbox 336 3540 435 3584; x_wconf 79' lang='lat' dir='ltr'>dum</span> <span class='ocrx_word' id='word_1_375' title='bbox 457 3539 578 3584; x_wconf 83' lang='lat' dir='ltr'>tidem</span> <span class='ocrx_word' id='word_1_376' title='bbox 596 3552 682 3585; x_wconf 88' lang='lat' dir='ltr'>nou</span> <span class='ocrx_word' id='word_1_377' title='bbox 706 3539 918 3594; x_wconf 84' lang='lat' dir='ltr'>defendit;</span> <span class='ocrx_word' id='word_1_378' title='bbox 947 3542 987 3584; x_wconf 93' lang='lat' dir='ltr'>in</span> <span class='ocrx_word' id='word_1_379' title='bbox 1012 3543 1140 3587; x_wconf 86' lang='lat' dir='ltr'>corde</span> <span class='ocrx_word' id='word_1_380' title='bbox 1164 3542 1332 3597; x_wconf 86' lang='lat' dir='ltr'>quidem</span> <span class='ocrx_word' id='word_1_381' title='bbox 1355 3545 1558 3593; x_wconf 80' lang='lat' dir='ltr'>retinens,</span> 
     </span>
     <span class='ocr_line' id='line_1_50' title="bbox 339 3612 1562 3670; baseline 0.005 -17"><span class='ocrx_word' id='word_1_382' title='bbox 339 3612 447 3655; x_wconf 71' lang='lat' dir='ltr'>unde</span> <span class='ocrx_word' id='word_1_383' title='bbox 477 3612 620 3656; x_wconf 87' lang='lat' dir='ltr'>credat</span> <span class='ocrx_word' id='word_1_384' title='bbox 656 3612 707 3655; x_wconf 87' lang='lat' dir='ltr'>ad</span> <span class='ocrx_word' id='word_1_385' title='bbox 727 3612 966 3668; x_wconf 71' lang='lat' dir='ltr'>Justitiam;</span> <span class='ocrx_word' id='word_1_386' title='bbox 992 3614 1066 3658; x_wconf 92' lang='lat' dir='ltr'>sed</span> <span class='ocrx_word' id='word_1_387' title='bbox 1090 3627 1138 3657; x_wconf 85' lang='lat' dir='ltr'>os</span> <span class='ocrx_word' id='word_1_388' title='bbox 1162 3615 1326 3670; x_wconf 76' lang='lat' dir='ltr'>aperire</span> <span class='ocrx_word' id='word_1_389' title='bbox 1349 3628 1431 3658; x_wconf 90' lang='lat' dir='ltr'>non</span> <span class='ocrx_word' id='word_1_390' title='bbox 1456 3628 1562 3670; x_wconf 83' lang='lat' dir='ltr'>prae-</span> 
     </span>
     <span class='ocr_line' id='line_1_51' title="bbox 339 3688 1562 3751; baseline 0.008 -23"><span class='ocrx_word' id='word_1_391' title='bbox 339 3698 525 3736; x_wconf 77' lang='lat' dir='ltr'>sumens,</span> <span class='ocrx_word' id='word_1_392' title='bbox 562 3693 607 3732; x_wconf 88' lang='grc' dir='ltr'>ιιι</span> <span class='ocrx_word' id='word_1_393' title='bbox 641 3688 891 3733; x_wconf 83' lang='lat' dir='ltr'>confiteatur</span> <span class='ocrx_word' id='word_1_394' title='bbox 925 3691 978 3733; x_wconf 87' lang='lat' dir='ltr'>ad</span> <span class='ocrx_word' id='word_1_395' title='bbox 1009 3691 1207 3735; x_wconf 76' lang='lat' dir='ltr'>salutem?</span> <span class='ocrx_word' id='word_1_396' title='bbox 1227 3692 1358 3746; x_wconf 82' lang='lat' dir='ltr'>(Rom.</span> <span class='ocrx_word' id='word_1_397' title='bbox 1395 3706 1437 3743; x_wconf 84' lang='lat' dir='ltr'>x,</span> <span class='ocrx_word' id='word_1_398' title='bbox 1474 3694 1562 3751; x_wconf 81' lang='lat'>10.)</span> 
     </span>
     <span class='ocr_line' id='line_1_52' title="bbox 340 3757 1562 3820; baseline 0.008 -21"><span class='ocrx_word' id='word_1_399' title='bbox 340 3757 447 3801; x_wconf 83' lang='lat' dir='ltr'>Num</span> <span class='ocrx_word' id='word_1_400' title='bbox 470 3760 506 3803; x_wconf 86' lang='lat' dir='ltr'>ci</span> <span class='ocrx_word' id='word_1_401' title='bbox 531 3759 706 3803; x_wconf 85' lang='lat' dir='ltr'>salutem</span> <span class='ocrx_word' id='word_1_402' title='bbox 736 3760 852 3804; x_wconf 88' lang='lat' dir='ltr'>dices</span> <span class='ocrx_word' id='word_1_403' title='bbox 882 3761 1038 3812; x_wconf 85' lang='lat' dir='ltr'>inesse.</span> <span class='ocrx_word' id='word_1_404' title='bbox 1069 3776 1196 3819; x_wconf 88' lang='lat' dir='ltr'>quem</span> <span class='ocrx_word' id='word_1_405' title='bbox 1224 3765 1342 3807; x_wconf 70' lang='lat' dir='ltr'>vides</span> <span class='ocrx_word' id='word_1_406' title='bbox 1364 3778 1441 3820; x_wconf 90' lang='lat' dir='ltr'>pro</span> <span class='ocrx_word' id='word_1_407' title='bbox 1465 3766 1562 3809; x_wconf 83' lang='lat' dir='ltr'>fidei</span> 
     </span>
     <span class='ocr_line' id='line_1_53' title="bbox 341 3829 1564 3884; baseline 0.009 -13"><span class='ocrx_word' id='word_1_408' title='bbox 341 3829 519 3872; x_wconf 79' lang='lat' dir='ltr'>viriliter</span> <span class='ocrx_word' id='word_1_409' title='bbox 552 3843 637 3874; x_wconf 86' lang='lat' dir='ltr'>non</span> <span class='ocrx_word' id='word_1_410' title='bbox 671 3837 786 3875; x_wconf 86' lang='lat' dir='ltr'>stare</span> <span class='ocrx_word' id='word_1_411' title='bbox 823 3831 1098 3877; x_wconf 81' lang='lat' dir='ltr'>defensione?</span> <span class='ocrx_word' id='word_1_412' title='bbox 1130 3834 1250 3884; x_wconf 83' lang='lat' dir='ltr'>Nam,</span> <span class='ocrx_word' id='word_1_413' title='bbox 1287 3836 1385 3878; x_wconf 90' lang='lat' dir='ltr'>dum</span> <span class='ocrx_word' id='word_1_414' title='bbox 1411 3838 1453 3882; x_wconf 86' lang='lat' dir='ltr'>in</span> <span class='ocrx_word' id='word_1_415' title='bbox 1483 3838 1564 3882; x_wconf 87' lang='lat' dir='ltr'>lide</span> 
     </span>
     <span class='ocr_line' id='line_1_54' title="bbox 347 3904 1564 3965; baseline 0.009 -23"><span class='ocrx_word' id='word_1_416' title='bbox 347 3908 504 3954; x_wconf 85' lang='lat' dir='ltr'>peceat,</span> <span class='ocrx_word' id='word_1_417' title='bbox 530 3915 621 3956; x_wconf 83' lang='lat' dir='ltr'>qnae</span> <span class='ocrx_word' id='word_1_418' title='bbox 650 3904 801 3955; x_wconf 77' lang='lat' dir='ltr'>salvat,</span> <span class='ocrx_word' id='word_1_419' title='bbox 833 3905 1022 3960; x_wconf 74' lang='lat' dir='ltr'>profecto</span> <span class='ocrx_word' id='word_1_420' title='bbox 1043 3906 1162 3951; x_wconf 82' lang='lat' dir='ltr'>deest</span> <span class='ocrx_word' id='word_1_421' title='bbox 1190 3909 1228 3951; x_wconf 90' lang='lat' dir='ltr'>ei</span> <span class='ocrx_word' id='word_1_422' title='bbox 1263 3909 1395 3960; x_wconf 76' lang='lat' dir='ltr'>salus,</span> <span class='ocrx_word' id='word_1_423' title='bbox 1420 3920 1470 3952; x_wconf 84' lang='lat' dir='ltr'>ac</span> <span class='ocrx_word' id='word_1_424' title='bbox 1490 3923 1564 3965; x_wconf 85' lang='lat' dir='ltr'>per</span> 
     </span>
     <span class='ocr_line' id='line_1_55' title="bbox 348 3972 1564 4026; baseline 0.01 -13"><span class='ocrx_word' id='word_1_425' title='bbox 348 3972 427 4014; x_wconf 83' lang='lat' dir='ltr'>hoc</span> <span class='ocrx_word' id='word_1_426' title='bbox 445 3985 520 4016; x_wconf 88' lang='lat' dir='ltr'>nec</span> <span class='ocrx_word' id='word_1_427' title='bbox 540 3980 604 4016; x_wconf 79' lang='lat' dir='ltr'>est</span> <span class='ocrx_word' id='word_1_428' title='bbox 622 3987 766 4018; x_wconf 85' lang='lat' dir='ltr'>sanus.</span> <span class='ocrx_word' id='word_1_429' title='bbox 795 3974 840 4017; x_wconf 91' lang='lat' dir='ltr'>Si</span> <span class='ocrx_word' id='word_1_430' title='bbox 862 3976 971 4019; x_wconf 90' lang='lat' dir='ltr'>enim</span> <span class='ocrx_word' id='word_1_431' title='bbox 999 3978 1120 4023; x_wconf 88' lang='lat' dir='ltr'>fortis</span> <span class='ocrx_word' id='word_1_432' title='bbox 1150 3991 1200 4023; x_wconf 87' lang='lat' dir='ltr'>ac</span> <span class='ocrx_word' id='word_1_433' title='bbox 1230 3993 1362 4024; x_wconf 88' lang='lat' dir='ltr'>sanus</span> <span class='ocrx_word' id='word_1_434' title='bbox 1385 3988 1497 4026; x_wconf 88' lang='lat' dir='ltr'>esset</span> <span class='ocrx_word' id='word_1_435' title='bbox 1521 3983 1564 4025; x_wconf 91' lang='lat' dir='ltr'>in</span> 
     </span>
     <span class='ocr_line' id='line_1_56' title="bbox 346 4044 1564 4107; baseline 0.011 -22"><span class='ocrx_word' id='word_1_436' title='bbox 346 4044 491 4095; x_wconf 79' lang='lat' dir='ltr'>corde,</span> <span class='ocrx_word' id='word_1_437' title='bbox 526 4046 725 4087; x_wconf 87' lang='lat' dir='ltr'>nimirum</span> <span class='ocrx_word' id='word_1_438' title='bbox 764 4046 942 4091; x_wconf 81' lang='lat' dir='ltr'>viriliter</span> <span class='ocrx_word' id='word_1_439' title='bbox 969 4049 1189 4095; x_wconf 85' lang='lat' dir='ltr'>dimicaret</span> <span class='ocrx_word' id='word_1_440' title='bbox 1212 4065 1287 4107; x_wconf 89' lang='lat' dir='ltr'>pro</span> <span class='ocrx_word' id='word_1_441' title='bbox 1313 4053 1408 4096; x_wconf 86' lang='lat' dir='ltr'>lide.</span> <span class='ocrx_word' id='word_1_442' title='bbox 1439 4053 1564 4098; x_wconf 77' lang='lat' dir='ltr'>Juxta</span> 
     </span>
     <span class='ocr_line' id='line_1_57' title="bbox 346 4116 1567 4178; baseline 0.011 -22"><span class='ocrx_word' id='word_1_443' title='bbox 346 4116 459 4170; x_wconf 81' lang='lat' dir='ltr'>quod</span> <span class='ocrx_word' id='word_1_444' title='bbox 475 4116 701 4170; x_wconf 76' lang='lat' dir='ltr'>Apostolus</span> <span class='ocrx_word' id='word_1_445' title='bbox 723 4117 826 4160; x_wconf 91' lang='lat' dir='ltr'>dicit</span> <span class='ocrx_word' id='word_1_446' title='bbox 848 4119 899 4162; x_wconf 88' lang='lat' dir='ltr'>de</span> <span class='ocrx_word' id='word_1_447' title='bbox 922 4122 1080 4166; x_wconf 85' lang='lat' dir='ltr'>sanctis</span> <span class='ocrx_word' id='word_1_448' title='bbox 1100 4138 1110 4165; x_wconf 79' lang='lat' dir='ltr'>t</span> <span class='ocrx_word' id='word_1_449' title='bbox 1131 4123 1211 4175; x_wconf 76' lang='lat' dir='ltr'>Qui</span> <span class='ocrx_word' id='word_1_450' title='bbox 1228 4137 1298 4178; x_wconf 80' lang='lat' dir='ltr'>per</span> <span class='ocrx_word' id='word_1_451' title='bbox 1321 4124 1441 4178; x_wconf 80' lang='lat' dir='ltr'>fidem</span> <span class='ocrx_word' id='word_1_452' title='bbox 1465 4127 1567 4170; x_wconf 83' lang='lat' dir='ltr'>vice·</span> 
     </span>
     <span class='ocr_line' id='line_1_58' title="bbox 349 4189 1566 4252; baseline 0.012 -25"><span class='ocrx_word' id='word_1_453' title='bbox 349 4195 443 4229; x_wconf 83' lang='lat' dir='ltr'>runt</span> <span class='ocrx_word' id='word_1_454' title='bbox 478 4200 615 4241; x_wconf 62' lang='lat' dir='ltr'>regna,</span> <span class='ocrx_word' id='word_1_455' title='bbox 640 4189 738 4242; x_wconf 84' lang='lat' dir='ltr'>quia</span> <span class='ocrx_word' id='word_1_456' title='bbox 778 4191 1067 4235; x_wconf 68' lang='lat' dir='ltr'>convaluerunt</span> <span class='ocrx_word' id='word_1_457' title='bbox 1090 4194 1137 4236; x_wconf 82' lang='lat' dir='ltr'>dc</span> <span class='ocrx_word' id='word_1_458' title='bbox 1162 4196 1426 4249; x_wconf 77' lang='lat' dir='ltr'>infirmitate,</span> <span class='ocrx_word' id='word_1_459' title='bbox 1443 4198 1566 4252; x_wconf 74' lang='lat' dir='ltr'>sortes</span> 
     </span>
     <span class='ocr_line' id='line_1_59' title="bbox 350 4258 1567 4324; baseline 0.012 -27"><span class='ocrx_word' id='word_1_460' title='bbox 350 4258 449 4309; x_wconf 70' lang='lat' dir='ltr'>[aeti</span> <span class='ocrx_word' id='word_1_461' title='bbox 469 4265 559 4299; x_wconf 72' lang='lat' dir='ltr'>sunt</span> <span class='ocrx_word' id='word_1_462' title='bbox 579 4259 619 4300; x_wconf 82' lang='lat' dir='ltr'>in</span> <span class='ocrx_word' id='word_1_463' title='bbox 643 4258 744 4301; x_wconf 78' lang='lat' dir='ltr'>bello</span> <span class='ocrx_word' id='word_1_464' title='bbox 764 4260 989 4314; x_wconf 78' lang='lat' dir='ltr'>(Hebr.11,</span> <span class='ocrx_word' id='word_1_465' title='bbox 1007 4265 1092 4319; x_wconf 67' lang='grc'>34).</span> <span class='ocrx_word' id='word_1_466' title='bbox 1112 4265 1313 4310; x_wconf 85' lang='lat' dir='ltr'>Dicturus</span> <span class='ocrx_word' id='word_1_467' title='bbox 1340 4268 1567 4324; x_wconf 82' lang='lat' dir='ltr'>siquidem,</span> 
     </span>
     <span class='ocr_line' id='line_1_60' title="bbox 355 4329 1572 4390; baseline 0.012 -21"><span class='ocrx_word' id='word_1_468' title='bbox 355 4329 477 4382; x_wconf 71' lang='lat' dir='ltr'>sortes</span> <span class='ocrx_word' id='word_1_469' title='bbox 505 4329 603 4378; x_wconf 76' lang='lat' dir='ltr'>[acti</span> <span class='ocrx_word' id='word_1_470' title='bbox 625 4337 718 4371; x_wconf 70' lang='lat' dir='ltr'>sunt</span> <span class='ocrx_word' id='word_1_471' title='bbox 742 4331 783 4372; x_wconf 79' lang='lat' dir='ltr'>in</span> <span class='ocrx_word' id='word_1_472' title='bbox 808 4331 938 4383; x_wconf 69' lang='lat' dir='ltr'>bello:</span> <span class='ocrx_word' id='word_1_473' title='bbox 965 4338 1183 4390; x_wconf 78' lang='lat' dir='ltr'>praemisit,</span> <span class='ocrx_word' id='word_1_474' title='bbox 1210 4340 1498 4383; x_wconf 79' lang='lat' dir='ltr'>convaluerunt</span> <span class='ocrx_word' id='word_1_475' title='bbox 1522 4340 1572 4383; x_wconf 81' lang='lat' dir='ltr'>de</span> 
     </span>
     <span class='ocr_line' id='line_1_61' title="bbox 355 4399 1570 4467; baseline 0.015 -30"><span class='ocrx_word' id='word_1_476' title='bbox 355 4399 602 4450; x_wconf 53' lang='lat' dir='ltr'>infirmitate.</span> <span class='ocrx_word' id='word_1_477' title='bbox 633 4399 683 4441; x_wconf 77' lang='lat' dir='ltr'>[t</span> <span class='ocrx_word' id='word_1_478' title='bbox 701 4400 983 4449; x_wconf 75' lang='lat' dir='ltr'>innotesceret</span> <span class='ocrx_word' id='word_1_479' title='bbox 1007 4408 1140 4459; x_wconf 86' lang='lat' dir='ltr'>nobis,</span> <span class='ocrx_word' id='word_1_480' title='bbox 1182 4421 1263 4452; x_wconf 90' lang='lat' dir='ltr'>non</span> <span class='ocrx_word' id='word_1_481' title='bbox 1284 4423 1407 4465; x_wconf 84' lang='lat' dir='ltr'>posse</span> <span class='ocrx_word' id='word_1_482' title='bbox 1424 4423 1570 4467; x_wconf 82' lang='lat' dir='ltr'>quem-</span> 
     </span>
    </p>
   </div>
   <div class='ocr_carea' id='block_1_5' title="bbox 1195 112 1975 202">
    <p class='ocr_par' dir='ltr' id='par_1_6' title="bbox 1195 112 1975 202">
     <span class='ocr_line' id='line_1_62' title="bbox 1195 112 1975 202; baseline -0.027 -23"><span class='ocrx_word' id='word_1_483' title='bbox 1195 132 1360 202; x_wconf 66' lang='grc' dir='ltr'>ᾼωιιιι</span> <span class='ocrx_word' id='word_1_484' title='bbox 1390 112 1975 174; x_wconf 70' lang='lat' dir='ltr'>PRAEMONSTRATENSIS</span> 
     </span>
    </p>
   </div>
   <div class='ocr_carea' id='block_1_6' title="bbox 2704 137 2916 4576">
    <p class='ocr_par' dir='ltr' id='par_1_7' title="bbox 2704 137 2916 4576">
     <span class='ocr_line' id='line_1_63' title="bbox 2803 137 2916 367; baseline 0 -157"><span class='ocrx_word' id='word_1_485' title='bbox 2803 137 2916 367; x_wconf 95' lang='lat' dir='ltr'>   </span> 
     </span>
     <span class='ocr_line' id='line_1_64' title="bbox 2793 367 2916 465; baseline 0.098 -11"><span class='ocrx_word' id='word_1_486' title='bbox 2793 367 2916 465; x_wconf 95' lang='lat' dir='ltr'>  </span> 
     </span>
     <span class='ocr_line' id='line_1_65' title="bbox 2822 465 2916 745; baseline 0 -87"><span class='ocrx_word' id='word_1_487' title='bbox 2822 465 2916 745; x_wconf 95' lang='lat' dir='ltr'>    </span> 
     </span>
     <span class='ocr_line' id='line_1_66' title="bbox 2816 745 2912 954; baseline 0 -73"><span class='ocrx_word' id='word_1_488' title='bbox 2816 745 2912 954; x_wconf 95' lang='lat' dir='ltr'>    </span> 
     </span>
     <span class='ocr_line' id='line_1_67' title="bbox 2812 954 2916 1098; baseline -0.038 -65"><span class='ocrx_word' id='word_1_489' title='bbox 2812 954 2916 1098; x_wconf 95' lang='lat' dir='ltr'>   </span> 
     </span>
     <span class='ocr_line' id='line_1_68' title="bbox 2822 1098 2916 1232; baseline 0.17 -72"><span class='ocrx_word' id='word_1_490' title='bbox 2822 1098 2916 1232; x_wconf 95' lang='lat' dir='ltr'>   </span> 
     </span>
     <span class='ocr_line' id='line_1_69' title="bbox 2812 1232 2916 1394; baseline -0.01 -65"><span class='ocrx_word' id='word_1_491' title='bbox 2812 1232 2916 1394; x_wconf 95' lang='lat' dir='ltr'>   </span> 
     </span>
     <span class='ocr_line' id='line_1_70' title="bbox 2812 1394 2916 1539; baseline -0.135 -67"><span class='ocrx_word' id='word_1_492' title='bbox 2812 1394 2916 1539; x_wconf 95' lang='lat' dir='ltr'>   </span> 
     </span>
     <span class='ocr_line' id='line_1_71' title="bbox 2816 1539 2916 1747; baseline 0 -71"><span class='ocrx_word' id='word_1_493' title='bbox 2816 1539 2916 1747; x_wconf 95' lang='lat' dir='ltr'>    </span> 
     </span>
     <span class='ocr_line' id='line_1_72' title="bbox 2821 1747 2916 1825; baseline 0 2763"><span class='ocrx_word' id='word_1_494' title='bbox 2821 1747 2916 1825; x_wconf 95' lang='lat' dir='ltr'> </span> 
     </span>
     <span class='ocr_line' id='line_1_73' title="bbox 2704 1825 2916 2036; baseline 0 -52"><span class='ocrx_word' id='word_1_495' title='bbox 2704 1825 2916 2036; x_wconf 95' lang='lat' dir='ltr'>   </span> 
     </span>
     <span class='ocr_line' id='line_1_74' title="bbox 2847 2036 2916 2197; baseline -0.029 -81"><span class='ocrx_word' id='word_1_496' title='bbox 2847 2036 2916 2197; x_wconf 95' lang='lat' dir='ltr'>    </span> 
     </span>
     <span class='ocr_line' id='line_1_75' title="bbox 2828 2197 2916 2398; baseline 0 -121"><span class='ocrx_word' id='word_1_497' title='bbox 2828 2197 2916 2398; x_wconf 95' lang='lat' dir='ltr'>    </span> 
     </span>
     <span class='ocr_line' id='line_1_76' title="bbox 2849 2418 2916 2485; baseline 0 2103"><span class='ocrx_word' id='word_1_498' title='bbox 2849 2418 2916 2485; x_wconf 95' lang='lat' dir='ltr'> </span> 
     </span>
     <span class='ocr_line' id='line_1_77' title="bbox 2744 2485 2916 2630; baseline -0.052 -71"><span class='ocrx_word' id='word_1_499' title='bbox 2744 2485 2916 2630; x_wconf 95' lang='lat' dir='ltr'>    </span> 
     </span>
     <span class='ocr_line' id='line_1_78' title="bbox 2825 2630 2912 2844; baseline 0 0"><span class='ocrx_word' id='word_1_500' title='bbox 2825 2630 2912 2844; x_wconf 95' lang='lat' dir='ltr'>   </span> 
     </span>
     <span class='ocr_line' id='line_1_79' title="bbox 2825 2844 2912 2914; baseline 0 1674"><span class='ocrx_word' id='word_1_501' title='bbox 2825 2844 2912 2914; x_wconf 95' lang='lat' dir='ltr'> </span> 
     </span>
     <span class='ocr_line' id='line_1_80' title="bbox 2820 2914 2912 2993; baseline 0 1595"><span class='ocrx_word' id='word_1_502' title='bbox 2820 2914 2912 2993; x_wconf 95' lang='lat' dir='ltr'> </span> 
     </span>
     <span class='ocr_line' id='line_1_81' title="bbox 2818 2993 2912 3131; baseline 0 -75"><span class='ocrx_word' id='word_1_503' title='bbox 2818 2993 2912 3131; x_wconf 95' lang='lat' dir='ltr'>  </span> 
     </span>
     <span class='ocr_line' id='line_1_82' title="bbox 2777 3131 2916 3349; baseline 0.065 -81"><span class='ocrx_word' id='word_1_504' title='bbox 2777 3131 2916 3349; x_wconf 95' lang='lat' dir='ltr'>    </span> 
     </span>
     <span class='ocr_line' id='line_1_83' title="bbox 2809 3349 2912 3578; baseline 0 -74"><span class='ocrx_word' id='word_1_505' title='bbox 2809 3349 2912 3578; x_wconf 95' lang='lat' dir='ltr'>    </span> 
     </span>
     <span class='ocr_line' id='line_1_84' title="bbox 2809 3578 2912 3711; baseline 0 -62"><span class='ocrx_word' id='word_1_506' title='bbox 2809 3578 2912 3711; x_wconf 95' lang='lat' dir='ltr'>  </span> 
     </span>
     <span class='ocr_line' id='line_1_85' title="bbox 2803 3711 2916 3945; baseline 0 -164"><span class='ocrx_word' id='word_1_507' title='bbox 2803 3711 2916 3945; x_wconf 95' lang='lat' dir='ltr'>    </span> 
     </span>
     <span class='ocr_line' id='line_1_86' title="bbox 2803 3945 2916 4068; baseline 0.035 -61"><span class='ocrx_word' id='word_1_508' title='bbox 2803 3945 2916 4068; x_wconf 95' lang='lat' dir='ltr'>   </span> 
     </span>
     <span class='ocr_line' id='line_1_87' title="bbox 2809 4068 2916 4284; baseline 0 -137"><span class='ocrx_word' id='word_1_509' title='bbox 2809 4068 2916 4284; x_wconf 95' lang='lat' dir='ltr'>     </span> 
     </span>
     <span class='ocr_line' id='line_1_88' title="bbox 2840 4284 2916 4448; baseline 0.211 -99"><span class='ocrx_word' id='word_1_510' title='bbox 2840 4284 2916 4448; x_wconf 95' lang='lat' dir='ltr'>   </span> 
     </span>
     <span class='ocr_line' id='line_1_89' title="bbox 2824 4448 2912 4576; baseline 0 -38"><span class='ocrx_word' id='word_1_511' title='bbox 2824 4538 2825 4576; x_wconf 95' lang='lat' dir='ltr'> </span> <span class='ocrx_word' id='word_1_512' title='bbox 2843 4448 2912 4576; x_wconf 95' lang='lat' dir='ltr'>  </span> 
     </span>
    </p>
   </div>
   <div class='ocr_carea' id='block_1_7' title="bbox 1618 191 2891 3388">
    <p class='ocr_par' dir='ltr' id='par_1_8' title="bbox 1618 188 2891 3388">
     <span class='ocr_line' id='line_1_90' title="bbox 1623 191 2840 270; baseline -0.017 -13"><span class='ocrx_word' id='word_1_513' title='bbox 1623 223 1749 270; x_wconf 87' lang='lat' dir='ltr'>quam</span> <span class='ocrx_word' id='word_1_514' title='bbox 1778 206 2010 254; x_wconf 87' lang='lat' dir='ltr'>ascendere</span> <span class='ocrx_word' id='word_1_515' title='bbox 2026 215 2080 248; x_wconf 81' lang='lat' dir='ltr'>ex</span> <span class='ocrx_word' id='word_1_516' title='bbox 2102 199 2300 250; x_wconf 83' lang='lat' dir='ltr'>adverso,</span> <span class='ocrx_word' id='word_1_517' title='bbox 2325 203 2369 242; x_wconf 86' lang='lat' dir='ltr'>et</span> <span class='ocrx_word' id='word_1_518' title='bbox 2386 202 2604 254; x_wconf 70' lang='lat' dir='ltr'>opponere</span> <span class='ocrx_word' id='word_1_519' title='bbox 2619 205 2670 241; x_wconf 76' lang='grc'><strong>80</strong></span> <span class='ocrx_word' id='word_1_520' title='bbox 2688 205 2732 239; x_wconf 87' lang='lat' dir='ltr'>m</span> <span class='ocrx_word' id='word_1_521' title='bbox 2771 191 2785 201; x_wconf 66' lang='lat'><em>²</em></span> <span class='ocrx_word' id='word_1_522' title='bbox 2812 200 2840 261; x_wconf 50' lang='lat' dir='ltr'>&#39;ss</span> 
     </span>
     <span class='ocr_line' id='line_1_91' title="bbox 1622 266 2839 341; baseline -0.014 -13"><span class='ocrx_word' id='word_1_523' title='bbox 1622 296 1699 341; x_wconf 88' lang='lat' dir='ltr'>pro</span> <span class='ocrx_word' id='word_1_524' title='bbox 1727 283 1856 327; x_wconf 90' lang='lat' dir='ltr'>domo</span> <span class='ocrx_word' id='word_1_525' title='bbox 1886 277 2035 330; x_wconf 87' lang='lat' dir='ltr'>lsrael,</span> <span class='ocrx_word' id='word_1_526' title='bbox 2075 280 2124 319; x_wconf 87' lang='lat' dir='ltr'>ut</span> <span class='ocrx_word' id='word_1_527' title='bbox 2159 278 2245 320; x_wconf 84' lang='lat' dir='ltr'>stet</span> <span class='ocrx_word' id='word_1_528' title='bbox 2278 271 2325 316; x_wconf 87' lang='lat' dir='ltr'>in</span> <span class='ocrx_word' id='word_1_529' title='bbox 2349 269 2498 328; x_wconf 66' lang='lat' dir='ltr'>praelio</span> <span class='ocrx_word' id='word_1_530' title='bbox 2521 269 2567 313; x_wconf 84' lang='lat' dir='ltr'>in</span> <span class='ocrx_word' id='word_1_531' title='bbox 2593 268 2664 314; x_wconf 87' lang='lat' dir='ltr'>dle</span> <span class='ocrx_word' id='word_1_532' title='bbox 2690 266 2839 323; x_wconf 49' lang='lat' dir='ltr'>Dos-³</span> 
     </span>
     <span class='ocr_line' id='line_1_92' title="bbox 1618 342 2833 414; baseline -0.012 -13"><span class='ocrx_word' id='word_1_533' title='bbox 1618 356 1788 414; x_wconf 73' lang='lat' dir='ltr'>(Ezecli.</span> <span class='ocrx_word' id='word_1_534' title='bbox 1813 367 1911 405; x_wconf 81' lang='lat' dir='ltr'>xm,</span> <span class='ocrx_word' id='word_1_535' title='bbox 1946 352 2008 409; x_wconf 73' lang='lat'>5),</span> <span class='ocrx_word' id='word_1_536' title='bbox 2041 349 2117 407; x_wconf 84' lang='lat' dir='ltr'>qui</span> <span class='ocrx_word' id='word_1_537' title='bbox 2151 346 2338 394; x_wconf 84' lang='lat' dir='ltr'>necdum</span> <span class='ocrx_word' id='word_1_538' title='bbox 2361 356 2436 402; x_wconf 84' lang='lat' dir='ltr'>per</span> <span class='ocrx_word' id='word_1_539' title='bbox 2457 344 2661 392; x_wconf 66' lang='lat' dir='ltr'>virtutem</span> <span class='ocrx_word' id='word_1_540' title='bbox 2685 342 2749 401; x_wconf 51' lang='lat' dir='ltr'>sp?</span> <span class='ocrx_word' id='word_1_541' title='bbox 2805 347 2833 399; x_wconf 64' lang='lat' dir='ltr'>s.</span> 
     </span>
     <span class='ocr_line' id='line_1_93' title="bbox 1621 409 2834 474; baseline -0.015 0"><span class='ocrx_word' id='word_1_542' title='bbox 1621 429 1836 474; x_wconf 78' lang='lat' dir='ltr'>convaluit</span> <span class='ocrx_word' id='word_1_543' title='bbox 1856 427 1911 470; x_wconf 90' lang='lat' dir='ltr'>de</span> <span class='ocrx_word' id='word_1_544' title='bbox 1933 422 2198 468; x_wconf 71' lang='lat' dir='ltr'>infirmitate.</span> <span class='ocrx_word' id='word_1_545' title='bbox 2783 419 2787 424; x_wconf 88' lang='lat'>&#39;</span> <span class='ocrx_word' id='word_1_546' title='bbox 2816 409 2834 423; x_wconf 74' lang='grc'><em>”</em></span> 
     </span>
     <span class='ocr_line' id='line_1_94' title="bbox 1675 488 2765 554; baseline -0.009 -11"><span class='ocrx_word' id='word_1_547' title='bbox 1675 500 1763 543; x_wconf 79' lang='lat' dir='ltr'>xll.</span> <span class='ocrx_word' id='word_1_548' title='bbox 1796 499 1906 543; x_wconf 87' lang='lat' dir='ltr'>Puto</span> <span class='ocrx_word' id='word_1_549' title='bbox 1927 496 2043 554; x_wconf 92' lang='lat' dir='ltr'>quod</span> <span class='ocrx_word' id='word_1_550' title='bbox 2065 506 2146 539; x_wconf 88' lang='lat' dir='ltr'>nee</span> <span class='ocrx_word' id='word_1_551' title='bbox 2166 491 2230 535; x_wconf 85' lang='lat' dir='ltr'>illi</span> <span class='ocrx_word' id='word_1_552' title='bbox 2253 501 2400 550; x_wconf 78' lang='lat' dir='ltr'>veram</span> <span class='ocrx_word' id='word_1_553' title='bbox 2423 500 2594 542; x_wconf 76' lang='lat' dir='ltr'>asseres</span> <span class='ocrx_word' id='word_1_554' title='bbox 2620 488 2812 534; x_wconf 79' lang='lat' dir='ltr'>inesse</span> 
     </span>
     <span class='ocr_line' id='line_1_95' title="bbox 1620 561 2830 627; baseline -0.011 -10"><span class='ocrx_word' id='word_1_555' title='bbox 1620 575 1768 625; x_wconf 88' lang='lat' dir='ltr'>lutem,</span> <span class='ocrx_word' id='word_1_556' title='bbox 1805 572 1847 614; x_wconf 90' lang='lat' dir='ltr'>in</span> <span class='ocrx_word' id='word_1_557' title='bbox 1882 569 2007 626; x_wconf 82' lang='lat' dir='ltr'>cujus</span> <span class='ocrx_word' id='word_1_558' title='bbox 2044 573 2176 615; x_wconf 89' lang='lat' dir='ltr'>terra,</span> <span class='ocrx_word' id='word_1_559' title='bbox 2209 575 2288 620; x_wconf 89' lang='lat' dir='ltr'>pro</span> <span class='ocrx_word' id='word_1_560' title='bbox 2320 575 2374 607; x_wconf 92' lang='lat' dir='ltr'>eo</span> <span class='ocrx_word' id='word_1_561' title='bbox 2405 562 2522 619; x_wconf 87' lang='lat' dir='ltr'>qnod</span> <span class='ocrx_word' id='word_1_562' title='bbox 2545 562 2736 608; x_wconf 78' lang='lat' dir='ltr'>suaviter</span> <span class='ocrx_word' id='word_1_563' title='bbox 2784 561 2830 627; x_wconf 60' lang='grc' dir='ltr'>ζ</span> 
     </span>
     <span class='ocr_line' id='line_1_96' title="bbox 1621 635 2891 703; baseline -0.01 -12"><span class='ocrx_word' id='word_1_564' title='bbox 1621 653 1690 691; x_wconf 88' lang='grc' dir='ltr'>ιιιι·</span> <span class='ocrx_word' id='word_1_565' title='bbox 1709 645 1803 703; x_wconf 79' lang='lat' dir='ltr'>(Iob</span> <span class='ocrx_word' id='word_1_566' title='bbox 1843 654 1999 695; x_wconf 83' lang='lat' dir='ltr'>xxvur,</span> <span class='ocrx_word' id='word_1_567' title='bbox 2020 640 2108 697; x_wconf 53' lang='lat'>115),</span> <span class='ocrx_word' id='word_1_568' title='bbox 2127 637 2315 683; x_wconf 76' lang='lat' dir='ltr'>inveniri</span> <span class='ocrx_word' id='word_1_569' title='bbox 2346 648 2433 680; x_wconf 88' lang='lat' dir='ltr'>non</span> <span class='ocrx_word' id='word_1_570' title='bbox 2461 641 2605 693; x_wconf 88' lang='lat' dir='ltr'>potest</span> <span class='ocrx_word' id='word_1_571' title='bbox 2633 635 2818 692; x_wconf 86' lang='lat' dir='ltr'>sapien</span> <span class='ocrx_word' id='word_1_572' title='bbox 2890 635 2891 649; x_wconf 67' lang='lat'>¹</span> 
     </span>
     <span class='ocr_line' id='line_1_97' title="bbox 1620 708 2889 776; baseline -0.01 -13"><span class='ocrx_word' id='word_1_573' title='bbox 1620 720 1666 763; x_wconf 92' lang='lat' dir='ltr'>ln</span> <span class='ocrx_word' id='word_1_574' title='bbox 1685 731 1772 776; x_wconf 85' lang='lat' dir='ltr'>quo</span> <span class='ocrx_word' id='word_1_575' title='bbox 1795 730 1892 761; x_wconf 92' lang='lat' dir='ltr'>cum</span> <span class='ocrx_word' id='word_1_576' title='bbox 1909 712 2148 773; x_wconf 87' lang='lat' dir='ltr'>profundus</span> <span class='ocrx_word' id='word_1_577' title='bbox 2165 723 2242 769; x_wconf 77' lang='lat' dir='ltr'>per</span> <span class='ocrx_word' id='word_1_578' title='bbox 2257 708 2670 765; x_wconf 84' lang='lat' dir='ltr'>concupiscentiam,</span> <span class='ocrx_word' id='word_1_579' title='bbox 2688 714 2770 752; x_wconf 89' lang='lat' dir='ltr'>eta</span> <span class='ocrx_word' id='word_1_580' title='bbox 2888 755 2889 769; x_wconf 19' lang='grc' dir='ltr'>ἢ</span> 
     </span>
     <span class='ocr_line' id='line_1_98' title="bbox 1620 781 2753 848; baseline -0.013 -9"><span class='ocrx_word' id='word_1_581' title='bbox 1620 807 1697 839; x_wconf 83' lang='lat' dir='ltr'>rus</span> <span class='ocrx_word' id='word_1_582' title='bbox 1719 792 1776 838; x_wconf 90' lang='lat' dir='ltr'>sit</span> <span class='ocrx_word' id='word_1_583' title='bbox 1792 803 1868 848; x_wconf 88' lang='lat' dir='ltr'>per</span> <span class='ocrx_word' id='word_1_584' title='bbox 1882 789 2090 834; x_wconf 82' lang='lat' dir='ltr'>malitiam</span> <span class='ocrx_word' id='word_1_585' title='bbox 2123 802 2134 831; x_wconf 78' lang='lat' dir='ltr'>z</span> <span class='ocrx_word' id='word_1_586' title='bbox 2167 786 2350 842; x_wconf 82' lang='lat' dir='ltr'>abyssus</span> <span class='ocrx_word' id='word_1_587' title='bbox 2375 781 2480 826; x_wconf 85' lang='lat' dir='ltr'>dicit</span> <span class='ocrx_word' id='word_1_588' title='bbox 2501 781 2753 838; x_wconf 87' lang='lat' dir='ltr'>sapientiam</span> 
     </span>
     <span class='ocr_line' id='line_1_99' title="bbox 1621 855 2889 921; baseline -0.012 -11"><span class='ocrx_word' id='word_1_589' title='bbox 1621 867 1764 911; x_wconf 83' lang='lat' dir='ltr'>inesse</span> <span class='ocrx_word' id='word_1_590' title='bbox 1793 862 1933 921; x_wconf 52' lang='lat' dir='ltr'>(ibim,</span> <span class='ocrx_word' id='word_1_591' title='bbox 1959 860 2059 918; x_wconf 71' lang='lat'>12),</span> <span class='ocrx_word' id='word_1_592' title='bbox 2082 863 2125 904; x_wconf 89' lang='lat' dir='ltr'>et</span> <span class='ocrx_word' id='word_1_593' title='bbox 2149 870 2267 902; x_wconf 89' lang='lat' dir='ltr'>mare</span> <span class='ocrx_word' id='word_1_594' title='bbox 2295 855 2488 912; x_wconf 87' lang='lat' dir='ltr'>loquitur</span> <span class='ocrx_word' id='word_1_595' title='bbox 2509 867 2636 899; x_wconf 87' lang='lat' dir='ltr'>secus</span> <span class='ocrx_word' id='word_1_596' title='bbox 2664 865 2760 898; x_wconf 86' lang='lat' dir='ltr'>eam</span> <span class='ocrx_word' id='word_1_597' title='bbox 2776 858 2814 897; x_wconf 84' lang='grc' dir='ltr'>ιι</span> <span class='ocrx_word' id='word_1_598' title='bbox 2887 915 2889 918; x_wconf 16' lang='lat' dir='ltr'>v</span> 
     </span>
     <span class='ocr_line' id='line_1_100' title="bbox 1620 923 2888 989; baseline -0.012 -7"><span class='ocrx_word' id='word_1_599' title='bbox 1620 949 1733 989; x_wconf 84' lang='lat' dir='ltr'>esse.</span> <span class='ocrx_word' id='word_1_600' title='bbox 1759 934 1955 988; x_wconf 87' lang='lat' dir='ltr'>Quonam</span> <span class='ocrx_word' id='word_1_601' title='bbox 1972 931 2100 975; x_wconf 87' lang='lat' dir='ltr'>modo</span> <span class='ocrx_word' id='word_1_602' title='bbox 2123 927 2333 974; x_wconf 86' lang='lat' dir='ltr'>dicendus</span> <span class='ocrx_word' id='word_1_603' title='bbox 2361 931 2430 971; x_wconf 89' lang='lat' dir='ltr'>est</span> <span class='ocrx_word' id='word_1_604' title='bbox 2453 926 2536 970; x_wconf 84' lang='lat' dir='ltr'>iste</span> <span class='ocrx_word' id='word_1_605' title='bbox 2564 925 2723 969; x_wconf 85' lang='lat' dir='ltr'>hahere</span> <span class='ocrx_word' id='word_1_606' title='bbox 2750 936 2816 969; x_wconf 87' lang='lat' dir='ltr'>sa</span> <span class='ocrx_word' id='word_1_607' title='bbox 2887 923 2888 928; x_wconf 75' lang='grc'>’</span> 
     </span>
     <span class='ocr_line' id='line_1_101' title="bbox 1623 991 2810 1065; baseline -0.013 -13"><span class='ocrx_word' id='word_1_608' title='bbox 1623 1015 1724 1061; x_wconf 89' lang='lat' dir='ltr'>tem,</span> <span class='ocrx_word' id='word_1_609' title='bbox 1756 1008 1830 1065; x_wconf 89' lang='lat' dir='ltr'>qui</span> <span class='ocrx_word' id='word_1_610' title='bbox 1865 991 2063 1062; x_wconf 65' lang='lat' dir='ltr'>supernae</span> <span class='ocrx_word' id='word_1_611' title='bbox 2093 1002 2321 1047; x_wconf 85' lang='lat' dir='ltr'>suavitatis</span> <span class='ocrx_word' id='word_1_612' title='bbox 2343 998 2615 1043; x_wconf 86' lang='lat' dir='ltr'>dulcedinem</span> <span class='ocrx_word' id='word_1_613' title='bbox 2638 1009 2718 1042; x_wconf 87' lang='lat' dir='ltr'>nec</span> <span class='ocrx_word' id='word_1_614' title='bbox 2737 1009 2810 1054; x_wconf 77' lang='lat' dir='ltr'>gu</span> 
     </span>
     <span class='ocr_line' id='line_1_102' title="bbox 1623 1067 2806 1137; baseline -0.014 -8"><span class='ocrx_word' id='word_1_615' title='bbox 1623 1079 1995 1137; x_wconf 85' lang='lat' dir='ltr'>contemplationis</span> <span class='ocrx_word' id='word_1_616' title='bbox 2023 1081 2312 1135; x_wconf 70' lang='lat' dir='ltr'>praegustare,</span> <span class='ocrx_word' id='word_1_617' title='bbox 2347 1082 2427 1116; x_wconf 89' lang='lat' dir='ltr'>nec</span> <span class='ocrx_word' id='word_1_618' title='bbox 2447 1068 2730 1133; x_wconf 7' lang='lat' dir='ltr'>palatobnovit</span> <span class='ocrx_word' id='word_1_619' title='bbox 2752 1067 2806 1112; x_wconf 85' lang='lat' dir='ltr'>de</span> 
     </span>
     <span class='ocr_line' id='line_1_103' title="bbox 1623 1138 2885 1204; baseline -0.017 -1"><span class='ocrx_word' id='word_1_620' title='bbox 1623 1157 1733 1203; x_wconf 87' lang='lat' dir='ltr'>derii</span> <span class='ocrx_word' id='word_1_621' title='bbox 1770 1154 1996 1199; x_wconf 77' lang='lat' dir='ltr'>affectare?</span> <span class='ocrx_word' id='word_1_622' title='bbox 2035 1149 2145 1194; x_wconf 84' lang='lat' dir='ltr'>Sunt</span> <span class='ocrx_word' id='word_1_623' title='bbox 2178 1149 2322 1204; x_wconf 86' lang='lat' dir='ltr'>itaque</span> <span class='ocrx_word' id='word_1_624' title='bbox 2362 1147 2454 1190; x_wconf 81' lang='lat' dir='ltr'>haee</span> <span class='ocrx_word' id='word_1_625' title='bbox 2491 1149 2679 1202; x_wconf 87' lang='lat' dir='ltr'>quatuor</span> <span class='ocrx_word' id='word_1_626' title='bbox 2711 1156 2781 1201; x_wconf 76' lang='lat' dir='ltr'>ge</span> <span class='ocrx_word' id='word_1_627' title='bbox 2803 1162 2816 1183; x_wconf 86' lang='grc'>-.</span> <span class='ocrx_word' id='word_1_628' title='bbox 2884 1138 2885 1142; x_wconf 75' lang='grc'>’</span> 
     </span>
     <span class='ocr_line' id='line_1_104' title="bbox 1623 1205 2885 1287; baseline -0.014 -13"><span class='ocrx_word' id='word_1_629' title='bbox 1623 1227 1888 1287; x_wconf 79' lang='lat' dir='ltr'>aegritudinis</span> <span class='ocrx_word' id='word_1_630' title='bbox 1911 1223 2126 1268; x_wconf 86' lang='lat' dir='ltr'>hominis:</span> <span class='ocrx_word' id='word_1_631' title='bbox 2146 1219 2306 1264; x_wconf 87' lang='lat' dir='ltr'>duritia</span> <span class='ocrx_word' id='word_1_632' title='bbox 2325 1216 2540 1268; x_wconf 79' lang='lat' dir='ltr'>videlicet,</span> <span class='ocrx_word' id='word_1_633' title='bbox 2572 1214 2754 1275; x_wconf 79' lang='lat' dir='ltr'>desidia,</span> <span class='ocrx_word' id='word_1_634' title='bbox 2775 1205 2826 1266; x_wconf 54' lang='lat' dir='ltr'>hs</span> <span class='ocrx_word' id='word_1_635' title='bbox 2884 1207 2885 1215; x_wconf 72' lang='grc'>’</span> 
     </span>
     <span class='ocr_line' id='line_1_105' title="bbox 1624 1288 2885 1359; baseline -0.013 -11"><span class='ocrx_word' id='word_1_636' title='bbox 1624 1302 1816 1359; x_wconf 82' lang='lat' dir='ltr'>sphemia</span> <span class='ocrx_word' id='word_1_637' title='bbox 1831 1306 1874 1343; x_wconf 89' lang='lat' dir='ltr'>et</span> <span class='ocrx_word' id='word_1_638' title='bbox 1896 1296 2154 1354; x_wconf 83' lang='lat' dir='ltr'>ignorantia.</span> <span class='ocrx_word' id='word_1_639' title='bbox 2181 1290 2515 1347; x_wconf 78' lang='lat' dir='ltr'>Quadripartitae</span> <span class='ocrx_word' id='word_1_640' title='bbox 2535 1288 2671 1341; x_wconf 82' lang='lat' dir='ltr'>Judae,</span> <span class='ocrx_word' id='word_1_641' title='bbox 2696 1293 2806 1344; x_wconf 69' lang='grc' dir='ltr'>(ιι-(ιι</span> <span class='ocrx_word' id='word_1_642' title='bbox 2883 1291 2885 1302; x_wconf 89' lang='grc'><strong>“</strong></span> 
     </span>
     <span class='ocr_line' id='line_1_106' title="bbox 1622 1362 2819 1428; baseline -0.014 -9"><span class='ocrx_word' id='word_1_643' title='bbox 1622 1382 1720 1420; x_wconf 88' lang='grc' dir='ltr'>ιιιοι·</span> <span class='ocrx_word' id='word_1_644' title='bbox 1755 1372 1930 1416; x_wconf 86' lang='lat' dir='ltr'>totidem</span> <span class='ocrx_word' id='word_1_645' title='bbox 1965 1368 2136 1412; x_wconf 90' lang='lat' dir='ltr'>Domini</span> <span class='ocrx_word' id='word_1_646' title='bbox 2160 1364 2346 1428; x_wconf 70' lang='lat' dir='ltr'>panibus</span> <span class='ocrx_word' id='word_1_647' title='bbox 2369 1363 2548 1407; x_wconf 88' lang='lat' dir='ltr'>omnino</span> <span class='ocrx_word' id='word_1_648' title='bbox 2576 1362 2819 1406; x_wconf 79' lang='lat' dir='ltr'>contraria</span> 
     </span>
     <span class='ocr_line' id='line_1_107' title="bbox 1623 1433 2804 1504; baseline -0.014 -13"><span class='ocrx_word' id='word_1_649' title='bbox 1623 1447 1779 1504; x_wconf 87' lang='lat' dir='ltr'>quibus</span> <span class='ocrx_word' id='word_1_650' title='bbox 1801 1443 2046 1487; x_wconf 88' lang='lat' dir='ltr'>nullatenus</span> <span class='ocrx_word' id='word_1_651' title='bbox 2070 1439 2199 1483; x_wconf 91' lang='lat' dir='ltr'>homo</span> <span class='ocrx_word' id='word_1_652' title='bbox 2225 1438 2321 1487; x_wconf 90' lang='lat' dir='ltr'>iste,</span> <span class='ocrx_word' id='word_1_653' title='bbox 2342 1435 2396 1478; x_wconf 84' lang='lat' dir='ltr'>de</span> <span class='ocrx_word' id='word_1_654' title='bbox 2417 1447 2506 1491; x_wconf 90' lang='lat' dir='ltr'>quo</span> <span class='ocrx_word' id='word_1_655' title='bbox 2522 1433 2758 1490; x_wconf 88' lang='lat' dir='ltr'>loquimur,</span> <span class='ocrx_word' id='word_1_656' title='bbox 2773 1444 2804 1475; x_wconf 90' lang='lat' dir='ltr'>·s</span> 
     </span>
     <span class='ocr_line' id='line_1_108' title="bbox 1622 1504 2816 1565; baseline -0.013 -2"><span class='ocrx_word' id='word_1_657' title='bbox 1622 1518 1792 1564; x_wconf 87' lang='lat' dir='ltr'>ritualis</span> <span class='ocrx_word' id='word_1_658' title='bbox 1813 1515 2048 1561; x_wconf 79' lang='lat' dir='ltr'>salvabitur</span> <span class='ocrx_word' id='word_1_659' title='bbox 2065 1546 2075 1565; x_wconf 85' lang='lat'>,</span> <span class='ocrx_word' id='word_1_660' title='bbox 2101 1511 2190 1556; x_wconf 89' lang='lat' dir='ltr'>nisi</span> <span class='ocrx_word' id='word_1_661' title='bbox 2212 1523 2281 1562; x_wconf 87' lang='lat' dir='ltr'>eo,</span> <span class='ocrx_word' id='word_1_662' title='bbox 2317 1520 2404 1565; x_wconf 86' lang='lat' dir='ltr'>quo</span> <span class='ocrx_word' id='word_1_663' title='bbox 2433 1506 2634 1565; x_wconf 85' lang='lat' dir='ltr'>superius</span> <span class='ocrx_word' id='word_1_664' title='bbox 2665 1504 2816 1549; x_wconf 78' lang='lat' dir='ltr'>dixim</span> 
     </span>
     <span class='ocr_line' id='line_1_109' title="bbox 1624 1576 2813 1643; baseline -0.013 -6"><span class='ocrx_word' id='word_1_665' title='bbox 1624 1588 1969 1643; x_wconf 82' lang='lat' dir='ltr'>modo,ambulet</span> <span class='ocrx_word' id='word_1_666' title='bbox 1993 1598 2123 1642; x_wconf 87' lang='lat' dir='ltr'>super</span> <span class='ocrx_word' id='word_1_667' title='bbox 2149 1596 2289 1640; x_wconf 88' lang='lat' dir='ltr'>aquas</span> <span class='ocrx_word' id='word_1_668' title='bbox 2314 1579 2626 1637; x_wconf 83' lang='lat' dir='ltr'>redemptionis</span> <span class='ocrx_word' id='word_1_669' title='bbox 2645 1576 2766 1622; x_wconf 78' lang='lat' dir='ltr'>Judae</span> <span class='ocrx_word' id='word_1_670' title='bbox 2803 1582 2813 1614; x_wconf 65' lang='grc' dir='ltr'>ἱ</span> 
     </span>
     <span class='ocr_line' id='line_1_110' title="bbox 1623 1650 2797 1715; baseline -0.013 -6"><span class='ocrx_word' id='word_1_671' title='bbox 1623 1664 1792 1715; x_wconf 90' lang='lat' dir='ltr'>minus,</span> <span class='ocrx_word' id='word_1_672' title='bbox 1832 1669 1879 1706; x_wconf 87' lang='lat' dir='ltr'>ut</span> <span class='ocrx_word' id='word_1_673' title='bbox 1913 1660 2054 1705; x_wconf 87' lang='lat' dir='ltr'>veniat</span> <span class='ocrx_word' id='word_1_674' title='bbox 2090 1659 2135 1701; x_wconf 92' lang='lat' dir='ltr'>in</span> <span class='ocrx_word' id='word_1_675' title='bbox 2171 1656 2438 1702; x_wconf 78' lang='lat' dir='ltr'>Bethlehem.</span> <span class='ocrx_word' id='word_1_676' title='bbox 2464 1650 2797 1710; x_wconf 58' lang='lat' dir='ltr'>Etestjduritgia</span> 
     </span>
     <span class='ocr_line' id='line_1_111' title="bbox 1626 1716 2821 1789; baseline -0.017 -7"><span class='ocrx_word' id='word_1_677' title='bbox 1626 1737 1771 1789; x_wconf 80' lang='lat' dir='ltr'>corde,</span> <span class='ocrx_word' id='word_1_678' title='bbox 1795 1734 1959 1780; x_wconf 87' lang='lat' dir='ltr'>desidia</span> <span class='ocrx_word' id='word_1_679' title='bbox 1983 1733 2027 1775; x_wconf 90' lang='lat' dir='ltr'>in</span> <span class='ocrx_word' id='word_1_680' title='bbox 2051 1743 2197 1787; x_wconf 87' lang='lat' dir='ltr'>opere,</span> <span class='ocrx_word' id='word_1_681' title='bbox 2220 1726 2490 1785; x_wconf 83' lang='lat' dir='ltr'>blasphemia</span> <span class='ocrx_word' id='word_1_682' title='bbox 2522 1726 2568 1771; x_wconf 77' lang='lat' dir='ltr'>iu</span> <span class='ocrx_word' id='word_1_683' title='bbox 2604 1716 2725 1773; x_wconf 70' lang='lat' dir='ltr'>fide,</span> <span class='ocrx_word' id='word_1_684' title='bbox 2748 1722 2792 1781; x_wconf 52' lang='grc' dir='ltr'>ιζ’</span> <span class='ocrx_word' id='word_1_685' title='bbox 2817 1758 2821 1762; x_wconf 91' lang='grc'><em>.</em></span> 
     </span>
     <span class='ocr_line' id='line_1_112' title="bbox 1625 1794 2804 1854; baseline -0.011 0"><span class='ocrx_word' id='word_1_686' title='bbox 1625 1809 1764 1854; x_wconf 86' lang='lat' dir='ltr'>rantia</span> <span class='ocrx_word' id='word_1_687' title='bbox 1804 1807 1858 1852; x_wconf 86' lang='lat' dir='ltr'>de</span> <span class='ocrx_word' id='word_1_688' title='bbox 1894 1807 1965 1849; x_wconf 87' lang='lat' dir='ltr'>illa</span> <span class='ocrx_word' id='word_1_689' title='bbox 2003 1811 2165 1849; x_wconf 73' lang='lat' dir='ltr'>aeterna</span> <span class='ocrx_word' id='word_1_690' title='bbox 2205 1808 2250 1847; x_wconf 89' lang='lat' dir='ltr'>et</span> <span class='ocrx_word' id='word_1_691' title='bbox 2283 1800 2396 1845; x_wconf 85' lang='lat' dir='ltr'>felici</span> <span class='ocrx_word' id='word_1_692' title='bbox 2425 1798 2655 1850; x_wconf 81' lang='lat' dir='ltr'>suavitate,</span> <span class='ocrx_word' id='word_1_693' title='bbox 2690 1794 2804 1843; x_wconf 74' lang='lat' dir='ltr'>felici</span> 
     </span>
     <span class='ocr_line' id='line_1_113' title="bbox 1627 1871 2743 1925; baseline -0.013 0"><span class='ocrx_word' id='word_1_694' title='bbox 1627 1880 1748 1925; x_wconf 86' lang='lat' dir='ltr'>suavi</span> <span class='ocrx_word' id='word_1_695' title='bbox 1771 1877 2026 1923; x_wconf 80' lang='lat' dir='ltr'>aeternitate.</span> <span class='ocrx_word' id='word_1_696' title='bbox 2662 1912 2665 1917; x_wconf 84' lang='grc'>,</span> <span class='ocrx_word' id='word_1_697' title='bbox 2742 1871 2743 1874; x_wconf 76' lang='grc'>’</span> 
     </span>
     <span class='ocr_line' id='line_1_114' title="bbox 1682 1938 2823 2004; baseline -0.006 -7"><span class='ocrx_word' id='word_1_698' title='bbox 1682 1952 1790 1997; x_wconf 80' lang='lat' dir='ltr'>xm.</span> <span class='ocrx_word' id='word_1_699' title='bbox 1825 1951 1908 1996; x_wconf 88' lang='lat' dir='ltr'>Sed</span> <span class='ocrx_word' id='word_1_700' title='bbox 1940 1950 2128 1994; x_wconf 88' lang='lat' dir='ltr'>ambulat</span> <span class='ocrx_word' id='word_1_701' title='bbox 2163 1948 2374 1993; x_wconf 87' lang='lat' dir='ltr'>Dominus</span> <span class='ocrx_word' id='word_1_702' title='bbox 2402 1959 2533 2004; x_wconf 87' lang='lat' dir='ltr'>super</span> <span class='ocrx_word' id='word_1_703' title='bbox 2556 1957 2693 2004; x_wconf 82' lang='lat' dir='ltr'>aquas</span> <span class='ocrx_word' id='word_1_704' title='bbox 2743 1935 2823 1982; x_wconf 59' lang='lat'>.&#39;,‘</span> 
     </span>
     <span class='ocr_line' id='line_1_115' title="bbox 1627 2017 2738 2083; baseline -0.009 -12"><span class='ocrx_word' id='word_1_705' title='bbox 1627 2025 1786 2083; x_wconf 85' lang='lat' dir='ltr'>ptionis</span> <span class='ocrx_word' id='word_1_706' title='bbox 1805 2023 1940 2075; x_wconf 82' lang='lat' dir='ltr'>Judae,</span> <span class='ocrx_word' id='word_1_707' title='bbox 1962 2031 2005 2068; x_wconf 87' lang='lat' dir='ltr'>et</span> <span class='ocrx_word' id='word_1_708' title='bbox 2026 2022 2203 2066; x_wconf 82' lang='lat' dir='ltr'>venitin</span> <span class='ocrx_word' id='word_1_709' title='bbox 2219 2020 2485 2065; x_wconf 86' lang='lat' dir='ltr'>Bethlehem.</span> <span class='ocrx_word' id='word_1_710' title='bbox 2503 2017 2717 2071; x_wconf 85' lang='lat' dir='ltr'>Ostendit,</span> <span class='ocrx_word' id='word_1_711' title='bbox 2735 2038 2738 2042; x_wconf 38' lang='lat' dir='ltr'>v</span> 
     </span>
     <span class='ocr_line' id='line_1_116' title="bbox 1629 2076 2847 2151; baseline -0.006 -11"><span class='ocrx_word' id='word_1_712' title='bbox 1629 2102 1712 2147; x_wconf 82' lang='lat' dir='ltr'>cet,</span> <span class='ocrx_word' id='word_1_713' title='bbox 1742 2096 1892 2139; x_wconf 87' lang='lat' dir='ltr'>modos</span> <span class='ocrx_word' id='word_1_714' title='bbox 1913 2095 2012 2138; x_wconf 86' lang='lat' dir='ltr'>huic</span> <span class='ocrx_word' id='word_1_715' title='bbox 2037 2093 2225 2145; x_wconf 84' lang='lat' dir='ltr'>infirmo,</span> <span class='ocrx_word' id='word_1_716' title='bbox 2243 2092 2403 2149; x_wconf 87' lang='lat' dir='ltr'>quibus</span> <span class='ocrx_word' id='word_1_717' title='bbox 2427 2090 2481 2135; x_wconf 89' lang='lat' dir='ltr'>ad</span> <span class='ocrx_word' id='word_1_718' title='bbox 2501 2103 2663 2143; x_wconf 85' lang='lat' dir='ltr'>veram,</span> <span class='ocrx_word' id='word_1_719' title='bbox 2685 2076 2847 2151; x_wconf 26' lang='lat' dir='ltr'>quam,r</span> 
     </span>
     <span class='ocr_line' id='line_1_117' title="bbox 1629 2155 2805 2226; baseline -0.003 -14"><span class='ocrx_word' id='word_1_720' title='bbox 1629 2167 1982 2226; x_wconf 81' lang='lat' dir='ltr'>quadripartitam</span> <span class='ocrx_word' id='word_1_721' title='bbox 2012 2179 2109 2211; x_wconf 88' lang='lat' dir='ltr'>esse</span> <span class='ocrx_word' id='word_1_722' title='bbox 2133 2166 2333 2221; x_wconf 85' lang='lat' dir='ltr'>superius</span> <span class='ocrx_word' id='word_1_723' title='bbox 2352 2163 2654 2209; x_wconf 81' lang='lat' dir='ltr'>indicavimus.</span> <span class='ocrx_word' id='word_1_724' title='bbox 2674 2151 2848 2208; x_wconf 71' lang='lat' dir='ltr'>acoed</span> 
     </span>
     <span class='ocr_line' id='line_1_118' title="bbox 1630 2224 2828 2299; baseline -0.007 -13"><span class='ocrx_word' id='word_1_725' title='bbox 1630 2243 1766 2299; x_wconf 85' lang='lat' dir='ltr'>possit</span> <span class='ocrx_word' id='word_1_726' title='bbox 1802 2240 2144 2294; x_wconf 68' lang='lat' dir='ltr'>consessionem</span> <span class='ocrx_word' id='word_1_727' title='bbox 2169 2245 2212 2284; x_wconf 88' lang='lat' dir='ltr'>et</span> <span class='ocrx_word' id='word_1_728' title='bbox 2257 2237 2575 2295; x_wconf 76' lang='lat' dir='ltr'>sapidissimam</span> <span class='ocrx_word' id='word_1_729' title='bbox 2610 2226 2652 2281; x_wconf 83' lang='lat' dir='ltr'>ei</span> <span class='ocrx_word' id='word_1_730' title='bbox 2686 2224 2828 2286; x_wconf 79' lang='lat' dir='ltr'>infun</span> 
     </span>
     <span class='ocr_line' id='line_1_119' title="bbox 1632 2307 2841 2368; baseline -0.002 -10"><span class='ocrx_word' id='word_1_731' title='bbox 1632 2316 1809 2358; x_wconf 82' lang='lat' dir='ltr'>internae</span> <span class='ocrx_word' id='word_1_732' title='bbox 1831 2312 2095 2365; x_wconf 84' lang='lat' dir='ltr'>resectionis,</span> <span class='ocrx_word' id='word_1_733' title='bbox 2121 2322 2250 2368; x_wconf 88' lang='lat' dir='ltr'>quam</span> <span class='ocrx_word' id='word_1_734' title='bbox 2281 2311 2325 2354; x_wconf 90' lang='lat' dir='ltr'>in</span> <span class='ocrx_word' id='word_1_735' title='bbox 2350 2308 2626 2367; x_wconf 86' lang='lat' dir='ltr'>quadruplici</span> <span class='ocrx_word' id='word_1_736' title='bbox 2650 2307 2782 2353; x_wconf 89' lang='lat' dir='ltr'>domo</span> <span class='ocrx_word' id='word_1_737' title='bbox 2807 2307 2841 2355; x_wconf 59' lang='grc' dir='ltr'>ἒῖ.</span> 
     </span>
     <span class='ocr_line' id='line_1_120' title="bbox 1632 2377 2849 2438; baseline -0.01 -4"><span class='ocrx_word' id='word_1_738' title='bbox 1632 2387 1701 2434; x_wconf 83' lang='lat' dir='ltr'>nis</span> <span class='ocrx_word' id='word_1_739' title='bbox 1734 2385 1972 2429; x_wconf 84' lang='lat' dir='ltr'>consistere</span> <span class='ocrx_word' id='word_1_740' title='bbox 2005 2382 2217 2435; x_wconf 86' lang='lat' dir='ltr'>diximus,</span> <span class='ocrx_word' id='word_1_741' title='bbox 2243 2381 2519 2425; x_wconf 86' lang='lat' dir='ltr'>suavitatem.</span> <span class='ocrx_word' id='word_1_742' title='bbox 2543 2377 2668 2423; x_wconf 82' lang='lat' dir='ltr'>Tune</span> <span class='ocrx_word' id='word_1_743' title='bbox 2689 2382 2814 2438; x_wconf 67' lang='lat' dir='ltr'>vero,v</span> <span class='ocrx_word' id='word_1_744' title='bbox 2848 2386 2849 2389; x_wconf 76' lang='grc'>’</span> 
     </span>
     <span class='ocr_line' id='line_1_121' title="bbox 1632 2451 2849 2518; baseline -0.007 -15"><span class='ocrx_word' id='word_1_745' title='bbox 1632 2457 1913 2505; x_wconf 83' lang='lat' dir='ltr'>ostendamus</span> <span class='ocrx_word' id='word_1_746' title='bbox 1940 2456 2158 2514; x_wconf 86' lang='lat' dir='ltr'>quomodo</span> <span class='ocrx_word' id='word_1_747' title='bbox 2180 2455 2312 2517; x_wconf 89' lang='lat' dir='ltr'>homo</span> <span class='ocrx_word' id='word_1_748' title='bbox 2349 2454 2560 2504; x_wconf 86' lang='lat' dir='ltr'>salvatur,</span> <span class='ocrx_word' id='word_1_749' title='bbox 2596 2451 2756 2518; x_wconf 82' lang='lat' dir='ltr'>duritia</span> <span class='ocrx_word' id='word_1_750' title='bbox 2786 2464 2849 2514; x_wconf 34' lang='lat'>114,</span> 
     </span>
     <span class='ocr_line' id='line_1_122' title="bbox 1634 2523 2825 2588; baseline -0.007 -12"><span class='ocrx_word' id='word_1_751' title='bbox 1634 2539 1700 2576; x_wconf 87' lang='lat' dir='ltr'>est</span> <span class='ocrx_word' id='word_1_752' title='bbox 1727 2531 1912 2588; x_wconf 77' lang='lat' dir='ltr'>primum</span> <span class='ocrx_word' id='word_1_753' title='bbox 1931 2530 2200 2586; x_wconf 75' lang='lat' dir='ltr'>:egritudinis</span> <span class='ocrx_word' id='word_1_754' title='bbox 2221 2540 2376 2584; x_wconf 80' lang='lat' dir='ltr'>genus,</span> <span class='ocrx_word' id='word_1_755' title='bbox 2401 2526 2634 2585; x_wconf 74' lang='lat' dir='ltr'>emollitur.</span> <span class='ocrx_word' id='word_1_756' title='bbox 2665 2523 2719 2569; x_wconf 84' lang='lat' dir='ltr'>Et</span> <span class='ocrx_word' id='word_1_757' title='bbox 2759 2544 2762 2546; x_wconf 94' lang='lat'>·</span> <span class='ocrx_word' id='word_1_758' title='bbox 2792 2551 2825 2573; x_wconf 56' lang='grc' dir='ltr'>ι,</span> 
     </span>
     <span class='ocr_line' id='line_1_123' title="bbox 1633 2593 2818 2658; baseline -0.005 -12"><span class='ocrx_word' id='word_1_759' title='bbox 1633 2604 1707 2647; x_wconf 88' lang='lat' dir='ltr'>lita</span> <span class='ocrx_word' id='word_1_760' title='bbox 1726 2603 1884 2646; x_wconf 85' lang='lat' dir='ltr'>duritia</span> <span class='ocrx_word' id='word_1_761' title='bbox 1908 2602 2122 2658; x_wconf 84' lang='lat' dir='ltr'>poenitens</span> <span class='ocrx_word' id='word_1_762' title='bbox 2143 2602 2187 2643; x_wconf 92' lang='lat' dir='ltr'>in</span> <span class='ocrx_word' id='word_1_763' title='bbox 2204 2599 2343 2656; x_wconf 88' lang='lat' dir='ltr'>prima</span> <span class='ocrx_word' id='word_1_764' title='bbox 2360 2598 2507 2650; x_wconf 86' lang='lat' dir='ltr'>domo,</span> <span class='ocrx_word' id='word_1_765' title='bbox 2532 2607 2630 2655; x_wconf 82' lang='lat' dir='ltr'>quae</span> <span class='ocrx_word' id='word_1_766' title='bbox 2650 2601 2719 2642; x_wconf 85' lang='lat' dir='ltr'>est</span> <span class='ocrx_word' id='word_1_767' title='bbox 2738 2604 2794 2640; x_wconf 87' lang='lat' dir='ltr'>au</span> <span class='ocrx_word' id='word_1_768' title='bbox 2804 2593 2818 2640; x_wconf 73' lang='lat'>2</span> 
     </span>
     <span class='ocr_line' id='line_1_124' title="bbox 1633 2657 2849 2735; baseline -0.003 -15"><span class='ocrx_word' id='word_1_769' title='bbox 1633 2677 1739 2720; x_wconf 88' lang='lat' dir='ltr'>ritas</span> <span class='ocrx_word' id='word_1_770' title='bbox 1775 2675 2050 2733; x_wconf 84' lang='lat' dir='ltr'>poenitentiae,</span> <span class='ocrx_word' id='word_1_771' title='bbox 2087 2673 2272 2735; x_wconf 86' lang='lat' dir='ltr'>primum</span> <span class='ocrx_word' id='word_1_772' title='bbox 2304 2670 2494 2729; x_wconf 82' lang='lat' dir='ltr'>comedit</span> <span class='ocrx_word' id='word_1_773' title='bbox 2515 2657 2700 2730; x_wconf 69' lang='lat' dir='ltr'>panem,</span> <span class='ocrx_word' id='word_1_774' title='bbox 2724 2667 2849 2726; x_wconf 60' lang='lat' dir='ltr'>qui</span> 
     </span>
     <span class='ocr_line' id='line_1_125' title="bbox 1634 2726 2828 2807; baseline -0.006 -14"><span class='ocrx_word' id='word_1_775' title='bbox 1634 2750 1758 2807; x_wconf 88' lang='lat' dir='ltr'>panis</span> <span class='ocrx_word' id='word_1_776' title='bbox 1776 2748 1952 2793; x_wconf 86' lang='lat' dir='ltr'>doloris.</span> <span class='ocrx_word' id='word_1_777' title='bbox 1973 2747 2024 2791; x_wconf 81' lang='lat' dir='ltr'>Et</span> <span class='ocrx_word' id='word_1_778' title='bbox 2043 2748 2086 2792; x_wconf 92' lang='lat' dir='ltr'>in</span> <span class='ocrx_word' id='word_1_779' title='bbox 2110 2750 2249 2804; x_wconf 86' lang='lat' dir='ltr'>prima</span> <span class='ocrx_word' id='word_1_780' title='bbox 2265 2744 2394 2797; x_wconf 75' lang='lat' dir='ltr'>luda,</span> <span class='ocrx_word' id='word_1_781' title='bbox 2417 2741 2739 2789; x_wconf 79' lang='lat' dir='ltr'>confessionem</span> <span class='ocrx_word' id='word_1_782' title='bbox 2760 2726 2828 2798; x_wconf 37' lang='lat' dir='ltr'>ef</span> 
     </span>
     <span class='ocr_line' id='line_1_126' title="bbox 1636 2812 2825 2880; baseline -0.01 -13"><span class='ocrx_word' id='word_1_783' title='bbox 1636 2830 1704 2867; x_wconf 84' lang='lat' dir='ltr'>cet</span> <span class='ocrx_word' id='word_1_784' title='bbox 1722 2822 1901 2880; x_wconf 85' lang='lat' dir='ltr'>peccati.</span> <span class='ocrx_word' id='word_1_785' title='bbox 1930 2821 2092 2866; x_wconf 78' lang='lat' dir='ltr'>Deinde</span> <span class='ocrx_word' id='word_1_786' title='bbox 2121 2819 2292 2864; x_wconf 87' lang='lat' dir='ltr'>desidia</span> <span class='ocrx_word' id='word_1_787' title='bbox 2315 2817 2370 2862; x_wconf 89' lang='lat' dir='ltr'>ad</span> <span class='ocrx_word' id='word_1_788' title='bbox 2401 2814 2641 2860; x_wconf 84' lang='lat' dir='ltr'>secundum</span> <span class='ocrx_word' id='word_1_789' title='bbox 2662 2812 2771 2872; x_wconf 75' lang='lat' dir='ltr'>pert*</span> <span class='ocrx_word' id='word_1_790' title='bbox 2789 2821 2825 2863; x_wconf 59' lang='grc' dir='ltr'>«ις</span> 
     </span>
     <span class='ocr_line' id='line_1_127' title="bbox 1636 2875 2820 2954; baseline -0.006 -14"><span class='ocrx_word' id='word_1_791' title='bbox 1636 2897 1899 2941; x_wconf 80' lang='lat' dir='ltr'>infirmitatis</span> <span class='ocrx_word' id='word_1_792' title='bbox 1918 2909 2053 2954; x_wconf 81' lang='lat' dir='ltr'>genus</span> <span class='ocrx_word' id='word_1_793' title='bbox 2072 2895 2246 2952; x_wconf 86' lang='lat' dir='ltr'>pellitur</span> <span class='ocrx_word' id='word_1_794' title='bbox 2260 2925 2273 2945; x_wconf 89' lang='lat'>,</span> <span class='ocrx_word' id='word_1_795' title='bbox 2305 2898 2349 2936; x_wconf 87' lang='lat' dir='ltr'>et</span> <span class='ocrx_word' id='word_1_796' title='bbox 2381 2892 2476 2949; x_wconf 84' lang='lat' dir='ltr'>ipsa</span> <span class='ocrx_word' id='word_1_797' title='bbox 2490 2887 2680 2949; x_wconf 64' lang='lat' dir='ltr'>&gt;depulsa</span> <span class='ocrx_word' id='word_1_798' title='bbox 2702 2875 2820 2934; x_wconf 52' lang='lat' dir='ltr'>der!</span> 
     </span>
     <span class='ocr_line' id='line_1_128' title="bbox 1636 2959 2814 3024; baseline -0.008 -10"><span class='ocrx_word' id='word_1_799' title='bbox 1636 2972 1679 3013; x_wconf 90' lang='lat' dir='ltr'>in</span> <span class='ocrx_word' id='word_1_800' title='bbox 1709 2962 1837 3014; x_wconf 85' lang='lat' dir='ltr'>domo</span> <span class='ocrx_word' id='word_1_801' title='bbox 1863 2969 2068 3019; x_wconf 86' lang='lat' dir='ltr'>secunda,</span> <span class='ocrx_word' id='word_1_802' title='bbox 2103 2973 2282 3024; x_wconf 84' lang='lat' dir='ltr'>quaeest</span> <span class='ocrx_word' id='word_1_803' title='bbox 2303 2964 2511 3011; x_wconf 85' lang='lat' dir='ltr'>instantia</span> <span class='ocrx_word' id='word_1_804' title='bbox 2536 2959 2814 3021; x_wconf 65' lang='lat' dir='ltr'>bonae&#39;ac&#39;ti</span> 
     </span>
     <span class='ocr_line' id='line_1_129' title="bbox 1638 3023 2818 3095; baseline -0.003 -10"><span class='ocrx_word' id='word_1_805' title='bbox 1638 3040 1872 3085; x_wconf 86' lang='lat' dir='ltr'>secundum</span> <span class='ocrx_word' id='word_1_806' title='bbox 1897 3039 2084 3085; x_wconf 87' lang='lat' dir='ltr'>eomedit</span> <span class='ocrx_word' id='word_1_807' title='bbox 2102 3050 2273 3095; x_wconf 87' lang='lat' dir='ltr'>panem,</span> <span class='ocrx_word' id='word_1_808' title='bbox 2301 3037 2376 3094; x_wconf 90' lang='lat' dir='ltr'>qui</span> <span class='ocrx_word' id='word_1_809' title='bbox 2394 3043 2462 3082; x_wconf 86' lang='lat' dir='ltr'>est</span> <span class='ocrx_word' id='word_1_810' title='bbox 2475 3033 2604 3094; x_wconf 84' lang='lat' dir='ltr'>panis</span> <span class='ocrx_word' id='word_1_811' title='bbox 2625 3023 2818 3081; x_wconf 47' lang='lat' dir='ltr'>latiori&amp;¹</span> 
     </span>
     <span class='ocr_line' id='line_1_130' title="bbox 1638 3107 2809 3172; baseline -0.003 -13"><span class='ocrx_word' id='word_1_812' title='bbox 1638 3114 1681 3159; x_wconf 86' lang='lat' dir='ltr'>in</span> <span class='ocrx_word' id='word_1_813' title='bbox 1703 3113 1891 3160; x_wconf 82' lang='lat' dir='ltr'>secunda</span> <span class='ocrx_word' id='word_1_814' title='bbox 1913 3113 2039 3165; x_wconf 72' lang='lat' dir='ltr'>luda,</span> <span class='ocrx_word' id='word_1_815' title='bbox 2064 3111 2383 3157; x_wconf 82' lang='lat' dir='ltr'>confessionem</span> <span class='ocrx_word' id='word_1_816' title='bbox 2403 3115 2574 3156; x_wconf 77' lang='lat' dir='ltr'>exercet</span> <span class='ocrx_word' id='word_1_817' title='bbox 2593 3107 2758 3172; x_wconf 76' lang='lat' dir='ltr'>meriti.</span> <span class='ocrx_word' id='word_1_818' title='bbox 2780 3115 2809 3162; x_wconf 59' lang='grc' dir='ltr'>’ξ</span> 
     </span>
     <span class='ocr_line' id='line_1_131' title="bbox 1639 3171 2860 3242; baseline -0.003 -11"><span class='ocrx_word' id='word_1_819' title='bbox 1639 3188 1728 3231; x_wconf 83' lang='lat' dir='ltr'>haec</span> <span class='ocrx_word' id='word_1_820' title='bbox 1755 3187 2045 3242; x_wconf 83' lang='lat' dir='ltr'>blasphemia,</span> <span class='ocrx_word' id='word_1_821' title='bbox 2084 3198 2214 3242; x_wconf 82' lang='lat' dir='ltr'>quam</span> <span class='ocrx_word' id='word_1_822' title='bbox 2237 3185 2319 3230; x_wconf 87' lang='lat' dir='ltr'>sihi</span> <span class='ocrx_word' id='word_1_823' title='bbox 2345 3184 2520 3230; x_wconf 87' lang='lat' dir='ltr'>tertium</span> <span class='ocrx_word' id='word_1_824' title='bbox 2542 3172 2742 3238; x_wconf 70' lang='lat' dir='ltr'>vindicat</span> <span class='ocrx_word' id='word_1_825' title='bbox 2768 3231 2769 3234; x_wconf 56' lang='grc'>,</span> <span class='ocrx_word' id='word_1_826' title='bbox 2795 3188 2806 3217; x_wconf 69' lang='lat' dir='ltr'>s</span> <span class='ocrx_word' id='word_1_827' title='bbox 2853 3171 2860 3191; x_wconf 70' lang='lat'>⁴</span> 
     </span>
     <span class='ocr_line' id='line_1_132' title="bbox 1640 3242 2806 3317; baseline -0.004 -14"><span class='ocrx_word' id='word_1_828' title='bbox 1640 3261 1800 3304; x_wconf 67' lang='lat' dir='ltr'>unitatis</span> <span class='ocrx_word' id='word_1_829' title='bbox 1834 3273 1987 3316; x_wconf 83' lang='lat' dir='ltr'>genus,</span> <span class='ocrx_word' id='word_1_830' title='bbox 2020 3259 2277 3303; x_wconf 78' lang='lat' dir='ltr'>destruitur.</span> <span class='ocrx_word' id='word_1_831' title='bbox 2303 3257 2486 3314; x_wconf 79' lang='lat' dir='ltr'>ipsaque</span> <span class='ocrx_word' id='word_1_832' title='bbox 2506 3252 2730 3303; x_wconf 82' lang='lat' dir='ltr'>destructa</span> <span class='ocrx_word' id='word_1_833' title='bbox 2746 3303 2763 3317; x_wconf 53' lang='lat'>=.</span> <span class='ocrx_word' id='word_1_834' title='bbox 2775 3242 2806 3311; x_wconf 38' lang='lat'>³*</span> 
     </span>
     <span class='ocr_line' id='line_1_133' title="bbox 1641 3316 2817 3388; baseline -0.003 -12"><span class='ocrx_word' id='word_1_835' title='bbox 1641 3334 1682 3376; x_wconf 87' lang='lat' dir='ltr'>in</span> <span class='ocrx_word' id='word_1_836' title='bbox 1695 3334 1826 3376; x_wconf 91' lang='lat' dir='ltr'>domo</span> <span class='ocrx_word' id='word_1_837' title='bbox 1843 3334 1984 3383; x_wconf 80' lang='lat' dir='ltr'>tertia,</span> <span class='ocrx_word' id='word_1_838' title='bbox 2003 3345 2097 3388; x_wconf 86' lang='lat' dir='ltr'>quae</span> <span class='ocrx_word' id='word_1_839' title='bbox 2117 3338 2182 3375; x_wconf 84' lang='lat' dir='ltr'>est</span> <span class='ocrx_word' id='word_1_840' title='bbox 2206 3330 2414 3374; x_wconf 77' lang='lat' dir='ltr'>fortitudo</span> <span class='ocrx_word' id='word_1_841' title='bbox 2445 3335 2574 3375; x_wconf 79' lang='lat' dir='ltr'>rectae</span> <span class='ocrx_word' id='word_1_842' title='bbox 2601 3316 2768 3374; x_wconf 72' lang='lat' dir='ltr'>creduli</span> <span class='ocrx_word' id='word_1_843' title='bbox 2791 3324 2817 3387; x_wconf 47' lang='lat' dir='ltr'><em>f</em></span> 
     </span>
    </p>
   </div>
   <div class='ocr_carea' id='block_1_8' title="bbox 1625 3470 2919 4481">
    <p class='ocr_par' dir='ltr' id='par_1_9' title="bbox 1625 3470 2829 3966">
     <span class='ocr_line' id='line_1_134' title="bbox 1642 3470 2809 3534; baseline 0 -15"><span class='ocrx_word' id='word_1_844' title='bbox 1642 3483 1765 3522; x_wconf 88' lang='lat' dir='ltr'>terna</span> <span class='ocrx_word' id='word_1_845' title='bbox 1795 3476 1930 3528; x_wconf 73' lang='lat' dir='ltr'>Iuda,</span> <span class='ocrx_word' id='word_1_846' title='bbox 1961 3477 2282 3521; x_wconf 87' lang='lat' dir='ltr'>confessionem</span> <span class='ocrx_word' id='word_1_847' title='bbox 2319 3475 2448 3520; x_wconf 86' lang='lat' dir='ltr'>habet</span> <span class='ocrx_word' id='word_1_848' title='bbox 2489 3470 2809 3534; x_wconf 46' lang='lat' dir='ltr'>51&amp;inon</span> 
     </span>
     <span class='ocr_line' id='line_1_135' title="bbox 1641 3535 2798 3607; baseline -0.002 -14"><span class='ocrx_word' id='word_1_849' title='bbox 1641 3563 1744 3594; x_wconf 72' lang='lat' dir='ltr'>vero</span> <span class='ocrx_word' id='word_1_850' title='bbox 1780 3551 2039 3607; x_wconf 81' lang='lat' dir='ltr'>ignorantia,</span> <span class='ocrx_word' id='word_1_851' title='bbox 2071 3562 2167 3605; x_wconf 76' lang='lat' dir='ltr'>quae</span> <span class='ocrx_word' id='word_1_852' title='bbox 2202 3555 2269 3594; x_wconf 86' lang='lat' dir='ltr'>est</span> <span class='ocrx_word' id='word_1_853' title='bbox 2304 3544 2505 3605; x_wconf 79' lang='lat' dir='ltr'>quartum</span> <span class='ocrx_word' id='word_1_854' title='bbox 2522 3535 2753 3604; x_wconf 74' lang='lat' dir='ltr'>aegritttdin</span> <span class='ocrx_word' id='word_1_855' title='bbox 2779 3540 2798 3582; x_wconf 67' lang='lat'>5:</span> 
     </span>
     <span class='ocr_line' id='line_1_136' title="bbox 1643 3601 2811 3678; baseline -0.003 -12"><span class='ocrx_word' id='word_1_856' title='bbox 1643 3636 1723 3667; x_wconf 87' lang='lat' dir='ltr'>nus</span> <span class='ocrx_word' id='word_1_857' title='bbox 1755 3623 1996 3678; x_wconf 85' lang='lat' dir='ltr'>projicitur.</span> <span class='ocrx_word' id='word_1_858' title='bbox 2032 3621 2125 3675; x_wconf 80' lang='lat' dir='ltr'>Qua</span> <span class='ocrx_word' id='word_1_859' title='bbox 2161 3621 2354 3678; x_wconf 79' lang='lat' dir='ltr'>projecta</span> <span class='ocrx_word' id='word_1_860' title='bbox 2374 3622 2419 3673; x_wconf 89' lang='lat' dir='ltr'>in</span> <span class='ocrx_word' id='word_1_861' title='bbox 2441 3622 2570 3665; x_wconf 83' lang='lat' dir='ltr'>domo</span> <span class='ocrx_word' id='word_1_862' title='bbox 2589 3625 2765 3678; x_wconf 75' lang='lat' dir='ltr'>quarta,</span> <span class='ocrx_word' id='word_1_863' title='bbox 2787 3601 2811 3668; x_wconf 50' lang='grc' dir='ltr'>’ζ’</span> 
     </span>
     <span class='ocr_line' id='line_1_137' title="bbox 1625 3687 2782 3750; baseline -0.003 -11"><span class='ocrx_word' id='word_1_864' title='bbox 1625 3702 1709 3746; x_wconf 54' lang='grc' dir='ltr'>,εει</span> <span class='ocrx_word' id='word_1_865' title='bbox 1723 3696 1944 3740; x_wconf 82' lang='lat' dir='ltr'>aeternitas</span> <span class='ocrx_word' id='word_1_866' title='bbox 1962 3706 2159 3749; x_wconf 80' lang='lat' dir='ltr'>supernae</span> <span class='ocrx_word' id='word_1_867' title='bbox 2180 3693 2416 3750; x_wconf 82' lang='lat' dir='ltr'>felicitatis,</span> <span class='ocrx_word' id='word_1_868' title='bbox 2440 3699 2663 3749; x_wconf 79' lang='lat' dir='ltr'>quartum,</span> <span class='ocrx_word' id='word_1_869' title='bbox 2681 3687 2782 3750; x_wconf 56' lang='lat' dir='ltr'>etat</span> 
     </span>
     <span class='ocr_line' id='line_1_138' title="bbox 1643 3748 2803 3826; baseline -0.002 -16"><span class='ocrx_word' id='word_1_870' title='bbox 1643 3767 1742 3810; x_wconf 89' lang='lat' dir='ltr'>dum</span> <span class='ocrx_word' id='word_1_871' title='bbox 1760 3779 1835 3823; x_wconf 85' lang='lat' dir='ltr'>per</span> <span class='ocrx_word' id='word_1_872' title='bbox 1850 3779 1939 3810; x_wconf 90' lang='lat' dir='ltr'>rem</span> <span class='ocrx_word' id='word_1_873' title='bbox 1957 3771 2001 3810; x_wconf 90' lang='lat' dir='ltr'>et</span> <span class='ocrx_word' id='word_1_874' title='bbox 2015 3765 2229 3815; x_wconf 87' lang='lat' dir='ltr'>effectum,</span> <span class='ocrx_word' id='word_1_875' title='bbox 2249 3778 2326 3821; x_wconf 88' lang='lat' dir='ltr'>per</span> <span class='ocrx_word' id='word_1_876' title='bbox 2341 3766 2531 3826; x_wconf 82' lang='lat' dir='ltr'>speeiem</span> <span class='ocrx_word' id='word_1_877' title='bbox 2545 3769 2693 3809; x_wconf 77' lang='lat' dir='ltr'>tamen</span> <span class='ocrx_word' id='word_1_878' title='bbox 2711 3766 2756 3809; x_wconf 76' lang='lat' dir='ltr'>et</span> <span class='ocrx_word' id='word_1_879' title='bbox 2786 3748 2803 3799; x_wconf 83' lang='lat'>.&#39;</span> 
     </span>
     <span class='ocr_line' id='line_1_139' title="bbox 1643 3829 2762 3894; baseline -0.001 -13"><span class='ocrx_word' id='word_1_880' title='bbox 1643 3839 1833 3890; x_wconf 88' lang='lat' dir='ltr'>derium,</span> <span class='ocrx_word' id='word_1_881' title='bbox 1869 3838 2055 3883; x_wconf 89' lang='lat' dir='ltr'>comedit</span> <span class='ocrx_word' id='word_1_882' title='bbox 2087 3830 2258 3894; x_wconf 84' lang='lat' dir='ltr'>panem,</span> <span class='ocrx_word' id='word_1_883' title='bbox 2288 3837 2362 3892; x_wconf 90' lang='lat' dir='ltr'>qui</span> <span class='ocrx_word' id='word_1_884' title='bbox 2381 3842 2449 3880; x_wconf 88' lang='lat' dir='ltr'>est</span> <span class='ocrx_word' id='word_1_885' title='bbox 2470 3835 2597 3893; x_wconf 85' lang='lat' dir='ltr'>panis</span> <span class='ocrx_word' id='word_1_886' title='bbox 2612 3829 2762 3894; x_wconf 54' lang='lat' dir='ltr'>,angel</span> 
     </span>
     <span class='ocr_line' id='line_1_140' title="bbox 1645 3899 2748 3966; baseline 0.001 -15"><span class='ocrx_word' id='word_1_887' title='bbox 1645 3910 1695 3954; x_wconf 70' lang='grc' dir='ltr'>’ἶι</span> <span class='ocrx_word' id='word_1_888' title='bbox 1722 3912 1765 3956; x_wconf 88' lang='lat' dir='ltr'>in</span> <span class='ocrx_word' id='word_1_889' title='bbox 1791 3910 1875 3965; x_wconf 73' lang='grc'>58</span> <span class='ocrx_word' id='word_1_890' title='bbox 1896 3916 2049 3966; x_wconf 85' lang='lat' dir='ltr'>quarta</span> <span class='ocrx_word' id='word_1_891' title='bbox 2073 3909 2201 3961; x_wconf 76' lang='lat' dir='ltr'>Iuda,</span> <span class='ocrx_word' id='word_1_892' title='bbox 2226 3921 2304 3966; x_wconf 86' lang='lat' dir='ltr'>per</span> <span class='ocrx_word' id='word_1_893' title='bbox 2316 3899 2622 3966; x_wconf 75' lang='lat' dir='ltr'>cogitationem</span> <span class='ocrx_word' id='word_1_894' title='bbox 2642 3914 2687 3954; x_wconf 87' lang='lat' dir='ltr'>et</span> <span class='ocrx_word' id='word_1_895' title='bbox 2706 3899 2748 3959; x_wconf 62' lang='lat' dir='ltr'>„a”</span> 
     </span>
    </p>

    <p class='ocr_par' dir='ltr' id='par_1_10' title="bbox 1645 3945 2919 4481">
     <span class='ocr_line' id='line_1_141' title="bbox 1645 3945 2854 4037; baseline -0.007 -13"><span class='ocrx_word' id='word_1_896' title='bbox 1645 3988 1728 4025; x_wconf 49' lang='lat' dir='ltr'>tem</span> <span class='ocrx_word' id='word_1_897' title='bbox 1781 3980 2094 4026; x_wconf 54' lang='lat' dir='ltr'>consessionem</span> <span class='ocrx_word' id='word_1_898' title='bbox 2122 3981 2311 4026; x_wconf 86' lang='lat' dir='ltr'>celebrat</span> <span class='ocrx_word' id='word_1_899' title='bbox 2332 3980 2497 4037; x_wconf 74' lang='lat' dir='ltr'>gaudii,</span> <span class='ocrx_word' id='word_1_900' title='bbox 2522 3974 2568 4024; x_wconf 80' lang='lat' dir='ltr'>in</span> <span class='ocrx_word' id='word_1_901' title='bbox 2590 3967 2698 4025; x_wconf 68' lang='lat' dir='ltr'>voce</span> <span class='ocrx_word' id='word_1_902' title='bbox 2717 3982 2803 4024; x_wconf 59' lang='grc' dir='ltr'>«ιιῖ7</span> <span class='ocrx_word' id='word_1_903' title='bbox 2836 3945 2854 3997; x_wconf 53' lang='lat'><em>³</em></span> 
     </span>
     <span class='ocr_line' id='line_1_142' title="bbox 1646 4043 2802 4113; baseline 0.003 -16"><span class='ocrx_word' id='word_1_904' title='bbox 1646 4054 1780 4098; x_wconf 85' lang='lat' dir='ltr'>sionis</span> <span class='ocrx_word' id='word_1_905' title='bbox 1798 4060 1840 4097; x_wconf 90' lang='lat' dir='ltr'>et</span> <span class='ocrx_word' id='word_1_906' title='bbox 1859 4053 2175 4105; x_wconf 81' lang='lat' dir='ltr'>exsultationis,</span> <span class='ocrx_word' id='word_1_907' title='bbox 2208 4065 2364 4113; x_wconf 83' lang='lat' dir='ltr'>sonum</span> <span class='ocrx_word' id='word_1_908' title='bbox 2398 4043 2602 4098; x_wconf 76' lang='lat' dir='ltr'>emittens</span> <span class='ocrx_word' id='word_1_909' title='bbox 2634 4048 2802 4099; x_wconf 78' lang='lat' dir='ltr'>exsul</span> 
     </span>
     <span class='ocr_line' id='line_1_143' title="bbox 1646 4121 2803 4182; baseline 0 -14"><span class='ocrx_word' id='word_1_910' title='bbox 1646 4124 1784 4182; x_wconf 71' lang='lat' dir='ltr'>(psat.</span> <span class='ocrx_word' id='word_1_911' title='bbox 1825 4137 1916 4177; x_wconf 78' lang='lat' dir='ltr'>xm,</span> <span class='ocrx_word' id='word_1_912' title='bbox 1957 4125 2016 4182; x_wconf 89' lang='grc'>5).</span> <span class='ocrx_word' id='word_1_913' title='bbox 2058 4125 2210 4171; x_wconf 82' lang='lat' dir='ltr'>Merito</span> <span class='ocrx_word' id='word_1_914' title='bbox 2239 4125 2385 4182; x_wconf 84' lang='lat' dir='ltr'>itaque</span> <span class='ocrx_word' id='word_1_915' title='bbox 2412 4131 2517 4170; x_wconf 82' lang='lat' dir='ltr'>tune</span> <span class='ocrx_word' id='word_1_916' title='bbox 2545 4123 2702 4178; x_wconf 76' lang='lat' dir='ltr'>salvari</span> <span class='ocrx_word' id='word_1_917' title='bbox 2725 4121 2803 4178; x_wconf 72' lang='lat' dir='ltr'>&#39;di‘</span> 
     </span>
     <span class='ocr_line' id='line_1_144' title="bbox 1646 4181 2918 4250; baseline 0.001 -9"><span class='ocrx_word' id='word_1_918' title='bbox 1646 4199 1791 4250; x_wconf 90' lang='lat' dir='ltr'>homo,</span> <span class='ocrx_word' id='word_1_919' title='bbox 1826 4210 1923 4242; x_wconf 90' lang='lat' dir='ltr'>cum</span> <span class='ocrx_word' id='word_1_920' title='bbox 1943 4199 2059 4243; x_wconf 86' lang='lat' dir='ltr'>venit</span> <span class='ocrx_word' id='word_1_921' title='bbox 2089 4198 2298 4243; x_wconf 86' lang='lat' dir='ltr'>Dominus</span> <span class='ocrx_word' id='word_1_922' title='bbox 2321 4196 2365 4243; x_wconf 88' lang='lat' dir='ltr'>in</span> <span class='ocrx_word' id='word_1_923' title='bbox 2381 4198 2649 4248; x_wconf 82' lang='lat' dir='ltr'>Bethlehem,</span> <span class='ocrx_word' id='word_1_924' title='bbox 2664 4181 2771 4246; x_wconf 46' lang='lat' dir='ltr'>amb&#39;</span> <span class='ocrx_word' id='word_1_925' title='bbox 2803 4239 2811 4245; x_wconf 76' lang='grc'>,</span> <span class='ocrx_word' id='word_1_926' title='bbox 2916 4247 2918 4250; x_wconf 25' lang='lat'><em>⁴</em></span> 
     </span>
     <span class='ocr_line' id='line_1_145' title="bbox 1649 4257 2919 4327; baseline 0.002 -12"><span class='ocrx_word' id='word_1_927' title='bbox 1649 4283 1778 4327; x_wconf 82' lang='lat' dir='ltr'>super</span> <span class='ocrx_word' id='word_1_928' title='bbox 1794 4282 1928 4327; x_wconf 78' lang='lat' dir='ltr'>aquas</span> <span class='ocrx_word' id='word_1_929' title='bbox 1947 4271 2254 4327; x_wconf 85' lang='lat' dir='ltr'>redemptionis</span> <span class='ocrx_word' id='word_1_930' title='bbox 2272 4269 2407 4315; x_wconf 79' lang='lat' dir='ltr'>Judae.</span> <span class='ocrx_word' id='word_1_931' title='bbox 2429 4269 2534 4325; x_wconf 58' lang='lat' dir='ltr'>Quas</span> <span class='ocrx_word' id='word_1_932' title='bbox 2547 4274 2697 4316; x_wconf 72' lang='lat' dir='ltr'>autem‘</span> <span class='ocrx_word' id='word_1_933' title='bbox 2714 4272 2758 4313; x_wconf 82' lang='lat' dir='ltr'>et</span> <span class='ocrx_word' id='word_1_934' title='bbox 2772 4319 2778 4326; x_wconf 66' lang='lat'>.</span> <span class='ocrx_word' id='word_1_935' title='bbox 2793 4259 2809 4267; x_wconf 55' lang='grc'>”</span> <span class='ocrx_word' id='word_1_936' title='bbox 2918 4257 2919 4260; x_wconf 23' lang='lat'>¹</span> 
     </span>
     <span class='ocr_line' id='line_1_146' title="bbox 1649 4327 2840 4398; baseline 0.001 -12"><span class='ocrx_word' id='word_1_937' title='bbox 1649 4343 1736 4386; x_wconf 78' lang='lat' dir='ltr'>sint</span> <span class='ocrx_word' id='word_1_938' title='bbox 1762 4355 1882 4398; x_wconf 83' lang='lat' dir='ltr'>aquae</span> <span class='ocrx_word' id='word_1_939' title='bbox 1912 4343 2030 4391; x_wconf 80' lang='lat' dir='ltr'>istae,</span> <span class='ocrx_word' id='word_1_940' title='bbox 2058 4343 2121 4386; x_wconf 84' lang='lat' dir='ltr'>vel</span> <span class='ocrx_word' id='word_1_941' title='bbox 2145 4343 2245 4398; x_wconf 90' lang='lat' dir='ltr'>quid</span> <span class='ocrx_word' id='word_1_942' title='bbox 2269 4343 2326 4386; x_wconf 81' lang='lat' dir='ltr'>sit</span> <span class='ocrx_word' id='word_1_943' title='bbox 2347 4355 2425 4398; x_wconf 88' lang='lat' dir='ltr'>per</span> <span class='ocrx_word' id='word_1_944' title='bbox 2445 4355 2520 4387; x_wconf 83' lang='lat' dir='ltr'>eas</span> <span class='ocrx_word' id='word_1_945' title='bbox 2538 4340 2691 4386; x_wconf 77' lang='lat' dir='ltr'>Iudam</span> <span class='ocrx_word' id='word_1_946' title='bbox 2716 4335 2791 4384; x_wconf 76' lang='lat' dir='ltr'>red</span> <span class='ocrx_word' id='word_1_947' title='bbox 2819 4327 2840 4387; x_wconf 45' lang='grc' dir='ltr'>Ἱ,ι</span> 
     </span>
     <span class='ocr_line' id='line_1_147' title="bbox 1652 4404 2779 4481; baseline 0.001 -26"><span class='ocrx_word' id='word_1_948' title='bbox 1652 4419 1692 4456; x_wconf 82' lang='lat' dir='ltr'>et</span> <span class='ocrx_word' id='word_1_949' title='bbox 1719 4416 1845 4469; x_wconf 86' lang='lat' dir='ltr'>unde,</span> <span class='ocrx_word' id='word_1_950' title='bbox 1878 4418 2075 4481; x_wconf 78' lang='lat' dir='ltr'>superius</span> <span class='ocrx_word' id='word_1_951' title='bbox 2095 4415 2251 4471; x_wconf 78' lang='lat' dir='ltr'>partim</span> <span class='ocrx_word' id='word_1_952' title='bbox 2270 4417 2312 4457; x_wconf 91' lang='lat' dir='ltr'>in</span> <span class='ocrx_word' id='word_1_953' title='bbox 2331 4427 2529 4460; x_wconf 87' lang='lat' dir='ltr'>sermone</span> <span class='ocrx_word' id='word_1_954' title='bbox 2551 4416 2648 4463; x_wconf 75' lang='lat' dir='ltr'>isto,</span> <span class='ocrx_word' id='word_1_955' title='bbox 2670 4404 2779 4470; x_wconf 83' lang='lat' dir='ltr'>parti</span> 
     </span>
    </p>
   </div>
   <div class='ocr_carea' id='block_1_9' title="bbox 2794 4478 2914 4588">
    <p class='ocr_par' dir='ltr' id='par_1_11' title="bbox 2794 4478 2914 4588">
     <span class='ocr_line' id='line_1_148' title="bbox 2794 4478 2914 4588; baseline -0.008 -62"><span class='ocrx_word' id='word_1_956' title='bbox 2794 4478 2853 4588; x_wconf 6' lang='lat' dir='ltr'>w,</span> <span class='ocrx_word' id='word_1_957' title='bbox 2906 4492 2914 4500; x_wconf 21' lang='lat' dir='ltr'>ff</span> 
     </span>
    </p>
   </div>
  </div>
 </body>
</html>
