2924 4588
16 4413 45 4512 i

18 4549 30 4572 ¹.

91 107 192 154 {38¹

723 100 981 146 HISTORIA
1015 100 1410 150 scttoLASthA.
1445 129 1498 138 «—
1529 103 1685 147 mmm
1716 106 1769 148 ΙΙΙ
1803 99 2011 153 attacti.

2539 119 2647 163 ¹582

90 205 184 248 erat
209 196 526 245 subcinericius
556 195 680 253 panis
703 203 744 239 et
768 208 845 239 vas
878 207 1027 251 aquae3
1055 201 1097 252 et
1132 196 1333 250 coinedit,
1358 204 1392 250 Α
1415 197 1628 250 placuerit
1659 199 1723 241 eis
1770 200 1919 243 tollent
1955 201 2008 245 de
2038 203 2165 246 domo
2188 210 2288 258 tua;
2314 218 2351 249 et
2378 206 2429 250 de
2452 208 2648 253 domibus

90 277 135 317 et·
160 271 284 322 bibit,
313 279 356 313 et
386 281 560 312 rursum
582 266 862 311 obdormivit.
894 265 947 308 Et
986 267 1212 310 suscitavit
1233 279 1331 310 eum

91 344 267 400 angelus
300 342 492 386 secundo
517 341 667 384 dicens
696 355 707 383 :
733 337 890 395 Surge,
927 339 1120 393 comede,
1156 338 1333 395 grandis

88 415 203 458 enim
233 414 312 457 tibi
336 418 471 457 restat
490 413 555 455 via
573 410 779 469 (1111309.
793 409 903 469 xix).
926 427 941 453 i
957 410 1171 467 Joseplius
1187 418 1332 455 tamen

88 486 194 530 dicit
217 486 414 542 angelum
428 496 514 527 non
538 485 749 529 excitasse
765 494 882 535 eum,
907 483 982 527 sed
1011 483 1212 539 aliquem.
1239 499 1253 524 ε
1281 483 1333 526 Ει

46 546 49 554 ’
87 559 430 610 comedit-Elias,
454 566 498 602 et
519 558 754 610 ambulavit
775 558 818 600 in
839 558 1089 602 tortitudine
1108 559 1191 602 cibi
1214 559 1331 602 illius

86 631 371 687 qtiadraginta
388 619 556 680 diebus,
580 633 622 672 et
644 629 928 684 quadraginta
951 630 1167 681 noctibus,
1196 642 1332 686 usque

46 707 51 750 ,ἰ
89 705 140 749 ad
166 711 354 748 mont-ern
378 703 454 746 Dei
486 702 645 753 Horeb,
677 717 693 744 ›
729 703 773 744 in
793 714 878 757 quo
905 703 1101 758 apparuit
1123 702 1330 748 Dominus

31 795 43 827 ³1
86 778 222 835 Moysi
258 778 304 820 in
327 776 452 820 rubo.
479 775 532 817 Et
553 775 714 818 mansit
736 775 795 818 ibi
819 775 934 818 Elias
957 777 1001 818 in
1032 777 1252 830 spelunca.
1278 776 1331 819 Et

94 852 154 893 ait
168 849 376 893 Dominus
397 848 450 891 ad
473 859 570 892 eum
596 862 606 890 t
636 861 652 887 ι
683 846 792 899 Quid
809 848 879 891 hic
899 848 1008 904 agis,
1029 847 1152 892 Elia?
1173 848 1254 901 Qui
1270 861 1332 892 re·

38 959 48 983 2,
87 923 286 978 spondit:
307 921 588 966 Zelatussum
607 920 957 966 adversuslsrael
976 933 1055 977 pro
1073 927 1131 966 te.
1147 921 1254 964 Nam
1267 923 1330 966 al—

28 1006 43 1042 1„
89 994 197 1037 taria
229 1001 300 1037 tua
328 993 652 1043 destruxerunt,
685 993 918 1050 prophetas
937 1000 1035 1039 tuos
1058 983 1326 1046 occiderunt,

32 1099 40 1111 ⁷.
85 1073 127 1110 et
143 1057 319 1110 relictus
331 1076 427 1109 sum
443 1077 522 1121 ego
541 1065 677 1116 solus,
694 1071 735 1108 et
748 1071 945 1121 quaerunt.
967 1064 1155 1108 animam
1171 1076 1327 1117 meam,

35 1186 38 1190 .
85 1143 127 1181 et
155 1137 318 1193 aufugi.
359 1137 412 1179 Et
442 1137 503 1179 ait
535 1137 746 1180 Dominus
776 1138 829 1181 ad
868 1150 966 1180 eum
990 1136 1256 1192 >:Eg-redere,
1287 1141 1352 1179 et.

85 1209 286 1253 transibit
313 1208 522 1252 Dominus
549 1219 694 1252 coram
718 1215 775 1252 te.
808 1225 823 1249 »
857 1208 956 1252 Tria
971 1214 1113 1252 tamen
1139 1208 1258 1263 prius
1270 1208 1330 1251 vi-

85 1282 268 1326 sibiliter
288 1283 572 1330 transierunt,
595 1283 637 1325 in
661 1283 818 1338 quibus
842 1296 928 1327 non
957 1284 1158 1326 transivit
1184 1274 1330 1326 Domi·
1354 1259 1387 1304 Β
1411 1282 1534 1319 terrae
1549 1277 1665 1320 intus
1681 1280 1970 1334 positae‚,etita
1982 1294 2034 1324 cx
2048 1295 2131 1338 quo
2146 1286 2641 1340 pugnahumvomscum,

83 1367 182 1398 nus.
199 1354 342 1397 Primo
355 1367 455 1410 crgo
476 1355 677 1398 transivit
693 1362 845 1400 ventus
864 1355 989 1398 sortis
1009 1360 1241 1399 conterens
1254 1367 1330 1410 pe-

84 1433 191 1478 tras,
221 1427 296 1470 sed
322 1436 409 1470 non
439 1427 482 1469 in
502 1436 628 1470 vento
653 1425 876 1471 Dominus.
907 1427 1105 1470 Secundo
1128 1427 1328 1469 transivit

31 1531 35 1534 -
83 1501 316 1545 commotio
333 1501 554 1549 terrzc‚sed
575 1512 661 1543 non
681 1499 724 1542 in
737 1512 786 1543 ea
798 1499 1175 1544 Dominus.Tertio
1193 1506 1330 1543 trans-

23 1574 51 1621 s'ssss
82 1575 133 1618 itt
156 1574 283 1631 ignis,
308 1574 383 1618 sed
406 1586 496 1617 non
533 1574 577 1616 in
599 1571 697 1630 igne
717 1572 942 1618 Dominus.
965 1574 1128 1626 Quarto
1155 1575 1328 1618 transiit

23 1682 26 1687 .
83 1646 234 1691 sibilus
253 1659 368 1689 aurae
391 1647 562 1700 tenuis;
590 1653 632 1690 et
659 1658 757 1690 cum
770 1658 820 1690 co
843 1645 1067 1690 Dominus.
1091 1647 1141 1688 Et
1160 1647 1328 1703 operuit

82 1719 199 1763 Elias
221 1720 383 1764 vultum
405 1730 528 1762 suum
550 1718 754 1773 pallio,et
774 1718 892 1761 stetit
908 1717 953 1761 in
967 1719 1080 1761 ostio
1094 1720 1323 1774 speluncae.

82 1793 135 1836 Et
154 1793 361 1838 Dominus
382 1792 596 1836 transiens
619 1792 727 1835 dixit
750 1791 802 1834 ad
821 1803 944 1834 eum:
968 1806 982 1832 ‹
1002 1789 1114 1843 Quid
1136 1791 1203 1833 hic
1217 1789 1324 1845 agis,

82 1866 204 1910 Elia?
230 1882 247 1908 υ
273 1865 327 1909 Et
347 1865 569 1921 respondit
588 1865 643 1911 ei.
671 1865 785 1908 sicut
802 1870 844 1908 et
871 1876 1019 1919 supra.
1037 1863 1090 1905 Et
1108 1864 1216 1906 dixit
1243 1863 1326 1905 Do-

24 1963 38 1994 ;5
81 1940 225 1982 minus
258 1939 311 1982 ad
334 1951 431 1983 eum
459 1951 470 1980 z
501 1953 515 1979 ι
544 1937 776 1982 Revertere
798 1950 874 1994 pei·
896 1939 1132 1989 desertum,
1154 1941 1198 1980 et
1219 1936 1325 1979 vado

35 1999 37 2001 ¹
81 2011 126 2055 in
151 2011 423 2062 Damascum,
454 2028 468 2052 ›
498 2017 540 2055 et
573 2012 616 2055 in
643 2012 850 2056 ultionem
882 2011 966 2054 mei
998 2026 1013 2051 ‹
1041 2012 1223 2067 inunges
1243 2009 1325 2052 iia-

19 2111 29 2137 a
58 2084 172 2125 -zael
201 2093 342 2139 regem
368 2094 497 2138 super
524 2081 712 2139 Syriam,
736 2088 780 2126 et
802 2081 911 2126 Jebu
938 2082 1070 2124 lilium
1094 2080 1226 2125 Nausi
1256 2090 1323 2124 reu

78 2167 175 2212 gem
213 2168 343 2210 super
363 2155 510 2210 Israel,
546 2155 745 2201 Elisaeuxn
769 2163 911 2199 autem
934 2156 1066 2198 filium
1089 2154 1250 2210 Sapliat
1270 2156 1325 2202 'de

81 2228 216 2280 Abela
234 2229 417 2284 inunges
434 2230 686 2285 proplietam
703 2241 783 2285 pro
808 2234 849 2272 te
872 2231 902 2271 *.
924 2227 976 2270 Et
999 2229 1071 2271 isti
1092 2233 1178 2272 tres
1196 2228 1326 2272 inter-

25 2330 27 2334 ·
80 2301 226 2345 tinient
246 2301 494 2346 idololatras
515 2303 567 2346 de
591 2302 739 2354 Israei,
763 2301 1056 2353 aliosfiazaei‚
1077 2300 1322 2352 aliosleh'u,
1345 2328 1377 2372 Ο
1403 2363 1430 2404 d
1778 2364 1814 2408 Η
1895 2367 1920 2409 d
2018 2365 2051 2408 D

1435 2369 1528 2415 unt,
1550 2370 1593 2407 et
1614 2365 1673 2407 ait
1699 2378 1709 2406 :
1744 2381 1757 2405 ι
1815 2377 1877 2409 aec
1924 2366 2000 2409 icit
2054 2368 2249 2412 ominus:
2275 2369 2361 2425 Ego
2379 2370 2542 2423 tradam
2557 2382 2643 2415 om-

84 2373 388 2426 aliosssliseus,
403 2380 446 2419 et
469 2376 706 2430 relinquam
729 2374 832 2417 milii
847 2373 1036 2420 inlsrael
1058 2374 1326 2430 septeinmib

80 2447 140 2491 lia
159 2447 369 2498 virorum,
395 2459 580 2504 quorum
613 2458 751 2503 genua
771 2459 856 2490 non
883 2454 986 2491 sunt
1005 2453 1187 2490 curvata
1204 2446 1322 2499 Baal,

79 2536 160 2569 nec
181 2525 365 2569 osculati
388 2532 490 2570 sunt
512 2537 666 2568 inaniis
687 2525 798 2580 ejus.
831 2539 846 2566 i
875 2523 925 2566 Et
945 2531 1047 2568 nota
1070 2525 1185 2579 quod
1209 2522 1325 2568 Elias

78 2610 168 2640 non-
185 2598 309 2641 aliter
330 2597 454 2641 unxit
477 2597 651 2648 Hazael,
677 2596 761 2640 nisi
785 2596 900 2651 quod
923 2595 1123 2653 praedixit
1139 2608 1215 2650 per
1238 2593 1326 2636 Eli-

79 2685 200 2717 seum
223 2685 321 2716 eum
345 2682 488 2730 regem
512 2671 722 2715 futurum.
755 2669 864 2714 John
886 2681 1002 2722 vero,
1022 2677 1101 2713 nec
1121 2670 1228 2724 ipse,
1244 2680 1324 2711 nec

77 2745 246 2790 Eliseus
281 2745 560 2795 inunxerunt,
587 2736 662 2787 sed
690 2754 801 2786 unus
835 2741 1142 2798 prophetarum
1163 2741 1324 2784 missus

78 2815 131 2858 ab
145 2814 301 2859 Eliseo.
322 2812 508 2859 Eliseum
527 2827 630 2858 vero
645 2824 730 2856 non
749 2814 888 2865 unxit,
913 2813 998 2856 nisi
1015 2811 1130 2868 quod
1145 2811 1321 2867 pallium

77 2899 202 2931 suum
218 2888 362 2944 posuit
383 2900 512 2943 super
528 2899 642 2931 eum.
667 2886 760 2930 Non
786 2887 901 2929 enim
928 2887 970 2928 in
995 2886 1086 2940 lege
1109 2883 1325 2939 ungeban-

19 2962 22 2963 ’
77 2969 162 3012 tur,
183 2961 267 3006 nisi
287 2974 358 3006 rex
381 2967 423 3006 et
447 2962 666 3005 sacerdos.
691 2959 919 3004 Profectus
942 2971 1045 3015 ergo
1067 2958 1182 3001 Elias
1200 2958 1321 3001 inve-

16 3071 17 3076 ,
75 3035 138 3078 nit
154 3034 381 3079 duodecim
395 3036 512 3078 viros
533 3041 722 3086 arantes,
739 3034 782 3076 in
799 3032 1025 3076 duodecim
1042 3031 1319 3086 jugis‘boum,

75 3120 390 3163 quorum-unus
413 3114 504 3150 erat
522 3106 707 3156 miscus,
739 3120 754 3146 t
785 3111 827 3150 et
847 3105 991 3161 posuit
1004 3104 1122 3149 Elias
1145 3105 1337 3160 pallium

76 3192 202 3224 suum
222 3191 352 3235 super
374 3192 489 3232 euin,
510 3194 525 3220 ›
553 3183 595 3222 et
620 3179 825 3221 continuo
849 3176 1318 3233 prophetavitEtiseus,

77 3258 124 3295 ut
141 3254 201 3296 ait
215 3245 445 3309 Joseph'us.
459 3248 512 3293 Et
529 3263 711 3296 (torrens
730 3256 828 3306 post
846 3249 982 3295 Eliam
1004 3249 1068 3295 ait
1095 3265 1118 3294 :-
1135 3265 1151 3291 ι
1183 3248 1338 3295 θεου-5

77 3325 153 3375 ler,
184 3331 337 3376 orote,
361 3330 527 3379 patrem
554 3336 712 3374 meum,
740 3330 781 3367 et
803 3327 982 3366 matrem
1006 3334 1163 3373 meam,
1188 3328 1238 3367 et
1253 3334 1335 3366 εει-,-

16 3405 33 3411 ‘
75 3410 183 3453 quar
200 3405 260 3442 te.
283 3397 337 3440 Et
351 3409 552 3441 reversus
576 3397 780 3440 mactavit
795 3407 873 3452 par
895 3396 1043 3448 boum,
1062 3403 1104 3440 et
1128 3396 1245 3439 coxit
1267 3396 1378 3447 il-·D

77 3472 146 3515 lud
167 3472 212 3515 in
231 3471 362 3528 iignis
384 3469 533 3522 aratri,
565 3476 606 3513 et
630 3470 747 3513 dedit
774 3481 898 3513 escas
923 3467 1253 3519 contribulibus,
1277 3473 1320 3511 et

19 3539 31 3603 ζ
76 3557 255 3602 surgens
273 3543 446 3589 sec-utus
466 3551 533 3588 est
551 3543 705 3592 Etiam,
729 3549 772 3587 et
794 3543 1070 3596 ministrabat
1091 3544 1147 3586 ei.
1179 3558 1193 3583 ι

129 3617 147 3635 ¹
169 3615 342 3658 Addieio
381 3616 422 3660 1.
448 3614 574 3667 Quod
610 3615 810 3670 congruit
840 3613 1034 3657 oraculo.
1071 3612 1179 3656 Nato
1203 3614 1319 3657 enim

23 3674 29 3706 .·
75 3689 218 3733 Eliseo
252 3689 297 3731 in
319 3687 523 3744 Galgalis,
551 3688 695 3740 imago
730 3688 784 3730 de
815 3686 961 3729 vitulis
987 3685 1130 3730 aureis
1165 3685 1316 3741 mugit.

75 3763 169 3815 Quo
198 3762 344 3805 audito
383 3761 427 3804 in
450 3759 712 3809 Jerusalem,
740 3759 802 3802 ait
840 3759 1043 3803 sacerdos
1070 3752 1082 3799 τ’
1106 3758 1317 3814 Propheta

74 3843 203 3878 natus
222 3839 288 3877 est
313 3835 356 3877 in
389 3831 539 3883 lsrael,
576 3833 649 3889 qui
686 3831 905 3889 sculptilia
930 3843 1079 3876 eorum
1107 3831 1315 3882 destruet,

26 3964 29 3965 .
73 3909 202 3952 etiam
227 3907 390 3952 fusilia.

24 4093 26 4097 Ι
72 4031 175 4079 Cn.
202 4033 409 4079 xxxvtt.
434 4059 491 4067 -
513 4030 574 4076 De
615 4031 754 4088 prima
779 4003 1238 4080 obsidioneSamarioe,
1277 4038 1317 4073 et

599 4088 788 4145 reliquis.

131 4211 153 4237 ιΔ
176 4194 311 4254 Porro
339 4195 541 4242 Benadab
561 4210 637 4242 rex
663 4197 799 4254 Syriae
830 4194 1054 4239 obsidebat
1077 4193 1316 4237 Samariam

8 4264 9 4269 ’
72 4259 236 4316 habens
255 4273 597 4328 secum-triginta
613 4273 723 4315 duos
746 4283 887 4327 reges,
905 4276 948 4314 et
969 4269 1085 4312 misit
1103 4268 1155 4310 ad
1169 4268 1318 4310 Acltnb

73 4340 118 4383 in
147 4340 404 4395 Samariam,
420 4343 577 4388 'dicens
605 4355 615 4383 ε
647 4342 693 4385 Si
711 4343 777 4386 vis
808 4349 854 4385 ut
876 4341 1073 4398 recedam
1100 4351 1124 4382 a
1147 4348 1315 4390 te‚cras

73 4410 156 4458 bac
177 4415 327 4460 eadem
350 4417 458 4460 bora
481 4416 646 4460 mittam
667 4427 814 4460 servos
840 4426 974 4466 meos,
992 4418 1032 4456 et
1060 4423 1185 4455 omne
1200 4411 1311 4467 quod

1414 280 1638 312 servorum
1666 277 1853 320 tuorum,
1876 273 2003 316 etiam
2024 288 2178 319 uxores
2197 283 2235 320 ct
2263 278 2419 322 liberos
2439 274 2534 335 (111
2551 281 2644 337 neq.

1414 340 1504 397 xx).
1535 357 1548 382 ι
1579 341 1625 384 Et
1652 343 1746 386 iniit
1763 344 1910 389 Achab
1931 349 2157 392 consilium
2181 363 2276 393 cum
2297 353 2646 408 somoriam-oui

1412 413 1613 456 dixerunt
1641 429 1650 458 :
1676 414 1770 459 Non
1794 419 2047 473 acquiescas
2069 422 2129 463 illi
2157 437 2167 464 :
2196 423 2246 465 Et
2272 429 2490 478 respondit
2507 428 2649 472 Achab

1413 485 1574 528 nuntiis
1586 485 1824 534 {henadad-z
1855 503 1869 527 ι
1890 487 2025 532 Dicite
2038 490 2211 535 domino
2231 506 2324 536 meo
2346 510 2354 536 :
2381 492 2531 538 Omnia
2555 509 2649 551 quae

1410 555 1579 608 iussisti
1604 556 1646 598 in
1671 560 1839 610 nuntio,
1866 559 2006 605 facere
2037 575 2227 616 possum,
2252 566 2525 614 hancautem
2557 581 2647 612 rem

1413 627 1570 682 facere,
1594 641 1679 671 non
1705 642 1896 685 possum,
1931 634 2135 678 »scincet
2153 635 2205 678 de
2227 638 2448 689 uxoribus,
2471 645 2513 681 et
2543 640 2649 684 iibe-

1411 700 1488 744 ris.
1533 701 1586 744 Et
1615 703 1862 758 indignatus
1897 705 2097 749 Benadab
2133 710 2297 768 remisit
2341 710 2392 751 ad
2424 724 2537 763 eum,
2581 713 2649 755 ‹ti-

1410 772 1515 816 cens
1542 789 1554 819 ;
1588 789 1602 815 ‹
1631 774 1730 819 Haec
1749 776 1908 819 faciant
1933 779 2124 830 miliidii,
2144 787 2186 823 et
2206 781 2294 823 lioec
2312 783 2486 836 addant,
2508 784 2543 827 si
2562 785 2647 827 sus-

1411 844 1562 889 l'ecerit
1588 847 1729 901 pulvis
1771 847 1974 894 Samariae
1999 853 2170 907 pugillis
2201 855 2338 898 omnis
2377 856 2520 910 populi
2544 857 2644 908 mei,

1410 917 1483 972 qui
1503 920 1699 978 sequitur
1722 933 1805 964 me.
1837 938 1851 963 ›
1882 921 2075 967 Samaria
2098 926 2275 969 babebat
2292 929 2470 972 interius
2487 935 2644 974 terram

1410 1002 1518 1046 pene
1541 990 1677 1035 muris
1714 994 1936 1048 aequalem,
1963 1002 2003 1038 et
2027 1002 2091 1039 est
2116 1010 2285 1043 sensus.
2319 998 2457 1044 Tanta
2477 1014 2645 1045 mecum

1409 1062 1741 1121 estmultitudm
1766 1072 1827 1115 ut,
1862 1066 1896 1107 si
1916 1066 2070 1122 singuli
2094 1068 2272 1122 lapidem
2298 1083 2446 1122 unum,
2474 1073 2540 1116 vel
2570 1073 2646 1115 sti-

1410 1132 1557 1187 pitem,
1583 1133 1665 1180 ⁴vel
1700 1136 1905 1190 cespitem
1945 1140 2303 1192 comportaverint
2342 1148 2522 1193 tantum,
2566 1155 2645 1186 ex·

1410 1209 1579 1250 struent
1611 1217 1823 1262 aggerem,
1850 1207 1922 1265 qui
1940 1210 2176 1264 aequabitur
2196 1216 2328 1256 muris
2359 1212 2575 1266 Samariae,
2601 1223 2643 1259 et

1408 1344 1460 1390 Et
1478 1350 1700 1404 respondit
1727 1363 1800 1395 rex
1826 1351 1956 1397 lsrael
1985 1366 1994 1395 :
2025 1354 2156 1399 Dicite
2178 1356 2214 1399 ei
2243 1373 2252 1399 :
2284 1373 2296 1397 t
2317 1357 2407 1401 Non
2437 1359 2643 1415 glorietur

1409 1418 1629 1462 accinctus
1643 1432 1779 1476 teque,
1807 1430 1853 1465 ut
1879 1424 2131 1469 discinctus.
2163 1442 2175 1468 i
2205 1426 2254 1470 Et
2276 1435 2339 1472 est
2361 1432 2642 1475 sensuszAd-

1407 1490 1492 1532 huc
1514 1503 1561 1534 es
1589 1493 1811 1538 accinctus
1837 1495 1987 1547 armis,
2014 1503 2056 1540 et
2075 1509 2144 1541 res
2165 1506 2231 1542 est
2252 1500 2293 1542 in
2317 1501 2516 1555 pendulo.
2546 1502 2642 1547 Noli

1407 1573 1509 1616 ergo
1527 1563 1850 1621 gloriari-quasi
1882 1566 1970 1621 J'am
1994 1568 2132 1611 victor
2150 1569 2224 1620 sis,
2242 1576 2290 1625 *et
2314 1572 2548 1616 discinctus
2573 1585 2642 1615 ar-

1407 1634 1489 1678 mis
1509 1635 1732 1690 depositis.
1770 1637 1900 1690 Quasi
1925 1640 2069 1683 dicat:
2096 1654 2181 1684 non
2217 1649 2357 1698 potest
2381 1645 2556 1701 gloriari
2581 1649 2642 1691 sic

1406 1708 1638 1762 praeliator,
1654 1709 1765 1753 sicut-
1787 1711 1937 1773 victor;
1954 1714 2019 1772 yet
2043 1715 2277 1759 secundum
2292 1717 2415 1759 aliam
2438 1718 2638 1761 litteram:

1411 1795 1425 1820 t
1455 1779 1546 1823 Non
1572 1783 1778 1836 glorietur
1797 1796 1915 1840 mque
1951 1787 2187 1839 accinctos,
2205 1794 2330 1844 atque
2353 1790 2638 1835 discinctus.»

1406 1850 1539 1903 Quasi
1558 1854 1672 1896 dicat
1697 1866 1708 1896 z
1734 1856 1843 1900 Ante
1867 1857 2091 1900 victoriam
2112 1872 2198 1915 non
2224 1866 2363 1916 potest
2380 1863 2550 1917 gloriari
2571 1876 2642 1906 ac-

1406 1925 1577 1970 cinctus
1604 1926 1891 1980 multitudine,
1930 1941 2010 1972 nec
2047 1930 2300 1984 discinctus,
2327 1933 2370 1976 id
2402 1940 2467 1977 est
2490 1946 2642 1979 carens

1405 1997 1694 2050 multitudine,
1716 2000 1814 2054 quia
1839 2012 1951 2056 saepe
1965 2003 2092 2056 pauci
2115 2002 2291 2045 vincunt
2315 2005 2487 2050 multos.
2508 2005 2642 2050 Porro

1405 2068 1606 2112 Benadab
1631 2083 1726 2113 cum
1742 2073 1914 2128 regibus
1939 2074 2030 2117 suis
2054 2075 2224 2118 bibebat
2247 2076 2290 2118 in
2309 2077 2584 2130 umbraculis,
2600 2087 2643 2122 ct

1405 2141 1464 2184 ait
1488 2143 1626 2187 servis
1650 2145 1740 2188 suis
1767 2159 1778 2188 ι
1808 2160 1822 2186 ι
1851 2145 2125 2191 Circumdate
2142 2149 2373 2193 civitatem.
2407 2166 2421 2192 ι
2449 2134 2642 2208 Cumque

1403 2225 1695 2273 expugnarent
1717 2230 1811 2264 eam
1830 2219 1972 2262 timuit
1997 2219 2143 2264 Achab
2168 2222 2311 2266 nimis.
2339 2223 2390 2265 Et
2413 2236 2514 2267 ecce
2532 2238 2641 2269 unus

1404 2291 1611 2345 propheta
1634 2292 1893 2335 confortavit
1911 2293 2264 2353 eum,>Micbaeas‚
2284 2305 2330 2338 ut
2353 2296 2525 2351 quidam
2552 2304 2641 2340 tra-

1402 2449 1499 2480 nem
1525 2437 1978 2483 hancinultit-udinem
2000 2440 2044 2482 in
2068 2451 2195 2482 manu
2220 2447 2289 2484 tua
2309 2442 2449 2494 hodic,
2469 2449 2514 2484 ut
2529 2443 2640 2486 scias

1406 2511 1509 2565 quia
1526 2523 1604 2567 ego
1634 2524 1728 2555 sum
1750 2511 1974 2555 Dominus.
2011 2512 2062 2555 Et
2087 2512 2145 2554 ait
2171 2513 2319 2557 Achab
2343 2531 2352 2557 :
2379 2514 2460 2558 Per
2483 2529 2606 2570 quem
2626 2516 2642 2557 2

1402 2582 1483 2634 Qut
1512 2584 1735 2638 respoudit
1761 2600 1771 2626 z
1796 2583 1878 2627 Per
1896 2585 2176 2642 pedissequos
2205 2587 2442 2642 principum
2467 2590 2642 2642 provin-

1402 2658 1582 2700 ciarum.
1607 2655 1658 2699 Et
1693 2657 1752 2701 ait
1785 2657 1932 2709 Achab
1959 2672 1970 2699 ι
1997 2657 2103 2710 Quis
2128 2661 2209 2702 erit
2235 2661 2321 2703 dux
2350 2663 2529 2704 eorum?
2559 2662 2640 2715 Qui

1401 2729 1623 2785 respondit
1649 2744 1660 2773 :
1689 2727 1768 2773 Tu.
1802 2745 1818 2771 ›
1845 2729 1896 2772 Et
1918 2730 2080 2774 invenit
2104 2731 2250 2775 Achab
2271 2731 2379 2777 [ilios
2397 2735 2638 2790 principum

1400 2802 1609 2846 ducentos
1631 2802 1807 2859 triginta
1826 2802 1934 2846 duos
1952 2809 1994 2846 et
2005 2816 2203 2859 egressus
2218 2810 2283 2848 est
2300 2817 2396 2847 cum
2417 2806 2493 2849 cis.
2507 2807 2637 2850 Cum·

1401 2887 1484 2929 que
1507 2875 1754 2917 nuntiatum
1777 2880 1893 2918 essct
1920 2875 2139 2928 Benadab,
2166 2877 2276 2932 quod
2311 2879 2471 2932 egressi
2497 2887 2656 2922 essent>

1400 2947 1454 2991 de
1477 2945 1688 2998 Samaria,
1703 2947 1820 2988 misit
1837 2951 1879 2989 in
1905 2959 2133 2990 occursum
2157 2961 2303 2991 eorum
2323 2949 2634 2999 virvauicens:

1403 3019 1502 3063 Sive
1520 3020 1572 3081 ad
1594 3032 1758 3075 pacem,
1775 3021 1864 3065 sive
1886 3021 1936 3063 ad
1963 3021 2153 3076 praelium
2175 3023 2638 3078 venerint,.apprehen-

1399 3093 1569 3151 diteeos
1590 3094 1722 3136 vivos.
1739 3093 1834 3134 Filii
1856 3105 1955 3136 vero
1975 3094 2214 3149 principum
2227 3090 2529 3149 percusserunt
2544 3107 2634 3148 cos,

1402 3167 1699 3221 uuusquisque
1724 3167 1878 3218 virum,
1906 3166 1977 3222 qui
2013 3173 2164 3219 coriti-a
2187 3179 2232 3210 se
2255 3168 2466 3218 seniebat.
2492 3164 2541 3209 Et
2566 3167 2626 3226 ιἰι-Δ
2648 3206 2654 3212 .

1400 3239 1461 3294 git
1480 3240 1697 3286 exercitus
1722 3238 1960 3296 Syr-iorum,
1991 3245 2032 3282 et
2054 3251 2253 3295 egressus
2277 3239 2406 3283 lsrael
2427 3242 2647 3295 percussit⁴

1401 3324 1552 3367 equos,
1578 3317 1621 3355 ct
1646 3324 1818 3363 currus,
1839 3317 1880 3355 et
1900 3310 2067 3368 Syriam
2092 3312 2213 3367 plaga
2238 3323 2404 3365 magna.
2421 3311 2541 3355 Tunc
2565 3326 2650 3357 τιο-ΑΔ

1400 3384 1533 3427 cessit
1561 3382 1767 3437 propheta
1802 3381 1854 3423 ad
1870 3382 2035 3429 Achab,
2079 3379 2227 3434 dicens
2255 3395 2263 3422 :
2291 3380 2557 3423 confortavit
2593 3387 2635 3423 te

1401 3453 1634 3506 Dominus3
1659 3453 1755 3496 vide
1780 3452 1882 3507 quid
1899 3452 2032 3495 facies
2049 3452 2106 3495 ei.
2126 3450 2327 3506 Sequenti
2348 3465 2459 3494 anno
2484 3463 2630 3494 ascen-

1399 3527 1470 3570 det
1507 3539 1582 3569 rex
1607 3524 1741 3580 Syriae
1776 3531 1926 3567 contra
1967 3528 2070 3567 ιιι
2100 3523 2230 3575 Quasi
2268 3523 2382 3566 dicat
2411 3539 2420 3566 ι
2451 3522 2633 3585 Necesse

1398 3605 1466 3642 est
1490 3598 1567 3641 tibi
1592 3604 1636 3640 ut
1661 3597 1818 3640 habeas
1842 3595 2068 3638 Dominum
2096 3596 2342 3652 propitium.
2370 3596 2490 3638 Tunc
2515 3597 2634 3640 dixe-

1399 3677 1500 3714 runt
1518 3672 1628 3715 servi
1651 3670 1853 3713 Bon-adab
1870 3670 1921 3713 ad
1935 3671 2031 3712 eum
2058 3683 2070 3710 ε
2098 3682 2111 3708 ι
2144 3668 2205 3710 Dii
2229 3669 2433 3711 montium
2461 3669 2627 3712 suntdii

1397 3755 1563 3794 eorum,
1583 3747 1625 3785 ct
1644 3738 1928 3797 pugnavimus
1945 3752 2042 3783 cum
2064 3740 2126 3782 eis
2150 3739 2192 3782 in
2216 3740 2445 3789 montibus,
2472 3746 2513 3782 et
2536 3740 2625 3783 ideo

1398 3819 1596 3861 vicerunt
1627 3829 1723 3860 nos.
1744 3815 1986 3871 Pugnemns
2017 3825 2118 3869 ergo
2142 3814 2185 3856 in
2203 3813 2531 3868 campestribus,
2557 3813 2624 3854 ubi

1397 3891 1457 3934 dii
1477 3902 1627 3933 eoi-mn
1647 3888 1753 3932 nihil
1771 3893 1966 3944 possunt,
1987 3893 2029 3930 et
2049 3886 2339 3930 obtinebimus
2358 3898 2447 3929 eos.
2471 3884 2535 3928 Tu
2558 3898 2630 3938 au-v

1396 3967 1482 4004 tem
1510 3962 1577 4004 fac
1598 3961 1774 4006 verbum
1790 3961 1897 4003 hoc:
1917 3959 2076 4006 Amovc
2095 3958 2147 4000 ab
2165 3959 2355 4003 exercitu
2374 3970 2509 4012 reges,
2528 3957 2627 4012 quia

1397 4034 1556 4077 inertes
1587 4038 1702 4082 sunt.
1725 4038 1767 4076 et
1788 4043 1899 4088 pone
1919 4031 2148 4087 principes.
2169 4041 2246 4085 pro
2269 4030 2346 4079 eis,
2372 4035 2413 4090 ct
2437 4030 2625 4072 instaura

1395 4111 1622 4151 numerum
1642 4113 1943 4162 pugnatorum,
1962 4115 2070 4158 quos
2094 4108 2191 4145 ante
2217 4099 2417 4144 habuisti.
2443 4117 2459 4143 ›

1589 4229 1693 4272 cip,
1715 4226 1940 4271 xxxvnt.
1965 4224 2027 4270 De
2052 4227 2224 4269 victoria
2247 4223 2405 4268 Achab.

1451 4335 1581 4390 igitur
1609 4340 1705 4391 post
1727 4345 1885 4376 annum
1909 4332 2024 4376 venit
2035 4330 2236 4374 Benabab
2259 4341 2355 4372 cum
2373 4329 2559 4378 exercitu
2582 4328 2626 4373 in

1394 4409 1559 4463 Apbec,
1597 4420 1692 4463 quae
1728 4413 1794 4451 cst·
1822 4408 1865 4450 in
1902 4405 2213 4462 campestribus
2255 4400 2348 4460 (111
2396 4400 2492 4458 Rea.
2535 4405 2627 4458 xx).
