2924 4588
159 78 269 122 ”07

1139 96 1142 98 -
1167 65 1329 111 nrm
1359 62 1710 110 coatrJS‘roffls

2608 70 2626 113 1
2639 71 2717 117 108

157 164 416 224 vero⁸quod
460 167 683 210 erat-nna
723 162 945 207 namnetis
987 163 1064 206 nni
1119 162 1294 206 Naetnor
1348 168 1390 204 et
1413 163 1449 207 Α
1470 170 1564 206 tzere
1588 158 1823 202 introduxit
1846 172 1937 203 eam
1957 161 2000 202 in
2022 161 2341 205 tabennensium
2365 163 2513 207 matris
2545 175 2649 214 ενα,
2679 169 2719 208 et

156 242 348 292 Melonae,
389 251 514 284 soror
539 238 710 289 Latmn,
750 236 930 292 tetulit
962 234 1139 278 inaures
1162 245 1317 290 astreas
1352 240 1396 275 ει

154 314 360 364 armillas,
380 319 422 355 ει
440 311 554 354 dedit
570 308 628 353 ei.
650 308 939 362 cucurritque
979 307 1118 362 puella
1149 307 1190 349 in
1218 306 1410 368 domum,

155 387 306 429 matris
331 387 399 437 ‘'‘,
442 382 669 433 nunti-is,
714 392 812 435 quae
850 380 1080 431 audierat,
1110 391 1397 434 egressusque

152 458 315 508 Laban,
338 456 575 499 introduxit
611 454 750 496 virum
773 454 816 495 in
847 451 1102 507 hospitium,
1120 459 1163 495 et
1187 450 1397 494 destravit

151 530 355 580 camelos,
380 528 583 582 deditque
605 526 768 582 paleas,
790 533 833 568 et
853 524 999 569 senum
1019 558 1031 576 ,
1056 530 1097 567 et
1136 523 1239 567 lavit
1266 523 1396 578 pedes

150 603 394 656 hospitum,
438 608 481 644 et
506 600 707 654 apposuit
753 599 817 642 eis
851 610 1022 661 panem.
1061 597 1210 640 Noluit
1248 604 1393 640 autem

149 671 316 715 Eliezer
347 671 573 714 comedere
598 703 610 722 ,
639 670 777 716 donec
802 670 1053 725 loqueretur
1073 678 1297 713 sermones
1315 678 1395 724 pro

150 744 308 798 quibus
353 751 545 786 venerat.
602 741 711 786 Cum
761 753 863 797 crgo
903 753 950 784 se
991 741 1172 785 dixisset
1219 753 1393 785 servum

146 816 332 859 Abrahae
358 815 505 858 fratris
536 826 716 868 eorum,
745 822 786 857 et
799 815 1151 858 commendasset
1173 814 1393 860 Abraham

147 891 190 931 in
215 888 380 940 muitiS,
399 888 601 943 exposuit
628 887 691 930 eis
712 887 964 942 petitionem
988 886 1190 940 Abrahae,
1214 887 1258 932 et
1277 889 1396 943 iura·

146 968 340 1004 mentum
383 962 495 1016 quod
534 962 626 1015 ipse
664 957 842 1018 fecerat,
881 968 922 1004 et
955 960 1199 1004 orationem
1218 971 1343 1002 suam
1369 971 1393 1003 a

146 1033 326 1078 Domino
351 1035 401 1077 ad
428 1041 600 1090 puteum
626 1034 1220 1090 exauditam.Rasponderun1
1245 1033 1393 1077 Laban

143 1115 182 1149 et
202 1107 380 1149 Batliuel
407 1108 502 1150 '‘“5
524 1108 558 1148 A
574 1105 752 1149 Domino
768 1119 954 1169 effressus
975 1114 1036 1149 est
1055 1118 1207 1158 sermo,
1228 1106 1394 1150 scilicet

142 1180 342 1231 Abrahae,
377 1187 420 1223 et
443 1180 584 1223 oratio
609 1187 698 1223 tua.
738 1178 834 1222 Nou
857 1191 1077 1234 possumus
1110 1185 1233 1221 extra
1254 1178 1393 1234 placi-

1477 229 1521 272 1η
1549 237 1710 271 tantum
1734 229 1887 273 dilexit
1904 244 2014 283 eam,
2034 241 2078 274 ιιι
2095 231 2299 287 dolorem,
2321 235 2394 290 qui
2416 246 2468 278 ex
2484 242 2616 279 ntorte
2632 248 2722 280 ma·

1477 301 1555 343 tris
1576 301 1805 354 acciderffitt
1831 310 2095 359 temperaret.

1477 386 1580 430 Car.
1604 387 1728 432 tht.
1749 389 1810 433 De'
1825 399 1956 434 morte
1975 390 2268 448 Abroltaepost
2290 403 2524 451 susceptam
2540 394 2721 440 sobolem

1958 447 2011 490 dc
2031 447 2232 493 Gethura.

1532 515 1747 561 Abraham
1768 515 1902 562 altam
1929 520 2053 563 duxit
2076 533 2266 573 uxorem,
2305 524 2471 567 nontine
2497 523 2724 568 Cethuram

1478 586 1643 640 ‹Genes
1664 591 1818 646 xxvii).
1839 590 1973 636 Aiunt
1993 592 2164 639 Hebraei
2190 593 2423 639 Cethuram
2459 608 2617 639 nomen
2646 608 2727 652 ap

1479 659 1748 714 pedulium,
1787 664 1906 718 quod
1945 664 2256 720 interpretatur
2283 669 2539 723 copulatam.
2566 668 2724 714 Dicunt

1476 733 1588 774 enim
1611 733 1723 777 hanc
1740 732 1878 779 fuisse
1889 735 2021 791 Agar,
2046 750 2143 792 quae
2165 739 2290 793 prius
2312 740 2577 793 concubina,
2599 754 2719 786 mor-

1476 809 1550 846 tua
1580 803 1706 858 Sara,
1724 806 1881 850 transit
1900 808 1942 850 in
1965 809 2164 862 uxorem,
2185 811 2238 854 de
2256 823 2342 855 non
2364 812 2563 866 copulata
2588 812 2631 857 in
2649 825 2723 858 co-

1475 877 1685 931 pulatam,
1714 890 1768 922 ne
1791 891 1924 924 senex
1952 881 2079 925 novis
2103 883 2271 940 nuptiis
2307 883 2530 930 lascivisse
2563 898 2722 942 argua-

1477 956 1563 993 tur.
1593 949 1812 1007 Iosephus
1835 959 1980 996 autem
2004 953 2126 1008 dicit,
2145 942 2261 1011 quod
2283 964 2513 1013 antequam
2534 958 2724 1004 misisset

1475 1032 1556 1077 pro
1579 1033 1716 1066 uxore
1739 1022 1833 1076 tilii,
1853 1024 2038 1068 duxerat
2058 1036 2172 1069 eam.
2199 1026 2252 1068 Et
2275 1027 2528 1085 baecgenuit
2553 1030 2592 1072 ei
2615 1029 2724 1073 libe·

1474 1106 1548 1137 ros
1565 1106 1656 1137 sex.
1681 1094 1861 1139 ‹luvenis
1883 1097 2001 1140 enim
2022 1097 2076 1140 de
2102 1109 2204 1142 sene
2222 1111 2375 1155 parcre
2399 1107 2557 1157 potest.
2584 1101 2636 1146 Et
2654 1115 2720 1146 se-

1474 1169 1643 1222 paravit
1663 1180 1739 1212 eos
1760 1169 1980 1214 Abrabam
2004 1171 2109 1214 dum
2130 1172 2294 1217 vivfflet
2311 1175 2366 1218 ab
2394 1174 2514 1220 isaac
2535 1176 2588 1220 ad
2626 1177 2724 1232 pla·

149 1260 235 1293 tum
254 1251 342 1305 ejus
363 1251 586 1307 quidquam
604 1251 717 1307 loqui
743 1250 834 1292 ιὶϋί,
859 1249 1165 1304 Eccessebecca
1182 1263 1323 1292 coram
1344 1260 1383 1295 te
1408 1242 1442 1287 Β
1463 1251 1560 1294 8³¹⁰
1587 1241 1859 1294 Osissflffllssfflv
1893 1249 1939 1286 θῑ
1956 1251 2137 1298 'Gummi
2178 1257 2276 1301 <1¹¹ae
2317 1248 2569 1301 possederat
2607 1250 2726 1296 dedit

140 1333 218 1378 est,
246 1323 343 1367 tolle
363 1338 470 1376 eam,
490 1333 527 1367 et
551 1336 658 1367 uxor
681 1325 734 1367 sit
759 1324 918 1366 donzim’
937 1324 1014 1366 tui.
1034 1322 1118 1368 Sed
1131 1319 1389 1378 notandum,

140 1398 254 1453 qnod
295 1397 510 1452 Joseplius
554 1397 659 1440 dicit
705 1396 958 1440 Bathuelcm
1001 1396 1090 1452 iam
1131 1396 1388 1442 defunctum

139 1470 292 1524 fuisse,
329 1478 371 1514 et
410 1471 619 1526 virginem
662 1470 704 1511 in
740 1469 938 1512 custodia
975 1469 1129 1513 matris
1154 1476 1198 1513 et
1237 1469 1390 1514 fratris

139 1556 250 1596 esse,
280 1550 324 1587 et
346 1543 398 1587 de
422 1549 562 1585 morte
586 1542 723 1596 patris
740 1541 994 1596 praedixisse
1017 1543 1204 1597 puellam
1230 1575 1242 1595 ‚
1272 1555 1390 1598 quae-

137 1617 249 1659 renti
267 1615 318 1659 ad
339 1623 531 1671 puteum.
560 1616 684 1670 cujus
730 1615 815 1658 lilia
859 1623 991 1659 esset.
1039 1615 1179 1659 Etiam
1218 1615 1389 1672 Moyses

137 1688 365 1746 hucusque
414 1690 582 1732 videtur
631 1690 768 1742 velle,
805 1701 900 1732 eam
937 1702 1018 1734 nec
1043 1697 1149 1734 tune
1182 1691 1389 1734 babuisse

136 1768 321 1815 patrem.
346 1747 557 1818 Superius
581 1763 716 1807 dixit:
746 1763 950 1809 Cucurrit
979 1765 1121 1821 puella
1145 1764 1186 1808 in
1209 1764 1386 1808 domum

136 1835 304 1877 matris·
339 1834 468 1879 Forte
510 1838 687 1882 nomine
730 1841 866 1895 patris
899 1847 1081 1883 vocatur
1119 1839 1194 1882 hic
1230 1847 1384 1891 mater,

135 1908 237 1960 quia
264 1909 517 1952 mandatum
561 1913 697 1966 patris
742 1913 796 1956 de
839 1913 925 1956 lilia
952 1912 1178 1962 tradenda,
1205 1912 1322 1967 quod
1345 1911 1383 1954 ci

135 1982 372 2038 reliquerat
409 1983 640 2038 decedens,
684 1997 801 2029 nune
842 1986 1061 2041 exposuit.
1098 1983 1246 2028 Potuit
1267 1984 1384 2027 enim

131 2056 244 2110 fieri,
271 2063 320 2099 ut
346 2069 440 2100 eam
480 2058 729 2102 tradendam
760 2060 903 2114 generi
923 2072 1002 2103 suo
1022 2053 1277 2115 delegasset.
1297 2059 1386 2101 Au-

130 2128 247 2172 diens
267 2128 344 2172 ltoc
369 2142 473 2185 puer
507 2130 688 2175 Ab'rahae
713 2131 904 2176 adoravit
937 2133 1163 2176 Dominum
1179 2167 1190 2186 ‚
1208 2129 1290 2189 ”qui
1315 2126 1384 2174 dt-

132 2209 298 2245 rexerat
326 2203 407 2245 iter
421 2215 559 2256 suum,
584 2211 625 2247 et
640 2204 929 2259 protulittasa
952 2218 1098 2259 arima,
1118 2212 1382 2261 etaryentea,

129 2280 169 2315 et
187 2279 316 2319 vestes
348 2273 455 2317 dans
489 2274 697 2327 Rebeccoe,
719 2276 847 2317 matri
879 2288 1039 2332 quoque
1059 2288 1168 2329 equs,
1194 2282 1234 2319 et
1257 2274 1384 2330 fratri

1471 1311 1609 1358 isaac.
1641 1315 1749 1358 Aliis
1776 1327 1879 1360 vero
1902 1316 2086 1373 largitus
2124 1325 2192 1362 est
2215 1331 2411 1365 munera.
2439 1321 2536 1366 Filii
2573 1330 2717 1370 tamen

1469 1385 1671 1431 Cetburae
1704 1400 1729 1433 a
1763 1388 1941 1432 nomine
1969 1389 2115 1434 liberae
2152 1403 2199 1434 se
2235 1393 2435 1437 dixerunt
2461 1392 2720 1450 Saracenos,

1470 1459 1754 1504 obtinuerunt
1771 1467 1916 1505 autem
1951 1462 2094 1517 primo
2115 1461 2454 1518 Traconitidem,
2479 1474 2523 1510 et
2542 1466 2721 1512 Pboeni-

1469 1543 1584 1583 cem,
1605 1538 1649 1576 et
1675 1532 1898 1587 Arabiam,
1922 1546 2063 1589 usque
2082 1535 2136 1578 ad
2162 1537 2370 1581 terminos
2403 1539 2542 1582 maris
2567 1538 2702 1583 Rubri

1469 1602 1615 1647 Refert
1631 1603 1865 1661 Iosephus,
1886 1607 2003 1663 quod
2024 1619 2074 1650 ex
2090 1621 2177 1651 uno
2195 1620 2346 1654 eorum
2370 1618 2498 1655 natus
2521 1612 2717 1664 cstAser.

1467 1678 1543 1733 qui
1565 1686 1711 1721 castra
1734 1690 1814 1723 sua
1836 1679 1991 1724 fixerat
2016 1682 2059 1723 in
2077 1679 2275 1737 Lybiam,
2295 1695 2425 1739 quarn
2446 1686 2606 1740 posteri
2625 1687 2719 1742 eius

1469 1749 1761 1795 inhabitantes
1783 1752 1837 1795 ab
1861 1751 2145 1798 iilo'Asricam
2169 1756 2575 1801 denominaverunt.
2601 1758 2721 1803 Dixit

1467 1836 1643 1880 quoque
1671 1824 1851 1870 Emeum
1895 1828 2168 1883 prophetam,
2213 1830 2306 1886 qui,
2343 1837 2386 1874 et
2417 1829 2597 1887 Maleus,
2628 1833 2718 1879 sive

1465 1898 1663 1943 Malehus
1678 1901 1821 1944 dictus
1842 1908 1926 1954 est,
1950 1892 2177 1946 historiam
2197 1902 2446 1948 Judaeoruin
2471 1906 2714 1961 scripsisse,

1466 1971 1579 2015 sieut
1620 1978 1662 2014 et
1689 1970 1860 2028 Moyses
1894 1973 2083 2028 scripsit.
2116 1973 2261 2028 Quem
2279 1974 2412 2019 refert
2441 1976 2627 2029 dixisse,
2659 1978 2717 2022 ab

1466 2057 1553 2088 uno
1591 2045 1782 2090 tiliorum
1805 2045 2024 2102 cethurae,
2062 2049 2239 2094 nomine
2276 2048 2438 2105 Surim,
2480 2052 2546 2096 vel
2571 2052 2717 2108 Syrim

1467 2119 1635 2176 Syriam
1653 2123 1870 2165 vocatam.
1890 2121 1965 2166 Ab
1969 2122 2055 2165 alio
2074 2135 2191 2176 vero,
2209 2123 2281 2180 qui
2308 2125 2449 2168 dictus
2466 2131 2533 2171 est
2551 2126 2712 2182 Apher,

1463 2194 1654 2238 Atticam
1674 2195 1851 2239 dictam.
1872 2195 1953 2240 Cui
1977 2197 2286 2249 desceinienti'
2275 2212 2318 2243 in
2346 2199 2523 2258 Libyam
2551 2199 2717 2246 sscrcu·

1464 2267 1527 2311 les
1552 2267 1759 2310 auxilium
1785 2267 1905 2319 tulit,
1924 2274 1968 2312 et
1986 2269 2153 2313 filiam
2144 2271 2283 2327 ipsius
2305 2273 2480 2316 nomine
2500 2271 2716 2328 Etbaeam,

126 2346 218 2401 ejus
242 2350 415 2391 munera
431 2347 562 2391 aedis.
589 2347 782 2404 Surgens
802 2356 944 2392 autem
967 2361 1093 2392 mane
1112 2361 1236 2404 puer,
1258 2347 1381 2405 petiit
1402 2330 1436 2378 C
1463 2341 1587 2384 duxit
1623 2339 1834 2387 Hercules
1853 2353 2052 2394 uxorem,
2078 2350 2195 2388 etex
2229 2357 2281 2387 ea
2321 2347 2470 2402 genuit
2502 2344 2712 2393 Dodorim

127 2418 303 2470 dimitti,
330 2419 601 2475 praetendens
642 2425 838 2470 moram,
865 2434 997 2477 quam
1036 2421 1199 2466 fecerat
1227 2421 1374 2474 invia,

127 2498 170 2535 et
190 2492 355 2536 domini
379 2501 661 2537 senectutem.
685 2494 883 2550 Cumque
899 2501 1143 2550 rogassent,
1163 2501 1210 2537 ut
1227 2494 1375 2537 decem

127 2566 220 2612 dies
250 2575 446 2611 maneret
482 2568 594 2623 apnd
618 2580 710 2621 eos,
731 2569 888 2611 noluit.
908 2567 960 2611 Et
980 2569 1216 2612 dixerunt:
1252 2567 1371 2610 Voce·

125 2653 219 2684 mus
245 2654 341 2697 erqo
377 2640 594 2697 puellum,
630 2645 670 2684 et
700 2626 936 2697 quteramus
978 2643 1067 2697 ejus
1103 2644 1372 2687 voluntatem.

125 2711 231 2767 Quae
253 2700 578 2759 sciscitantibus
595 2715 634 2758 si
657 2715 784 2758 vellet
809 2715 871 2758 ire
906 2716 997 2759 ait:
1027 2713 1205 2759 Vadam.
1231 2714 1285 2759 Et
1304 2715 1375 2759 hic

123 2787 265 2841 primo
284 2787 444 2842 legitur
462 2800 704 2831 consensus
730 2788 926 2832 mulieris
956 2789 1209 2843 requisitus,
1232 2795 1276 2832 et
1297 2801 1374 2832 ex·

123 2860 224 2903 ind-e
241 2872 320 2916 pro
339 2860 438 2916 jure
467 2861 660 2905 habitum
691 2855 758 2907 est
787 2870 832 2907 ut
863 2864 1126 2920 requiratur.
1151 2863 1205 2907 E:
1240 2864 1372 2907 dimi-

123 2942 262 2977 serunt
286 2947 394 2978 eam.

214 3005 386 3048 Addicto
417 3006 458 3050 1.
482 3006 555 3051 Vel
579 3009 631 3051 ad
653 3006 813 3062 Haran,
855 3008 1019 3054 Hebraei
1046 3010 1161 3054 enim
1184 3018 1298 3064 ante,
1330 3018 1371 3055 et

122 3082 240 3120 retro
263 3078 513 3132 aspirabant
533 3083 720 3126 vocales.

180 3143 215 3170 ‘⁴
235 3148 409 3195 Addicto
431 3149 476 3196 2.
502 3140 565 3197 Ne
587 3152 699 3198 sorte
723 3157 862 3207 lusca,
884 3157 947 3200 vel
978 3157 1175 3212 gibbosa,
1192 3157 1259 3200 vel
1279 3164 1370 3201 tor-

122 3229 183 3275 to,
211 3222 281 3267 vel
302 3224 454 3280 grandi
478 3238 603 3270 naso.
1359 3226 1364 3231 ⁴

178 3281 228 3309 “·“
209 3292 476 3339 'Admana
497 3295 650 3342 Ethoc
668 3300 782 3354 quod
811 3312 894 3344 non
922 3300 980 3343 ait
1003 3300 1145 3345 Patris
1184 3313 1367 3357 perpen-

121 3366 236 3409 ditur
265 3371 379 3424 quod
411 3379 609 3415 mortuus
630 3382 737 3426 erat,
759 3374 870 3418 sicut
893 3374 1105 3430 Josephus
1124 3377 1274 3420 voluit.

1455 2415 1587 2470 cujus
1613 2416 1728 2460 tilius
1748 2416 1830 2461 l'uit
1846 2415 2056 2462 Pharum.
2079 2417 2271 2463 Fuerunt
2302 2428 2442 2474 autem
2463 2420 2551 2465 dies
2568 2421 2708 2467 Abra-

1457 2490 1522 2532 11oe
1539 2497 1704 2533 centum
1725 2491 1991 2548 septuoqinm
2015 2492 2196 2559 quinque
2210 2493 2329 2546 atini,
2343 2501 2406 2537 et
2427 2503 2712 2550 stromateon,
2787 2511 2793 2514 ·

1455 2570 1494 2605 et
1513 2571 1785 2620 conqreqatus
1812 2571 1871 2607 est
1903 2563 1959 2605 ad
1985 2552 2185 2619 poputum
2202 2579 2326 2609 auum
2346 2567 2389 2611 in
2412 2567 2509 2615 sinu
2523 2569 2707 2620 inferni,

1456 2636 1512 2680 Et
1539 2636 1790 2692 sepelierunt
1817 2649 1913 2680 eum
1942 2635 2151 2692 Hitmael,
2181 2647 2219 2683 et
2253 2638 2396 2694 Isaac
2426 2643 2472 2685 itt
2511 2646 2710 2698 spelunca

1454 2710 1612 2765 duplici
1633 2721 1732 2753 cum
1752 2722 1888 2755 uxore
1912 2723 2006 2754 sua.

1511 2781 1720 2826 Αάάὶιὶο
1736 2783 1781 2827 t.
1806 2782 2012 2839 Deltcient
2041 2784 2276 2829 habeturin
2298 2793 2434 2842 textu,
2451 2796 2495 2834 ct
2516 2788 2558 2833 in
2580 2789 2709 2835 Glos-

1454 2869 1502 2899 sa
1525 2856 1710 2900 habetur
1730 2855 1999 2914 Hieronymi,
2027 2870 2157 2915 super
2181 2860 2298 2905 inune
2323 2861 2466 2906 locum
2497 2863 2701 2918 dicentis,

1452 2929 1567 2985 quod
1597 2929 1794 2984 deficiens
1827 2930 1940 2974 male
1960 2931 2154 2975 additum
2180 2933 2238 2978 sit
2266 2933 2309 2978 in
2331 2947 2434 2988 ux,
2451 2936 2580 2992 quasi
2599 2939 2704 2994 quia

1451 3013 1537 3045 non
1574 3003 1639 3046 sic
1669 3002 1712 3045 in
1753 3001 1966 3047 Hebraiea
1988 3004 2184 3056 veritate,
2204 3006 2397 3051 etetiam
2422 3009 2525 3064 quia
2548 3010 2699 3056 incon-

1450 3085 1556 3128 grue
1578 3074 1667 3118 dici
1696 3073 1868 3118 videtur
1887 3075 1942 3118 de
1965 3082 2087 3120 tanto
2107 3078 2374 3133 patriarcba,
2399 3082 2516 3137 quod
2537 3082 2700 3128 deiice-

1449 3152 1531 3199 r‚ct
1555 3147 1625 3190 iel
1649 3147 1937 3191 minueretur.
1955 3147 2065 3192 Cum
2085 3151 2416 3207 ergoinlittera
2441 3160 2587 3199 nostra
2617 3155 2700 3199 ba-
2759 3212 2762 3214 v
2816 3205 2819 3209 ,

1448 3219 1618 3271 beatur,
1650 3219 1865 3275 deficiens,
1895 3221 1949 3265 de
1977 3234 2067 3278 quo
2101 3220 2393 3282 Hieronymus
2426 3227 2568 3283 arguit
2589 3240 2692 3281 ux,

1446 3299 1567 3347 patet
1585 3304 1638 3336 ex
1660 3306 1713 3338 eo
1741 3303 1786 3339 et
1812 3308 1868 3341 cx
1898 3296 2096 3352 pluribus
2128 3298 2226 3342 aliis
2247 3299 2373 3353 locis,
2391 3300 2508 3357 quod
2530 3309 2697 3348 nonest

1346 3408 1348 3411 ,
1388 3399 1423 3442 D
1448 3364 1528 3407 ista
1546 3373 1694 3409 nostra
1711 3379 1821 3422 pura
1843 3369 2070 3414 translatio
2105 3370 2373 3429 Hieronymi,
2399 3373 2472 3418 sed
2495 3373 2608 3419 sorte
2627 3381 2696 3420 est

175 3443 241 3458 '²⁶‘
265 3441 439 3486 Addicto
458 3443 500 3487 4.
525 3443 567 3487 ld
591 3453 656 3489 est
681 3459 790 3490 uxor
806 3448 918 3502 eJus,
940 3462 991 3492 ex
1014 3450 1217 3494 mandato
1237 3446 1363 3493 ¹abeo
1445 3439 1641 3493 quiedam
1661 3441 1819 3496 primas
1845 3453 1978 3498 q¹¹³¹¹¹
2001 3445 2216 3501 θθΙῐΙΡθΒῙῑ
2246 3447 2300 3490 ¹¹⁰
2318 3446 2470 3492 G'aeco
2507 3447 2695 3494 intau-

118 3513 332 3559 moriente
372 3523 591 3572 suscepto,
633 3518 668 3560 si
704 3530 853 3562 verum
895 3527 978 3573 est,
1020 3523 1135 3577 quod
1162 3530 1362 3566 mortuus

116 3595 225 3640 erat,
244 3589 357 3633 sicut
377 3588 591 3645 «Iosephus
616 3602 692 3635 ait.

248 3659 349 3704 Car.
375 3660 483 3704 th.
505 3662 564 3706 De
584 3664 760 3706 adventu
785 3664 976 3710 Rebeccae
1002 3667 1055 3709 ad
1080 3666 1223 3711 Isaac.

176 3732 236 3776 Eo
261 3742 438 3788 tempore
476 3734 603 3778 Isaac
636 3737 859 3781 habitabat
889 3740 932 3781 in
971 3739 1148 3794 Gerar-a,
1187 3746 1229 3784 et
1250 3739 1359 3784 sorte

117 3806 425 3862 deambulabat,
444 3822 516 3863 per
537 3811 663 3863 viam,
687 3824 779 3867 quae
802 3812 918 3854 ducit
938 3813 993 3854 ad
1029 3823 1198 3868 puteum
1221 3816 1357 3857 viven-

117 3881 171 3921 tis
191 3887 230 3921 et
264 3880 458 3926 videntis.
491 3882 693 3938 Eqressus
718 3885 832 3927 enim
863 3896 951 3929 erat
978 3887 1032 3927 ad
1069 3886 1356 3930 meditandum

114 3952 156 3992 in
175 3965 292 4007 apro,
314 3952 422 3995 sorte
440 3953 491 3996 de
512 3965 631 3996 mora
660 3956 770 3998 servi
799 3951 917 4012 (Gen.
941 3959 1077 4013 xxiv).
1099 3958 1193 4002 Alia
1212 3961 1354 4004 littera

115 4021 257 4074 habet,
277 4024 330 4064 ad
354 4025 684 4076 exercitandum.
708 4026 817 4071 sorte
837 4028 1043 4072 laborans
1071 4030 1113 4073 in
1140 4043 1260 4086 agro,
1287 4033 1353 4076 vel

114 4096 332 4151 qnidpiam
372 4099 516 4152 operis
549 4102 603 4142 ad
642 4099 941 4145 deducendum
973 4117 1120 4159 agens.
1159 4105 1350 4151 Rebecca

113 4180 232 4222 vero,
263 4169 380 4214 isaac
400 4173 490 4214 viso
512 4179 554 4214 et
575 4166 767 4229 cognitO,
788 4176 900 4229 quod
923 4178 988 4218 vir
1006 4179 1100 4232 eius
1122 4188 1251 4231 esset,
1276 4181 1352 4224 de·

115 4242 321 4285 scendens
362 4244 413 4286 de
446 4245 626 4297 carnem,
649 4252 691 4288 et
717 4245 872 4290 tollens
897 4250 1136 4303 teristrum,
1170 4254 1234 4297 vel
1259 4255 1352 4310 pal-

115 4315 219 4357 lium
242 4317 403 4370 album,
425 4320 578 4371 operit,
611 4326 654 4362 et
678 4311 861 4376 compsit
882 4335 942 4365 se.
970 4322 1046 4367 Est
1071 4332 1214 4368 autem
1242 4326 1348 4370 teri-

115 4395 263 4434 strum·
292 4403 425 4444 genus
451 4392 623 4437 Arabici
657 4396 899 4439 vestimenti
938 4398 1181 4441 mulierum.
1221 4398 1346 4445 Isaac

1444 3523 1546 3554 num
1571 3524 1624 3556 ex
1643 3513 1927 3559 translatione
1947 3527 2032 3559 axx
2052 3523 2095 3560 ει
2116 3519 2474 3566 translationibus
2486 3522 2691 3567 aliorum.

1443 3583 1550 3637 Quae
1585 3587 1688 3641 quia
1707 3587 1819 3632 sorte
1842 3601 1931 3632 non
1960 3589 2061 3634 inde
2078 3591 2218 3648 magis
2243 3594 2336 3638 visa
2372 3603 2457 3650 est,
2490 3598 2692 3652 apposuit

1441 3669 1637 3711 manum,
1659 3666 1711 3715 pt
1730 3673 1884 3717 puram
1909 3661 2072 3707 faceret
2090 3664 2142 3709 de
2170 3664 2350 3711 Hebraeo
2381 3666 2425 3710 in
2467 3662 2688 3721 Latinum.

1440 3741 1572 3784 quam
1614 3741 1700 3774 non
1734 3732 1945 3776 habemus
1973 3735 2055 3780 nisi
2088 3735 2132 3779 in
2178 3734 2404 3780 duodecim
2442 3736 2686 3792 Prophetis.

1441 3803 1515 3846 Vel
1539 3804 1648 3847 sorte
1676 3813 1818 3861 potest
1838 3805 1941 3858 dici,
1966 3809 2081 3863 quod
2103 3809 2184 3852 ista
2204 3817 2353 3854 nostra
2396 3811 2453 3853 sit
2474 3810 2547 3854 illa
2581 3809 2686 3875 Vul-

1437 3884 1554 3933 gata,
1579 3889 1675 3933 quae
1708 3879 1967 3924 miraculose
1991 3881 2161 3946 inventa
2185 3889 2252 3926 est
2274 3880 2571 3939 lerosolymis.

1686 3966 1789 4011 Car.
1815 3966 1959 4013 thn.
1985 3969 2048 4013 Dc
2072 3972 2171 4014 ortu
2197 3983 2431 4028 regnorum.

1425 4055 1428 4058 ·
1491 4041 1619 4083 Anno
1644 4042 1874 4086 undecimo
1898 4043 2086 4089 Abrabae
2109 4052 2311 4090 mortuus
2333 4053 2401 4091 est
2422 4045 2579 4102 Ninus,
2603 4062 2681 4093 cu-

1431 4110 1503 4166 jus
1522 4111 1631 4155 nior
1667 4114 1939 4167 Semiramis,
1981 4123 2029 4160 ut
2052 4124 2151 4173 post
2178 4130 2278 4163 eum
2314 4128 2495 4175 regnare
2514 4127 2677 4176 posset,

1433 4185 1609 4241 proprio
1634 4186 1740 4240 tilio,
1768 4201 1894 4243 quem
1923 4199 2173 4244 susceperat
2207 4203 2263 4235 ex
2297 4189 2428 4245 Nino,
2450 4193 2614 4248 nupsit,
2636 4200 2678 4238 ct

1432 4270 1485 4300 ex
1510 4269 1564 4301 eo
1587 4258 1724 4303 tilium
1751 4263 1916 4318 genuit,
1940 4263 2015 4319 qui
2052 4270 2096 4307 et
2131 4262 2408 4321 Babyloniam
2435 4266 2672 4323 ampliavit.

1432 4329 1558 4373 Anno
1580 4329 1769 4377 Abrahae
1782 4335 2105 4392 septuagesimo
2127 4336 2281 4391 quinto
2306 4336 2417 4382 sacta
2444 4345 2512 4382 est
2531 4339 2571 4383 ci
2601 4349 2672 4383 re-

1432 4401 1693 4460 prmnissio.⁴
1707 4404 1834 4448 Anno
1851 4404 1946 4462 ejus
1966 4407 2232 4463 octogesimo
2254 4414 2378 4453 sexto
2402 4417 2530 4454 natus
2549 4409 2671 4455 est-ei
