<?xml version="1.0" encoding="UTF-8"?>
<!DOCTYPE html PUBLIC "-//W3C//DTD XHTML 1.0 Transitional//EN"
    "http://www.w3.org/TR/xhtml1/DTD/xhtml1-transitional.dtd">
<html xmlns="http://www.w3.org/1999/xhtml" xml:lang="en" lang="en">
 <head>
  <title>
</title>
<meta http-equiv="Content-Type" content="text/html;charset=utf-8" />
  <meta name='ocr-system' content='tesseract 3.04.00' />
  <meta name='ocr-capabilities' content='ocr_page ocr_carea ocr_par ocr_line ocrx_word'/>
</head>
<body>
  <div class='ocr_page' id='page_1' title='image "./patrologiaecursu00hammuoft_0686.png"; bbox 0 0 2924 4588; ppageno 0'>
   <div class='ocr_carea' id='block_1_1' title="bbox 258 134 365 178">
    <p class='ocr_par' dir='ltr' id='par_1_1' title="bbox 258 134 365 178">
     <span class='ocr_line' id='line_1_1' title="bbox 258 134 365 178; baseline -0.028 0"><span class='ocrx_word' id='word_1_1' title='bbox 258 136 276 178; x_wconf 68' lang='lat' dir='ltr'>l</span> <span class='ocrx_word' id='word_1_2' title='bbox 286 134 365 178; x_wconf 71' lang='lat'>359</span> 
     </span>
    </p>
   </div>
   <div class='ocr_carea' id='block_1_2' title="bbox 233 220 1515 351">
    <p class='ocr_par' dir='ltr' id='par_1_2' title="bbox 233 220 1515 351">
     <span class='ocr_line' id='line_1_2' title="bbox 264 220 646 271; baseline -0.026 -2"><span class='ocrx_word' id='word_1_3' title='bbox 264 225 404 271; x_wconf 79' lang='lat' dir='ltr'>medio</span> <span class='ocrx_word' id='word_1_4' title='bbox 420 220 646 267; x_wconf 86' lang='lat' dir='ltr'>columnae,</span> 
     </span>
     <span class='ocr_line' id='line_1_3' title="bbox 233 270 1515 351; baseline -0.026 -9"><span class='ocrx_word' id='word_1_5' title='bbox 233 282 252 305; x_wconf 66' lang='lat'>⁸</span> <span class='ocrx_word' id='word_1_6' title='bbox 263 284 650 351; x_wconf 56' lang='lat' dir='ltr'>Epistyliunstvero</span> <span class='ocrx_word' id='word_1_7' title='bbox 667 284 880 329; x_wconf 67' lang='lat' dir='ltr'>columnae</span> <span class='ocrx_word' id='word_1_8' title='bbox 901 289 1033 335; x_wconf 88' lang='lat' dir='ltr'>super</span> <span class='ocrx_word' id='word_1_9' title='bbox 1045 273 1161 331; x_wconf 91' lang='lat' dir='ltr'>quod</span> <span class='ocrx_word' id='word_1_10' title='bbox 1178 270 1407 317; x_wconf 88' lang='lat' dir='ltr'>locandum</span> <span class='ocrx_word' id='word_1_11' title='bbox 1420 272 1515 312; x_wconf 75' lang='lat' dir='ltr'>erat</span> 
     </span>
    </p>
   </div>
   <div class='ocr_carea' id='block_1_3' title="bbox 260 341 1520 1291">
    <p class='ocr_par' dir='ltr' id='par_1_3' title="bbox 260 341 1520 1291">
     <span class='ocr_line' id='line_1_4' title="bbox 260 341 1515 423; baseline -0.025 -11"><span class='ocrx_word' id='word_1_12' title='bbox 260 358 503 423; x_wconf 80' lang='lat' dir='ltr'>capitellum</span> <span class='ocrx_word' id='word_1_13' title='bbox 528 362 659 404; x_wconf 85' lang='lat' dir='ltr'>latius</span> <span class='ocrx_word' id='word_1_14' title='bbox 682 363 774 402; x_wconf 63' lang='lat' dir='ltr'>erut</span> <span class='ocrx_word' id='word_1_15' title='bbox 791 354 917 410; x_wconf 90' lang='lat' dir='ltr'>stipe,</span> <span class='ocrx_word' id='word_1_16' title='bbox 939 357 980 393; x_wconf 83' lang='lat' dir='ltr'>et</span> <span class='ocrx_word' id='word_1_17' title='bbox 1004 346 1238 396; x_wconf 86' lang='lat' dir='ltr'>rotundum</span> <span class='ocrx_word' id='word_1_18' title='bbox 1263 354 1393 400; x_wconf 90' lang='lat' dir='ltr'>opere</span> <span class='ocrx_word' id='word_1_19' title='bbox 1410 341 1515 416; x_wconf 83' lang='lat' dir='ltr'>reti-</span> 
     </span>
     <span class='ocr_line' id='line_1_5' title="bbox 261 412 1515 485; baseline -0.026 0"><span class='ocrx_word' id='word_1_20' title='bbox 261 442 405 485; x_wconf 88' lang='lat' dir='ltr'>culato</span> <span class='ocrx_word' id='word_1_21' title='bbox 423 438 634 481; x_wconf 82' lang='lat' dir='ltr'>caelatum.</span> <span class='ocrx_word' id='word_1_22' title='bbox 654 428 908 485; x_wconf 71' lang='lat' dir='ltr'><strong>capitellum</strong></span> <span class='ocrx_word' id='word_1_23' title='bbox 927 427 1068 466; x_wconf 88' lang='lat' dir='ltr'>autem</span> <span class='ocrx_word' id='word_1_24' title='bbox 1090 417 1408 475; x_wconf 88' lang='lat' dir='ltr'>superpositum</span> <span class='ocrx_word' id='word_1_25' title='bbox 1421 412 1515 468; x_wconf 75' lang='lat' dir='ltr'>epi-</span> 
     </span>
     <span class='ocr_line' id='line_1_6' title="bbox 261 486 1515 568; baseline -0.025 -12"><span class='ocrx_word' id='word_1_26' title='bbox 261 512 388 568; x_wconf 81' lang='lat' dir='ltr'>stylio</span> <span class='ocrx_word' id='word_1_27' title='bbox 398 508 524 552; x_wconf 79' lang='lat' dir='ltr'><strong>fusile</strong></span> <span class='ocrx_word' id='word_1_28' title='bbox 542 507 649 555; x_wconf 57' lang='lat' dir='ltr'>fiat,</span> <span class='ocrx_word' id='word_1_29' title='bbox 667 507 709 546; x_wconf 87' lang='lat' dir='ltr'>et</span> <span class='ocrx_word' id='word_1_30' title='bbox 730 498 920 555; x_wconf 89' lang='lat' dir='ltr'>quinque</span> <span class='ocrx_word' id='word_1_31' title='bbox 932 492 1176 538; x_wconf 85' lang='lat' dir='ltr'>cubitorum</span> <span class='ocrx_word' id='word_1_32' title='bbox 1198 486 1456 535; x_wconf 77' lang='lat' dir='ltr'>altitudinis,</span> <span class='ocrx_word' id='word_1_33' title='bbox 1474 490 1515 528; x_wconf 87' lang='lat' dir='ltr'>et</span> 
     </span>
     <span class='ocr_line' id='line_1_7' title="bbox 264 559 1515 638; baseline -0.024 -10"><span class='ocrx_word' id='word_1_34' title='bbox 264 586 308 627; x_wconf 83' lang='lat' dir='ltr'>in</span> <span class='ocrx_word' id='word_1_35' title='bbox 322 591 521 638; x_wconf 87' lang='lat' dir='ltr'>suprema</span> <span class='ocrx_word' id='word_1_36' title='bbox 544 583 666 632; x_wconf 85' lang='lat' dir='ltr'>parte</span> <span class='ocrx_word' id='word_1_37' title='bbox 682 578 776 617; x_wconf 76' lang='lat' dir='ltr'>erat</span> <span class='ocrx_word' id='word_1_38' title='bbox 793 570 994 614; x_wconf 87' lang='lat' dir='ltr'>liliatum.</span> <span class='ocrx_word' id='word_1_39' title='bbox 1015 564 1169 607; x_wconf 82' lang='lat' dir='ltr'>Latera</span> <span class='ocrx_word' id='word_1_40' title='bbox 1185 572 1288 605; x_wconf 82' lang='lat' dir='ltr'>vero</span> <span class='ocrx_word' id='word_1_41' title='bbox 1311 559 1446 614; x_wconf 84' lang='lat' dir='ltr'>ipsius</span> <span class='ocrx_word' id='word_1_42' title='bbox 1462 568 1515 599; x_wconf 77' lang='lat' dir='ltr'>cx</span> 
     </span>
     <span class='ocr_line' id='line_1_8' title="bbox 264 637 1517 710; baseline -0.022 -11"><span class='ocrx_word' id='word_1_43' title='bbox 264 655 379 700; x_wconf 87' lang='lat' dir='ltr'>omni</span> <span class='ocrx_word' id='word_1_44' title='bbox 400 659 520 710; x_wconf 85' lang='lat' dir='ltr'>parte</span> <span class='ocrx_word' id='word_1_45' title='bbox 540 650 583 692; x_wconf 90' lang='lat' dir='ltr'>in</span> <span class='ocrx_word' id='word_1_46' title='bbox 613 645 787 690; x_wconf 85' lang='lat' dir='ltr'>modum</span> <span class='ocrx_word' id='word_1_47' title='bbox 805 642 910 685; x_wconf 90' lang='lat' dir='ltr'>retis</span> <span class='ocrx_word' id='word_1_48' title='bbox 931 645 973 683; x_wconf 88' lang='lat' dir='ltr'>et</span> <span class='ocrx_word' id='word_1_49' title='bbox 990 646 1241 682; x_wconf 83' lang='lat' dir='ltr'>catenarum</span> <span class='ocrx_word' id='word_1_50' title='bbox 1265 637 1390 677; x_wconf 83' lang='lat' dir='ltr'>erant</span> <span class='ocrx_word' id='word_1_51' title='bbox 1412 643 1517 674; x_wconf 90' lang='lat' dir='ltr'>con-</span> 
     </span>
     <span class='ocr_line' id='line_1_9' title="bbox 264 705 1516 777; baseline -0.021 -6"><span class='ocrx_word' id='word_1_52' title='bbox 264 734 397 777; x_wconf 81' lang='lat' dir='ltr'>texta,</span> <span class='ocrx_word' id='word_1_53' title='bbox 418 724 526 767; x_wconf 90' lang='lat' dir='ltr'>adeo</span> <span class='ocrx_word' id='word_1_54' title='bbox 545 719 792 767; x_wconf 81' lang='lat' dir='ltr'>artificiose,</span> <span class='ocrx_word' id='word_1_55' title='bbox 806 721 854 758; x_wconf 87' lang='lat' dir='ltr'>ut</span> <span class='ocrx_word' id='word_1_56' title='bbox 869 713 994 763; x_wconf 86' lang='lat' dir='ltr'>retia,</span> <span class='ocrx_word' id='word_1_57' title='bbox 1017 718 1059 755; x_wconf 91' lang='lat' dir='ltr'>et</span> <span class='ocrx_word' id='word_1_58' title='bbox 1072 717 1233 753; x_wconf 84' lang='lat' dir='ltr'>catenae</span> <span class='ocrx_word' id='word_1_59' title='bbox 1249 705 1386 762; x_wconf 82' lang='lat' dir='ltr'>magis</span> <span class='ocrx_word' id='word_1_60' title='bbox 1398 705 1516 747; x_wconf 86' lang='lat' dir='ltr'>vide-</span> 
     </span>
     <span class='ocr_line' id='line_1_10' title="bbox 265 777 1516 852; baseline -0.021 -8"><span class='ocrx_word' id='word_1_61' title='bbox 265 806 415 844; x_wconf 85' lang='lat' dir='ltr'>rentur</span> <span class='ocrx_word' id='word_1_62' title='bbox 436 794 631 852; x_wconf 88' lang='lat' dir='ltr'>apposita</span> <span class='ocrx_word' id='word_1_63' title='bbox 663 801 791 847; x_wconf 89' lang='lat' dir='ltr'>quam</span> <span class='ocrx_word' id='word_1_64' title='bbox 824 785 1056 839; x_wconf 83' lang='lat' dir='ltr'>insculpta.</span> <span class='ocrx_word' id='word_1_65' title='bbox 1082 780 1149 825; x_wconf 82' lang='lat' dir='ltr'>vel</span> <span class='ocrx_word' id='word_1_66' title='bbox 1166 780 1267 836; x_wconf 88' lang='lat' dir='ltr'>quia</span> <span class='ocrx_word' id='word_1_67' title='bbox 1281 777 1418 823; x_wconf 86' lang='lat' dir='ltr'>solida</span> <span class='ocrx_word' id='word_1_68' title='bbox 1429 789 1516 819; x_wconf 76' lang='lat' dir='ltr'>oon</span> 
     </span>
     <span class='ocr_line' id='line_1_11' title="bbox 267 851 1518 926; baseline -0.021 -9"><span class='ocrx_word' id='word_1_69' title='bbox 267 880 405 921; x_wconf 83' lang='lat' dir='ltr'>erant.</span> <span class='ocrx_word' id='word_1_70' title='bbox 431 868 649 926; x_wconf 81' lang='lat' dir='ltr'>perforata</span> <span class='ocrx_word' id='word_1_71' title='bbox 672 863 863 917; x_wconf 85' lang='lat' dir='ltr'>undique</span> <span class='ocrx_word' id='word_1_72' title='bbox 887 859 983 902; x_wconf 80' lang='lat' dir='ltr'>susa</span> <span class='ocrx_word' id='word_1_73' title='bbox 1006 859 1126 906; x_wconf 82' lang='lat' dir='ltr'>sunt,</span> <span class='ocrx_word' id='word_1_74' title='bbox 1151 859 1199 897; x_wconf 90' lang='lat' dir='ltr'>ut</span> <span class='ocrx_word' id='word_1_75' title='bbox 1221 851 1518 897; x_wconf 72' lang='lat' dir='ltr'>connexiones</span> 
     </span>
     <span class='ocr_line' id='line_1_12' title="bbox 264 922 1520 994; baseline -0.021 -4"><span class='ocrx_word' id='word_1_76' title='bbox 264 945 373 991; x_wconf 85' lang='lat' dir='ltr'>retis</span> <span class='ocrx_word' id='word_1_77' title='bbox 393 943 574 987; x_wconf 71' lang='lat' dir='ltr'>somnam</span> <span class='ocrx_word' id='word_1_78' title='bbox 597 938 905 994; x_wconf 74' lang='lat' dir='ltr'>exprimerent.</span> <span class='ocrx_word' id='word_1_79' title='bbox 929 930 1140 987; x_wconf 86' lang='lat' dir='ltr'>‹Septena</span> <span class='ocrx_word' id='word_1_80' title='bbox 1159 938 1365 971; x_wconf 81' lang='lat' dir='ltr'>versuum</span> <span class='ocrx_word' id='word_1_81' title='bbox 1390 922 1520 967; x_wconf 88' lang='lat' dir='ltr'>retia-</span> 
     </span>
     <span class='ocr_line' id='line_1_13' title="bbox 272 992 1513 1066; baseline -0.022 -4"><span class='ocrx_word' id='word_1_82' title='bbox 272 1019 369 1063; x_wconf 89' lang='lat' dir='ltr'>cula</span> <span class='ocrx_word' id='word_1_83' title='bbox 410 1015 533 1059; x_wconf 84' lang='lat' dir='ltr'>er&#39;ant</span> <span class='ocrx_word' id='word_1_84' title='bbox 566 1013 612 1055; x_wconf 89' lang='lat' dir='ltr'>in</span> <span class='ocrx_word' id='word_1_85' title='bbox 637 1008 839 1066; x_wconf 87' lang='lat' dir='ltr'>capitello</span> <span class='ocrx_word' id='word_1_86' title='bbox 867 1017 969 1055; x_wconf 91' lang='lat' dir='ltr'>uno,</span> <span class='ocrx_word' id='word_1_87' title='bbox 997 1018 1011 1044; x_wconf 85' lang='lat'><strong>›</strong></span> <span class='ocrx_word' id='word_1_88' title='bbox 1051 1001 1094 1044; x_wconf 91' lang='lat' dir='ltr'>id</span> <span class='ocrx_word' id='word_1_89' title='bbox 1119 1005 1186 1043; x_wconf 86' lang='lat' dir='ltr'>est</span> <span class='ocrx_word' id='word_1_90' title='bbox 1210 1003 1373 1053; x_wconf 78' lang='lat' dir='ltr'><strong>septem</strong></span> <span class='ocrx_word' id='word_1_91' title='bbox 1398 992 1513 1038; x_wconf 90' lang='lat' dir='ltr'>ordi-</span> 
     </span>
     <span class='ocr_line' id='line_1_14' title="bbox 271 1066 1520 1135; baseline -0.02 -1"><span class='ocrx_word' id='word_1_92' title='bbox 271 1103 349 1135; x_wconf 92' lang='lat' dir='ltr'>nes</span> <span class='ocrx_word' id='word_1_93' title='bbox 387 1087 598 1131; x_wconf 85' lang='lat' dir='ltr'>habentes</span> <span class='ocrx_word' id='word_1_94' title='bbox 632 1081 829 1127; x_wconf 87' lang='lat' dir='ltr'>eamdem</span> <span class='ocrx_word' id='word_1_95' title='bbox 855 1078 1121 1125; x_wconf 65' lang='lat' dir='ltr'>caelaturaim</span> <span class='ocrx_word' id='word_1_96' title='bbox 1158 1078 1294 1115; x_wconf 90' lang='lat' dir='ltr'>totum</span> <span class='ocrx_word' id='word_1_97' title='bbox 1319 1066 1520 1114; x_wconf 89' lang='lat' dir='ltr'>circumi-</span> 
     </span>
     <span class='ocr_line' id='line_1_15' title="bbox 272 1139 1517 1216; baseline -0.02 -9"><span class='ocrx_word' id='word_1_98' title='bbox 272 1170 363 1207; x_wconf 90' lang='lat' dir='ltr'>tum</span> <span class='ocrx_word' id='word_1_99' title='bbox 389 1158 576 1216; x_wconf 82' lang='lat' dir='ltr'>capitelli</span> <span class='ocrx_word' id='word_1_100' title='bbox 594 1167 670 1212; x_wconf 89' lang='lat' dir='ltr'>per</span> <span class='ocrx_word' id='word_1_101' title='bbox 689 1164 841 1211; x_wconf 77' lang='lat' dir='ltr'>gyrum</span> <span class='ocrx_word' id='word_1_102' title='bbox 871 1154 1150 1205; x_wconf 77' lang='lat' dir='ltr'>occupantes,</span> <span class='ocrx_word' id='word_1_103' title='bbox 1171 1142 1239 1189; x_wconf 70' lang='lat' dir='ltr'>vel</span> <span class='ocrx_word' id='word_1_104' title='bbox 1255 1145 1309 1187; x_wconf 79' lang='lat' dir='ltr'>al&gt;</span> <span class='ocrx_word' id='word_1_105' title='bbox 1323 1139 1517 1185; x_wconf 75' lang='lat' dir='ltr'>inferiori</span> 
     </span>
     <span class='ocr_line' id='line_1_16' title="bbox 272 1210 1518 1291; baseline -0.022 -13"><span class='ocrx_word' id='word_1_106' title='bbox 272 1239 396 1291; x_wconf 86' lang='lat' dir='ltr'>parte</span> <span class='ocrx_word' id='word_1_107' title='bbox 420 1226 627 1285; x_wconf 80' lang='lat' dir='ltr'>capitelli,</span> <span class='ocrx_word' id='word_1_108' title='bbox 658 1235 797 1279; x_wconf 86' lang='lat' dir='ltr'>usque</span> <span class='ocrx_word' id='word_1_109' title='bbox 832 1221 885 1264; x_wconf 88' lang='lat' dir='ltr'>ad</span> <span class='ocrx_word' id='word_1_110' title='bbox 904 1224 1168 1274; x_wconf 78' lang='lat' dir='ltr'>supremam,</span> <span class='ocrx_word' id='word_1_111' title='bbox 1195 1217 1321 1258; x_wconf 86' lang='lat' dir='ltr'>erant</span> <span class='ocrx_word' id='word_1_112' title='bbox 1346 1210 1418 1254; x_wconf 87' lang='lat' dir='ltr'>isti</span> <span class='ocrx_word' id='word_1_113' title='bbox 1449 1219 1518 1252; x_wconf 86' lang='lat' dir='ltr'>se-</span> 
     </span>
    </p>
   </div>
   <div class='ocr_carea' id='block_1_4' title="bbox 273 1281 2855 1363">
    <p class='ocr_par' dir='ltr' id='par_1_4' title="bbox 273 1281 2855 1363">
     <span class='ocr_line' id='line_1_17' title="bbox 273 1281 2855 1363; baseline -0.008 0"><span class='ocrx_word' id='word_1_114' title='bbox 273 1313 386 1363; x_wconf 62' lang='lat' dir='ltr'>Pfflm</span> <span class='ocrx_word' id='word_1_115' title='bbox 411 1294 804 1353; x_wconf 50' lang='lat'>0‘11&#39;1005‘1559033‘5</span> <span class='ocrx_word' id='word_1_116' title='bbox 839 1288 1130 1337; x_wconf 51' lang='lat' dir='ltr'>ascendendffi</span> <span class='ocrx_word' id='word_1_117' title='bbox 1159 1285 1300 1342; x_wconf 57' lang='lat' dir='ltr'>super</span> <span class='ocrx_word' id='word_1_118' title='bbox 1339 1281 1520 1338; x_wconf 59' lang='lat' dir='ltr'>capitel‘</span> <span class='ocrx_word' id='word_1_119' title='bbox 1547 1282 1579 1325; x_wconf 64' lang='grc' dir='ltr'><strong><em>Β</em></strong></span> <span class='ocrx_word' id='word_1_120' title='bbox 1600 1311 1804 1362; x_wconf 81' lang='lat' dir='ltr'>gerentur</span> <span class='ocrx_word' id='word_1_121' title='bbox 1819 1301 2111 1352; x_wconf 87' lang='lat' dir='ltr'>domunculis,</span> <span class='ocrx_word' id='word_1_122' title='bbox 2133 1311 2271 1356; x_wconf 89' lang='lat' dir='ltr'>usque</span> <span class='ocrx_word' id='word_1_123' title='bbox 2310 1298 2364 1344; x_wconf 89' lang='lat' dir='ltr'>ad</span> <span class='ocrx_word' id='word_1_124' title='bbox 2385 1300 2571 1356; x_wconf 87' lang='lat' dir='ltr'>primum</span> <span class='ocrx_word' id='word_1_125' title='bbox 2613 1297 2855 1362; x_wconf 72' lang='lat' dir='ltr'>tabulatum·</span> 
     </span>
    </p>
   </div>
   <div class='ocr_carea' id='block_1_5' title="bbox 273 1356 1528 2369">
    <p class='ocr_par' dir='ltr' id='par_1_5' title="bbox 273 1356 1528 2369">
     <span class='ocr_line' id='line_1_18' title="bbox 274 1356 1519 1427; baseline -0.02 -5"><span class='ocrx_word' id='word_1_126' title='bbox 274 1381 361 1423; x_wconf 87' lang='lat' dir='ltr'>lum</span> <span class='ocrx_word' id='word_1_127' title='bbox 381 1386 482 1419; x_wconf 81' lang='lat' dir='ltr'>vero</span> <span class='ocrx_word' id='word_1_128' title='bbox 505 1379 599 1418; x_wconf 88' lang='lat' dir='ltr'>erat</span> <span class='ocrx_word' id='word_1_129' title='bbox 616 1369 739 1427; x_wconf 84' lang='lat' dir='ltr'>quasi</span> <span class='ocrx_word' id='word_1_130' title='bbox 768 1366 1004 1415; x_wconf 78' lang='lat' dir='ltr'>funiculus,</span> <span class='ocrx_word' id='word_1_131' title='bbox 1029 1371 1160 1416; x_wconf 84' lang='lat' dir='ltr'>super</span> <span class='ocrx_word' id='word_1_132' title='bbox 1181 1369 1310 1415; x_wconf 81' lang='lat' dir='ltr'>quem</span> <span class='ocrx_word' id='word_1_133' title='bbox 1328 1356 1519 1413; x_wconf 79' lang='lat' dir='ltr'>positum</span> 
     </span>
     <span class='ocr_line' id='line_1_19' title="bbox 274 1430 1523 1495; baseline -0.019 0"><span class='ocrx_word' id='word_1_134' title='bbox 274 1456 368 1495; x_wconf 83' lang='lat' dir='ltr'>erat</span> <span class='ocrx_word' id='word_1_135' title='bbox 382 1446 634 1492; x_wconf 88' lang='lat' dir='ltr'>retiaculum</span> <span class='ocrx_word' id='word_1_136' title='bbox 651 1449 806 1486; x_wconf 88' lang='lat' dir='ltr'>tenens</span> <span class='ocrx_word' id='word_1_137' title='bbox 819 1439 916 1495; x_wconf 67' lang='lat' dir='ltr'>eius</span> <span class='ocrx_word' id='word_1_138' title='bbox 932 1435 1242 1483; x_wconf 76' lang='lat' dir='ltr'>summitatem,</span> <span class='ocrx_word' id='word_1_139' title='bbox 1278 1437 1320 1474; x_wconf 87' lang='lat' dir='ltr'>ct</span> <span class='ocrx_word' id='word_1_140' title='bbox 1340 1430 1523 1474; x_wconf 87' lang='lat' dir='ltr'>descen-</span> 
     </span>
     <span class='ocr_line' id='line_1_20' title="bbox 273 1501 1524 1575; baseline -0.018 -9"><span class='ocrx_word' id='word_1_141' title='bbox 273 1524 382 1567; x_wconf 86' lang='lat' dir='ltr'>dens</span> <span class='ocrx_word' id='word_1_142' title='bbox 405 1517 719 1575; x_wconf 88' lang='lat' dir='ltr'>aliquantulum</span> <span class='ocrx_word' id='word_1_143' title='bbox 747 1514 863 1558; x_wconf 87' lang='lat' dir='ltr'>circa</span> <span class='ocrx_word' id='word_1_144' title='bbox 881 1511 1016 1553; x_wconf 83' lang='lat' dir='ltr'>latera</span> <span class='ocrx_word' id='word_1_145' title='bbox 1039 1506 1227 1563; x_wconf 81' lang='lat' dir='ltr'>capitelli</span> <span class='ocrx_word' id='word_1_146' title='bbox 1252 1505 1298 1548; x_wconf 88' lang='lat' dir='ltr'>in</span> <span class='ocrx_word' id='word_1_147' title='bbox 1317 1501 1524 1547; x_wconf 84' lang='lat' dir='ltr'>circumi-</span> 
     </span>
     <span class='ocr_line' id='line_1_21' title="bbox 275 1574 1522 1647; baseline -0.018 -8"><span class='ocrx_word' id='word_1_148' title='bbox 275 1604 384 1640; x_wconf 82' lang='lat' dir='ltr'>tum.</span> <span class='ocrx_word' id='word_1_149' title='bbox 418 1592 466 1636; x_wconf 82' lang='lat' dir='ltr'>ln</span> <span class='ocrx_word' id='word_1_150' title='bbox 501 1591 629 1647; x_wconf 71' lang='lat' dir='ltr'>cuius</span> <span class='ocrx_word' id='word_1_151' title='bbox 666 1585 939 1632; x_wconf 81' lang='lat' dir='ltr'>extremitate</span> <span class='ocrx_word' id='word_1_152' title='bbox 963 1579 1265 1637; x_wconf 76' lang='lat' dir='ltr'>dependebant</span> <span class='ocrx_word' id='word_1_153' title='bbox 1288 1578 1332 1619; x_wconf 90' lang='lat' dir='ltr'>in</span> <span class='ocrx_word' id='word_1_154' title='bbox 1353 1574 1522 1619; x_wconf 84' lang='lat' dir='ltr'>duobus</span> 
     </span>
     <span class='ocr_line' id='line_1_22' title="bbox 276 1649 1526 1715; baseline -0.019 -2"><span class='ocrx_word' id='word_1_155' title='bbox 276 1667 500 1714; x_wconf 84' lang='lat' dir='ltr'>ordinibus</span> <span class='ocrx_word' id='word_1_156' title='bbox 523 1662 722 1707; x_wconf 86' lang='lat' dir='ltr'>ducentis</span> <span class='ocrx_word' id='word_1_157' title='bbox 759 1659 1070 1715; x_wconf 82' lang='lat' dir='ltr'>malogranata.</span> <span class='ocrx_word' id='word_1_158' title='bbox 1111 1650 1159 1696; x_wconf 82' lang='lat' dir='ltr'>ln</span> <span class='ocrx_word' id='word_1_159' title='bbox 1188 1649 1390 1708; x_wconf 83' lang='lat' dir='ltr'>epistylio</span> <span class='ocrx_word' id='word_1_160' title='bbox 1419 1658 1526 1704; x_wconf 84' lang='lat' dir='ltr'>quo-</span> 
     </span>
     <span class='ocr_line' id='line_1_23' title="bbox 277 1720 1522 1798; baseline -0.018 -13"><span class='ocrx_word' id='word_1_161' title='bbox 277 1753 360 1798; x_wconf 87' lang='lat' dir='ltr'>que</span> <span class='ocrx_word' id='word_1_162' title='bbox 383 1738 610 1786; x_wconf 84' lang='lat' dir='ltr'>columnae,</span> <span class='ocrx_word' id='word_1_163' title='bbox 638 1745 768 1790; x_wconf 90' lang='lat' dir='ltr'>super</span> <span class='ocrx_word' id='word_1_164' title='bbox 794 1731 910 1787; x_wconf 90' lang='lat' dir='ltr'>quod</span> <span class='ocrx_word' id='word_1_165' title='bbox 937 1728 1115 1773; x_wconf 84' lang='lat' dir='ltr'>sedebat</span> <span class='ocrx_word' id='word_1_166' title='bbox 1145 1723 1412 1781; x_wconf 77' lang='lat' dir='ltr'>capitellum,</span> <span class='ocrx_word' id='word_1_167' title='bbox 1443 1720 1522 1764; x_wconf 87' lang='lat' dir='ltr'>de-</span> 
     </span>
     <span class='ocr_line' id='line_1_24' title="bbox 278 1793 1526 1870; baseline -0.018 -12"><span class='ocrx_word' id='word_1_168' title='bbox 278 1811 525 1870; x_wconf 89' lang='lat' dir='ltr'>pendebant</span> <span class='ocrx_word' id='word_1_169' title='bbox 554 1808 869 1863; x_wconf 79' lang='lat' dir='ltr'>malogranata.</span> <span class='ocrx_word' id='word_1_170' title='bbox 904 1802 1081 1857; x_wconf 82' lang='lat' dir='ltr'>Legitur</span> <span class='ocrx_word' id='word_1_171' title='bbox 1098 1799 1213 1844; x_wconf 87' lang='lat' dir='ltr'>enim</span> <span class='ocrx_word' id='word_1_172' title='bbox 1249 1795 1366 1854; x_wconf 88' lang='lat' dir='ltr'>quod</span> <span class='ocrx_word' id='word_1_173' title='bbox 1405 1793 1526 1850; x_wconf 82' lang='lat' dir='ltr'>capi-</span> 
     </span>
     <span class='ocr_line' id='line_1_25' title="bbox 278 1875 1521 1938; baseline -0.015 -8"><span class='ocrx_word' id='word_1_174' title='bbox 278 1887 375 1930; x_wconf 87' lang='lat' dir='ltr'>tella</span> <span class='ocrx_word' id='word_1_175' title='bbox 414 1891 540 1928; x_wconf 86' lang='lat' dir='ltr'>erant</span> <span class='ocrx_word' id='word_1_176' title='bbox 583 1892 714 1938; x_wconf 80' lang='lat' dir='ltr'>super</span> <span class='ocrx_word' id='word_1_177' title='bbox 767 1879 1060 1923; x_wconf 82' lang='lat' dir='ltr'>summitatem</span> <span class='ocrx_word' id='word_1_178' title='bbox 1107 1875 1521 1930; x_wconf 78' lang='lat' dir='ltr'>malogranatorum.</span> 
     </span>
     <span class='ocr_line' id='line_1_26' title="bbox 278 1941 1526 2015; baseline -0.013 -12"><span class='ocrx_word' id='word_1_179' title='bbox 278 1958 482 2015; x_wconf 72' lang='lat' dir='ltr'>Eiusdem</span> <span class='ocrx_word' id='word_1_180' title='bbox 528 1952 857 2012; x_wconf 88' lang='lat' dir='ltr'>compositionis</span> <span class='ocrx_word' id='word_1_181' title='bbox 898 1956 992 1996; x_wconf 87' lang='lat' dir='ltr'>erat</span> <span class='ocrx_word' id='word_1_182' title='bbox 1028 1949 1228 1993; x_wconf 86' lang='lat' dir='ltr'>columna</span> <span class='ocrx_word' id='word_1_183' title='bbox 1275 1945 1427 1989; x_wconf 88' lang='lat' dir='ltr'>altera.</span> <span class='ocrx_word' id='word_1_184' title='bbox 1463 1941 1526 1987; x_wconf 83' lang='lat' dir='ltr'>De</span> 
     </span>
     <span class='ocr_line' id='line_1_27' title="bbox 279 2017 1527 2087; baseline -0.014 -12"><span class='ocrx_word' id='word_1_185' title='bbox 279 2028 593 2087; x_wconf 82' lang='lat' dir='ltr'>compositione</span> <span class='ocrx_word' id='word_1_186' title='bbox 622 2035 724 2070; x_wconf 75' lang='lat' dir='ltr'>vero</span> <span class='ocrx_word' id='word_1_187' title='bbox 762 2024 933 2067; x_wconf 80' lang='lat' dir='ltr'>basium</span> <span class='ocrx_word' id='word_1_188' title='bbox 977 2034 1065 2064; x_wconf 88' lang='lat' dir='ltr'>non</span> <span class='ocrx_word' id='word_1_189' title='bbox 1094 2020 1194 2075; x_wconf 84' lang='lat' dir='ltr'>legi.</span> <span class='ocrx_word' id='word_1_190' title='bbox 1222 2017 1298 2061; x_wconf 77' lang='lat' dir='ltr'>liae</span> <span class='ocrx_word' id='word_1_191' title='bbox 1334 2017 1433 2060; x_wconf 67' lang='lat' dir='ltr'>dua*</span> <span class='ocrx_word' id='word_1_192' title='bbox 1453 2026 1527 2058; x_wconf 80' lang='lat' dir='ltr'>co-</span> 
     </span>
     <span class='ocr_line' id='line_1_28' title="bbox 281 2091 1527 2156; baseline -0.014 -11"><span class='ocrx_word' id='word_1_193' title='bbox 281 2103 438 2145; x_wconf 78' lang='lat' dir='ltr'>tumnae</span> <span class='ocrx_word' id='word_1_194' title='bbox 454 2098 641 2156; x_wconf 85' lang='lat' dir='ltr'>propriis</span> <span class='ocrx_word' id='word_1_195' title='bbox 658 2094 908 2139; x_wconf 82' lang='lat' dir='ltr'>nominibus</span> <span class='ocrx_word' id='word_1_196' title='bbox 929 2092 1213 2139; x_wconf 82' lang='lat' dir='ltr'>vocabantur,</span> <span class='ocrx_word' id='word_1_197' title='bbox 1234 2096 1325 2131; x_wconf 87' lang='lat' dir='ltr'>tum</span> <span class='ocrx_word' id='word_1_198' title='bbox 1350 2091 1527 2143; x_wconf 85' lang='lat' dir='ltr'>propter</span> 
     </span>
     <span class='ocr_line' id='line_1_29' title="bbox 283 2157 1527 2226; baseline -0.014 -10"><span class='ocrx_word' id='word_1_199' title='bbox 283 2174 350 2218; x_wconf 87' lang='lat' dir='ltr'>sui</span> <span class='ocrx_word' id='word_1_200' title='bbox 379 2169 763 2226; x_wconf 72' lang='lat' dir='ltr'>magnificentiam,</span> <span class='ocrx_word' id='word_1_201' title='bbox 797 2174 885 2208; x_wconf 86' lang='lat' dir='ltr'>tum</span> <span class='ocrx_word' id='word_1_202' title='bbox 910 2169 1086 2219; x_wconf 72' lang='lat' dir='ltr'>propter</span> <span class='ocrx_word' id='word_1_203' title='bbox 1123 2162 1368 2205; x_wconf 79' lang='lat' dir='ltr'>futurorum</span> <span class='ocrx_word' id='word_1_204' title='bbox 1412 2157 1527 2201; x_wconf 87' lang='lat' dir='ltr'>mul-</span> 
     </span>
     <span class='ocr_line' id='line_1_30' title="bbox 281 2230 1525 2300; baseline -0.013 -13"><span class='ocrx_word' id='word_1_205' title='bbox 281 2253 367 2288; x_wconf 89' lang='lat' dir='ltr'>tam</span> <span class='ocrx_word' id='word_1_206' title='bbox 401 2241 806 2300; x_wconf 77' lang='lat' dir='ltr'>praetigurationcm.</span> <span class='ocrx_word' id='word_1_207' title='bbox 852 2237 1040 2280; x_wconf 76' lang='lat' dir='ltr'>Dextera</span> <span class='ocrx_word' id='word_1_208' title='bbox 1077 2234 1306 2278; x_wconf 85' lang='lat' dir='ltr'>dicebatur</span> <span class='ocrx_word' id='word_1_209' title='bbox 1337 2230 1525 2280; x_wconf 84' lang='lat' dir='ltr'>Jachim,</span> 
     </span>
     <span class='ocr_line' id='line_1_31' title="bbox 280 2302 1528 2369; baseline -0.014 -8"><span class='ocrx_word' id='word_1_210' title='bbox 280 2319 321 2361; x_wconf 82' lang='lat' dir='ltr'>id</span> <span class='ocrx_word' id='word_1_211' title='bbox 346 2324 411 2361; x_wconf 85' lang='lat' dir='ltr'>est</span> <span class='ocrx_word' id='word_1_212' title='bbox 437 2316 634 2369; x_wconf 76' lang='lat' dir='ltr'>firmitas,</span> <span class='ocrx_word' id='word_1_213' title='bbox 678 2312 891 2367; x_wconf 75' lang='lat' dir='ltr'>losepbus</span> <span class='ocrx_word' id='word_1_214' title='bbox 915 2314 1040 2354; x_wconf 82' lang='lat' dir='ltr'>vocat</span> <span class='ocrx_word' id='word_1_215' title='bbox 1064 2320 1159 2351; x_wconf 87' lang='lat' dir='ltr'>eam</span> <span class='ocrx_word' id='word_1_216' title='bbox 1190 2304 1433 2349; x_wconf 79' lang='lat' dir='ltr'>thalamum</span> <span class='ocrx_word' id='word_1_217' title='bbox 1454 2302 1528 2346; x_wconf 75' lang='lat' dir='ltr'>Ja-</span> 
     </span>
    </p>
   </div>
   <div class='ocr_carea' id='block_1_6' title="bbox 281 2363 1583 2434">
    <p class='ocr_par' dir='ltr' id='par_1_6' title="bbox 281 2363 1583 2434">
     <span class='ocr_line' id='line_1_32' title="bbox 281 2363 1583 2434; baseline -0.014 -1"><span class='ocrx_word' id='word_1_218' title='bbox 281 2391 413 2434; x_wconf 77' lang='lat' dir='ltr'>cliim.</span> <span class='ocrx_word' id='word_1_219' title='bbox 441 2387 629 2430; x_wconf 76' lang='lat' dir='ltr'>Sinistra</span> <span class='ocrx_word' id='word_1_220' title='bbox 652 2385 767 2428; x_wconf 80' lang='lat' dir='ltr'>dicta</span> <span class='ocrx_word' id='word_1_221' title='bbox 793 2389 858 2427; x_wconf 85' lang='lat' dir='ltr'>est</span> <span class='ocrx_word' id='word_1_222' title='bbox 877 2382 1004 2431; x_wconf 78' lang='lat' dir='ltr'>Booz,</span> <span class='ocrx_word' id='word_1_223' title='bbox 1022 2381 1087 2424; x_wconf 80' lang='lat' dir='ltr'>vel</span> <span class='ocrx_word' id='word_1_224' title='bbox 1119 2378 1220 2431; x_wconf 80' lang='lat' dir='ltr'>Boz,</span> <span class='ocrx_word' id='word_1_225' title='bbox 1242 2376 1358 2433; x_wconf 90' lang='lat' dir='ltr'>quod</span> <span class='ocrx_word' id='word_1_226' title='bbox 1400 2381 1527 2420; x_wconf 82' lang='lat' dir='ltr'>sonat</span> <span class='ocrx_word' id='word_1_227' title='bbox 1550 2363 1583 2407; x_wconf 84' lang='lat' dir='ltr'>C</span> 
     </span>
    </p>
   </div>
   <div class='ocr_carea' id='block_1_7' title="bbox 281 2448 1524 2511">
    <p class='ocr_par' dir='ltr' id='par_1_7' title="bbox 281 2448 1524 2511">
     <span class='ocr_line' id='line_1_33' title="bbox 281 2448 1524 2511; baseline -0.011 -7"><span class='ocrx_word' id='word_1_228' title='bbox 281 2460 423 2511; x_wconf 61' lang='lat' dir='ltr'>robur,</span> <span class='ocrx_word' id='word_1_229' title='bbox 444 2459 511 2502; x_wconf 81' lang='lat' dir='ltr'>vel</span> <span class='ocrx_word' id='word_1_230' title='bbox 527 2457 571 2499; x_wconf 81' lang='lat' dir='ltr'>in</span> <span class='ocrx_word' id='word_1_231' title='bbox 594 2455 754 2499; x_wconf 75' lang='lat' dir='ltr'>robore.</span> <span class='ocrx_word' id='word_1_232' title='bbox 790 2453 850 2497; x_wconf 81' lang='lat' dir='ltr'>Dc</span> <span class='ocrx_word' id='word_1_233' title='bbox 869 2453 1051 2509; x_wconf 87' lang='lat' dir='ltr'>reliquis</span> <span class='ocrx_word' id='word_1_234' title='bbox 1077 2449 1292 2495; x_wconf 82' lang='lat' dir='ltr'>columnis</span> <span class='ocrx_word' id='word_1_235' title='bbox 1321 2448 1524 2493; x_wconf 78' lang='lat' dir='ltr'>vestibuli</span> 
     </span>
    </p>
   </div>
   <div class='ocr_carea' id='block_1_8' title="bbox 281 2523 1553 2588">
    <p class='ocr_par' dir='ltr' id='par_1_8' title="bbox 281 2523 1553 2588">
     <span class='ocr_line' id='line_1_34' title="bbox 281 2523 1553 2588; baseline -0.008 -12"><span class='ocrx_word' id='word_1_236' title='bbox 281 2539 324 2577; x_wconf 89' lang='lat' dir='ltr'>et</span> <span class='ocrx_word' id='word_1_237' title='bbox 343 2532 523 2576; x_wconf 84' lang='lat' dir='ltr'>modicis</span> <span class='ocrx_word' id='word_1_238' title='bbox 547 2532 636 2588; x_wconf 81' lang='lat' dir='ltr'>agit</span> <span class='ocrx_word' id='word_1_239' title='bbox 680 2529 863 2573; x_wconf 83' lang='lat' dir='ltr'>historia</span> <span class='ocrx_word' id='word_1_240' title='bbox 889 2528 1039 2571; x_wconf 87' lang='lat' dir='ltr'>dicens</span> <span class='ocrx_word' id='word_1_241' title='bbox 1064 2537 1077 2567; x_wconf 71' lang='grc' dir='ltr'><strong><em>τ</em></strong></span> <span class='ocrx_word' id='word_1_242' title='bbox 1103 2540 1118 2566; x_wconf 73' lang='lat' dir='ltr'><em>e</em></span> <span class='ocrx_word' id='word_1_243' title='bbox 1139 2523 1350 2581; x_wconf 74' lang='lat' dir='ltr'>capitella</span> <span class='ocrx_word' id='word_1_244' title='bbox 1383 2531 1526 2568; x_wconf 87' lang='lat' dir='ltr'>autem</span> <span class='ocrx_word' id='word_1_245' title='bbox 1551 2536 1553 2539; x_wconf 92' lang='lat'>·</span> 
     </span>
    </p>
   </div>
   <div class='ocr_carea' id='block_1_9' title="bbox 281 2597 1534 3383">
    <p class='ocr_par' dir='ltr' id='par_1_9' title="bbox 281 2597 1534 3383">
     <span class='ocr_line' id='line_1_35' title="bbox 282 2597 1529 2664; baseline -0.009 -14"><span class='ocrx_word' id='word_1_246' title='bbox 282 2619 377 2664; x_wconf 85' lang='lat' dir='ltr'>quae</span> <span class='ocrx_word' id='word_1_247' title='bbox 399 2612 522 2650; x_wconf 89' lang='lat' dir='ltr'>erant</span> <span class='ocrx_word' id='word_1_248' title='bbox 543 2617 675 2660; x_wconf 86' lang='lat' dir='ltr'>super</span> <span class='ocrx_word' id='word_1_249' title='bbox 706 2603 847 2659; x_wconf 80' lang='lat' dir='ltr'>capita</span> <span class='ocrx_word' id='word_1_250' title='bbox 884 2601 1211 2650; x_wconf 87' lang='lat' dir='ltr'>columnarum,</span> <span class='ocrx_word' id='word_1_251' title='bbox 1237 2597 1362 2654; x_wconf 83' lang='lat' dir='ltr'>quasi</span> <span class='ocrx_word' id='word_1_252' title='bbox 1401 2609 1529 2652; x_wconf 84' lang='lat' dir='ltr'>opere</span> 
     </span>
     <span class='ocr_line' id='line_1_36' title="bbox 281 2675 1528 2735; baseline -0.008 -9"><span class='ocrx_word' id='word_1_253' title='bbox 281 2683 360 2726; x_wconf 89' lang='lat' dir='ltr'>lilii</span> <span class='ocrx_word' id='word_1_254' title='bbox 386 2680 596 2725; x_wconf 75' lang='lat' dir='ltr'>fabricata</span> <span class='ocrx_word' id='word_1_255' title='bbox 627 2686 753 2724; x_wconf 82' lang='lat' dir='ltr'>erant</span> <span class='ocrx_word' id='word_1_256' title='bbox 777 2679 821 2722; x_wconf 83' lang='lat' dir='ltr'>in</span> <span class='ocrx_word' id='word_1_257' title='bbox 848 2678 1021 2735; x_wconf 88' lang='lat' dir='ltr'>porticu</span> <span class='ocrx_word' id='word_1_258' title='bbox 1046 2682 1239 2733; x_wconf 87' lang='lat' dir='ltr'>quatuor</span> <span class='ocrx_word' id='word_1_259' title='bbox 1263 2675 1528 2726; x_wconf 82' lang='lat' dir='ltr'>cubitorum,</span> 
     </span>
     <span class='ocr_line' id='line_1_37' title="bbox 282 2750 1528 2809; baseline -0.008 -9"><span class='ocrx_word' id='word_1_260' title='bbox 282 2763 324 2800; x_wconf 88' lang='lat' dir='ltr'>et</span> <span class='ocrx_word' id='word_1_261' title='bbox 348 2767 500 2799; x_wconf 83' lang='lat' dir='ltr'>rursus</span> <span class='ocrx_word' id='word_1_262' title='bbox 537 2755 620 2796; x_wconf 87' lang='lat' dir='ltr'>alia</span> <span class='ocrx_word' id='word_1_263' title='bbox 647 2752 845 2809; x_wconf 66' lang='lat' dir='ltr'>capitella</span> <span class='ocrx_word' id='word_1_264' title='bbox 871 2752 915 2795; x_wconf 89' lang='lat' dir='ltr'>in</span> <span class='ocrx_word' id='word_1_265' title='bbox 945 2750 1195 2795; x_wconf 76' lang='lat' dir='ltr'>summitate</span> <span class='ocrx_word' id='word_1_266' title='bbox 1229 2750 1528 2792; x_wconf 86' lang='lat' dir='ltr'>columnarum</span> 
     </span>
     <span class='ocr_line' id='line_1_38' title="bbox 283 2823 1526 2884; baseline -0.007 -12"><span class='ocrx_word' id='word_1_267' title='bbox 283 2829 486 2884; x_wconf 82' lang='lat' dir='ltr'>desuper,</span> <span class='ocrx_word' id='word_1_268' title='bbox 510 2827 633 2882; x_wconf 79' lang='lat' dir='ltr'>juxta</span> <span class='ocrx_word' id='word_1_269' title='bbox 647 2837 895 2869; x_wconf 69' lang='lat' dir='ltr'>mensnram</span> <span class='ocrx_word' id='word_1_270' title='bbox 910 2825 1280 2868; x_wconf 83' lang='lat' dir='ltr'>columnaecontra</span> <span class='ocrx_word' id='word_1_271' title='bbox 1303 2823 1526 2866; x_wconf 78' lang='lat' dir='ltr'>retiacula.</span> 
     </span>
     <span class='ocr_line' id='line_1_39' title="bbox 283 2893 1531 2953; baseline -0.005 -12"><span class='ocrx_word' id='word_1_272' title='bbox 283 2899 418 2944; x_wconf 85' lang='lat' dir='ltr'>Porro</span> <span class='ocrx_word' id='word_1_273' title='bbox 469 2898 522 2942; x_wconf 87' lang='lat' dir='ltr'>de</span> <span class='ocrx_word' id='word_1_274' title='bbox 559 2897 873 2953; x_wconf 84' lang='lat' dir='ltr'>compositione</span> <span class='ocrx_word' id='word_1_275' title='bbox 912 2895 1210 2939; x_wconf 85' lang='lat' dir='ltr'>columnarum</span> <span class='ocrx_word' id='word_1_276' title='bbox 1236 2901 1364 2938; x_wconf 86' lang='lat' dir='ltr'>tacet.</span> <span class='ocrx_word' id='word_1_277' title='bbox 1406 2893 1531 2949; x_wconf 80' lang='lat' dir='ltr'>Capi·</span> 
     </span>
     <span class='ocr_line' id='line_1_40' title="bbox 284 2966 1530 3021; baseline -0.005 -7"><span class='ocrx_word' id='word_1_278' title='bbox 284 2972 383 3016; x_wconf 89' lang='lat' dir='ltr'>tella</span> <span class='ocrx_word' id='word_1_279' title='bbox 409 2980 511 3014; x_wconf 87' lang='lat' dir='ltr'>vero</span> <span class='ocrx_word' id='word_1_280' title='bbox 532 2982 682 3014; x_wconf 81' lang='lat' dir='ltr'>earum</span> <span class='ocrx_word' id='word_1_281' title='bbox 710 2969 880 3011; x_wconf 85' lang='lat' dir='ltr'>minora</span> <span class='ocrx_word' id='word_1_282' title='bbox 901 2968 1006 3011; x_wconf 86' lang='lat' dir='ltr'>dicit</span> <span class='ocrx_word' id='word_1_283' title='bbox 1033 2978 1118 3010; x_wconf 86' lang='lat' dir='ltr'>uno</span> <span class='ocrx_word' id='word_1_284' title='bbox 1138 2967 1285 3009; x_wconf 79' lang='lat' dir='ltr'>cubito</span> <span class='ocrx_word' id='word_1_285' title='bbox 1311 2966 1530 3021; x_wconf 71' lang='lat' dir='ltr'>prioribus</span> 
     </span>
     <span class='ocr_line' id='line_1_41' title="bbox 284 3036 1529 3098; baseline -0.005 -12"><span class='ocrx_word' id='word_1_286' title='bbox 284 3042 514 3098; x_wconf 71' lang='lat' dir='ltr'>capiteitis.</span> <span class='ocrx_word' id='word_1_287' title='bbox 542 3041 602 3084; x_wconf 82' lang='lat' dir='ltr'>De</span> <span class='ocrx_word' id='word_1_288' title='bbox 625 3041 845 3084; x_wconf 84' lang='lat' dir='ltr'>schemate</span> <span class='ocrx_word' id='word_1_289' title='bbox 884 3051 1034 3082; x_wconf 81' lang='lat' dir='ltr'>eorum</span> <span class='ocrx_word' id='word_1_290' title='bbox 1069 3043 1237 3081; x_wconf 86' lang='lat' dir='ltr'>tantum</span> <span class='ocrx_word' id='word_1_291' title='bbox 1263 3036 1386 3087; x_wconf 85' lang='lat' dir='ltr'>dicit,</span> <span class='ocrx_word' id='word_1_292' title='bbox 1416 3037 1529 3091; x_wconf 84' lang='lat' dir='ltr'>quod</span> 
     </span>
     <span class='ocr_line' id='line_1_42' title="bbox 284 3109 1531 3172; baseline -0.006 -13"><span class='ocrx_word' id='word_1_293' title='bbox 284 3122 410 3159; x_wconf 87' lang='lat' dir='ltr'>erant</span> <span class='ocrx_word' id='word_1_294' title='bbox 427 3115 576 3165; x_wconf 87' lang='lat' dir='ltr'>liliata,</span> <span class='ocrx_word' id='word_1_295' title='bbox 598 3119 639 3156; x_wconf 90' lang='lat' dir='ltr'>et</span> <span class='ocrx_word' id='word_1_296' title='bbox 656 3113 872 3156; x_wconf 84' lang='lat' dir='ltr'>habebant</span> <span class='ocrx_word' id='word_1_297' title='bbox 882 3111 1091 3156; x_wconf 83' lang='lat' dir='ltr'>retiacula</span> <span class='ocrx_word' id='word_1_298' title='bbox 1102 3109 1392 3172; x_wconf 71' lang='lat' dir='ltr'>superposita.</span> <span class='ocrx_word' id='word_1_299' title='bbox 1407 3109 1531 3162; x_wconf 71' lang='lat' dir='ltr'>Quod</span> 
     </span>
     <span class='ocr_line' id='line_1_43' title="bbox 288 3181 1534 3241; baseline -0.004 -11"><span class='ocrx_word' id='word_1_300' title='bbox 288 3195 428 3231; x_wconf 88' lang='lat' dir='ltr'>autem</span> <span class='ocrx_word' id='word_1_301' title='bbox 458 3187 650 3241; x_wconf 84' lang='lat' dir='ltr'>sequitur</span> <span class='ocrx_word' id='word_1_302' title='bbox 678 3185 890 3228; x_wconf 83' lang='lat' dir='ltr'>malorum</span> <span class='ocrx_word' id='word_1_303' title='bbox 924 3189 1205 3238; x_wconf 76' lang='lat' dir='ltr'>granatorum</span> <span class='ocrx_word' id='word_1_304' title='bbox 1227 3182 1402 3226; x_wconf 75' lang='lat' dir='ltr'>ducenti</span> <span class='ocrx_word' id='word_1_305' title='bbox 1415 3181 1534 3226; x_wconf 87' lang='lat' dir='ltr'>ordi-</span> 
     </span>
     <span class='ocr_line' id='line_1_44' title="bbox 287 3255 1531 3312; baseline -0.006 -8"><span class='ocrx_word' id='word_1_306' title='bbox 287 3272 365 3304; x_wconf 85' lang='lat' dir='ltr'>nes</span> <span class='ocrx_word' id='word_1_307' title='bbox 391 3264 517 3303; x_wconf 85' lang='lat' dir='ltr'>erant</span> <span class='ocrx_word' id='word_1_308' title='bbox 557 3261 600 3301; x_wconf 89' lang='lat' dir='ltr'>in</span> <span class='ocrx_word' id='word_1_309' title='bbox 642 3257 829 3301; x_wconf 77' lang='lat' dir='ltr'>cirmiitu</span> <span class='ocrx_word' id='word_1_310' title='bbox 851 3256 1038 3312; x_wconf 86' lang='lat' dir='ltr'>capitelli</span> <span class='ocrx_word' id='word_1_311' title='bbox 1061 3255 1259 3307; x_wconf 88' lang='lat' dir='ltr'>secundi,</span> <span class='ocrx_word' id='word_1_312' title='bbox 1284 3255 1531 3311; x_wconf 78' lang='lat' dir='ltr'>ambiguum</span> 
     </span>
     <span class='ocr_line' id='line_1_45' title="bbox 287 3326 1530 3383; baseline -0.004 -7"><span class='ocrx_word' id='word_1_313' title='bbox 287 3338 369 3382; x_wconf 85' lang='lat' dir='ltr'>est,</span> <span class='ocrx_word' id='word_1_314' title='bbox 401 3337 545 3374; x_wconf 89' lang='lat' dir='ltr'>utrum</span> <span class='ocrx_word' id='word_1_315' title='bbox 564 3330 648 3373; x_wconf 86' lang='lat' dir='ltr'>hoc</span> <span class='ocrx_word' id='word_1_316' title='bbox 671 3329 835 3372; x_wconf 76' lang='lat' dir='ltr'>dictam</span> <span class='ocrx_word' id='word_1_317' title='bbox 870 3329 927 3371; x_wconf 90' lang='lat' dir='ltr'>sit</span> <span class='ocrx_word' id='word_1_318' title='bbox 950 3327 1003 3372; x_wconf 86' lang='lat' dir='ltr'>de</span> <span class='ocrx_word' id='word_1_319' title='bbox 1032 3326 1247 3383; x_wconf 86' lang='lat' dir='ltr'>capitellis</span> <span class='ocrx_word' id='word_1_320' title='bbox 1272 3327 1530 3379; x_wconf 86' lang='lat' dir='ltr'>minoribus,</span> 
     </span>
    </p>
   </div>
   <div class='ocr_carea' id='block_1_10' title="bbox 289 3397 1592 3470">
    <p class='ocr_par' dir='ltr' id='par_1_10' title="bbox 289 3397 1592 3470">
     <span class='ocr_line' id='line_1_46' title="bbox 289 3397 1592 3470; baseline -0.004 -24"><span class='ocrx_word' id='word_1_321' title='bbox 289 3415 344 3446; x_wconf 89' lang='lat' dir='ltr'>an</span> <span class='ocrx_word' id='word_1_322' title='bbox 375 3399 650 3456; x_wconf 85' lang='lat' dir='ltr'>recapilando</span> <span class='ocrx_word' id='word_1_323' title='bbox 678 3399 842 3442; x_wconf 85' lang='lat' dir='ltr'>dictum</span> <span class='ocrx_word' id='word_1_324' title='bbox 868 3399 926 3441; x_wconf 89' lang='lat' dir='ltr'>sit</span> <span class='ocrx_word' id='word_1_325' title='bbox 955 3398 1008 3441; x_wconf 90' lang='lat' dir='ltr'>de</span> <span class='ocrx_word' id='word_1_326' title='bbox 1044 3397 1254 3452; x_wconf 81' lang='lat' dir='ltr'>capitellis</span> <span class='ocrx_word' id='word_1_327' title='bbox 1294 3397 1528 3453; x_wconf 77' lang='lat' dir='ltr'>prioribus.</span> <span class='ocrx_word' id='word_1_328' title='bbox 1561 3427 1592 3470; x_wconf 73' lang='lat'>0</span> 
     </span>
    </p>
   </div>
   <div class='ocr_carea' id='block_1_11' title="bbox 267 3470 1539 4465">
    <p class='ocr_par' dir='ltr' id='par_1_11' title="bbox 267 3470 1539 4465">
     <span class='ocr_line' id='line_1_47' title="bbox 290 3470 1531 3527; baseline -0.004 -11"><span class='ocrx_word' id='word_1_329' title='bbox 290 3473 376 3517; x_wconf 84' lang='lat' dir='ltr'>Has</span> <span class='ocrx_word' id='word_1_330' title='bbox 397 3473 622 3515; x_wconf 83' lang='lat' dir='ltr'>columnas</span> <span class='ocrx_word' id='word_1_331' title='bbox 645 3471 753 3515; x_wconf 74' lang='lat' dir='ltr'>rudit</span> <span class='ocrx_word' id='word_1_332' title='bbox 783 3470 930 3514; x_wconf 79' lang='lat' dir='ltr'>iliram</span> <span class='ocrx_word' id='word_1_333' title='bbox 955 3470 1127 3527; x_wconf 73' lang='lat' dir='ltr'>Tyrius,</span> <span class='ocrx_word' id='word_1_334' title='bbox 1149 3470 1300 3526; x_wconf 85' lang='lat' dir='ltr'>plenus</span> <span class='ocrx_word' id='word_1_335' title='bbox 1323 3470 1531 3526; x_wconf 79' lang='lat' dir='ltr'>sapientia</span> 
     </span>
     <span class='ocr_line' id='line_1_48' title="bbox 267 3544 1533 3600; baseline -0.002 -11"><span class='ocrx_word' id='word_1_336' title='bbox 267 3593 269 3595; x_wconf 65' lang='grc'><strong>,</strong></span> <span class='ocrx_word' id='word_1_337' title='bbox 290 3546 343 3589; x_wconf 85' lang='lat' dir='ltr'>ad</span> <span class='ocrx_word' id='word_1_338' title='bbox 372 3545 615 3589; x_wconf 74' lang='lat' dir='ltr'>faciendum</span> <span class='ocrx_word' id='word_1_339' title='bbox 654 3557 781 3588; x_wconf 89' lang='lat' dir='ltr'>omne</span> <span class='ocrx_word' id='word_1_340' title='bbox 805 3557 915 3600; x_wconf 86' lang='lat' dir='ltr'>opus</span> <span class='ocrx_word' id='word_1_341' title='bbox 928 3567 937 3581; x_wconf 66' lang='grc' dir='ltr'><em>ι</em></span> <span class='ocrx_word' id='word_1_342' title='bbox 955 3557 1007 3587; x_wconf 85' lang='lat' dir='ltr'>ex</span> <span class='ocrx_word' id='word_1_343' title='bbox 1045 3556 1144 3596; x_wconf 75' lang='lat' dir='ltr'>aere,</span> <span class='ocrx_word' id='word_1_344' title='bbox 1184 3545 1297 3587; x_wconf 80' lang='lat' dir='ltr'>tilius</span> <span class='ocrx_word' id='word_1_345' title='bbox 1340 3544 1533 3587; x_wconf 89' lang='lat' dir='ltr'>mulieris</span> 
     </span>
     <span class='ocr_line' id='line_1_49' title="bbox 288 3614 1532 3673; baseline -0.002 -11"><span class='ocrx_word' id='word_1_346' title='bbox 288 3618 428 3662; x_wconf 77' lang='lat' dir='ltr'>viduae</span> <span class='ocrx_word' id='word_1_347' title='bbox 453 3618 505 3661; x_wconf 87' lang='lat' dir='ltr'>de</span> <span class='ocrx_word' id='word_1_348' title='bbox 529 3618 642 3660; x_wconf 78' lang='lat' dir='ltr'>trihu</span> <span class='ocrx_word' id='word_1_349' title='bbox 666 3616 958 3673; x_wconf 82' lang='lat' dir='ltr'>Nepbthalim,</span> <span class='ocrx_word' id='word_1_350' title='bbox 986 3623 1107 3671; x_wconf 87' lang='lat' dir='ltr'>patre</span> <span class='ocrx_word' id='word_1_351' title='bbox 1144 3629 1244 3660; x_wconf 79' lang='lat' dir='ltr'>vero</span> <span class='ocrx_word' id='word_1_352' title='bbox 1280 3615 1426 3672; x_wconf 70' lang='lat' dir='ltr'>Tyrio.</span> <span class='ocrx_word' id='word_1_353' title='bbox 1449 3614 1532 3660; x_wconf 89' lang='lat' dir='ltr'>Sed</span> 
     </span>
     <span class='ocr_line' id='line_1_50' title="bbox 290 3688 1533 3746; baseline 0 -13"><span class='ocrx_word' id='word_1_354' title='bbox 290 3696 332 3733; x_wconf 89' lang='lat' dir='ltr'>et</span> <span class='ocrx_word' id='word_1_355' title='bbox 355 3689 496 3732; x_wconf 88' lang='lat' dir='ltr'>omnia</span> <span class='ocrx_word' id='word_1_356' title='bbox 540 3688 741 3733; x_wconf 83' lang='lat' dir='ltr'>utensilia</span> <span class='ocrx_word' id='word_1_357' title='bbox 772 3689 918 3744; x_wconf 86' lang='lat' dir='ltr'>templi</span> <span class='ocrx_word' id='word_1_358' title='bbox 960 3700 1087 3739; x_wconf 82' lang='lat' dir='ltr'>aerea,</span> <span class='ocrx_word' id='word_1_359' title='bbox 1109 3695 1150 3732; x_wconf 89' lang='lat' dir='ltr'>et</span> <span class='ocrx_word' id='word_1_360' title='bbox 1175 3688 1383 3746; x_wconf 87' lang='lat' dir='ltr'>quidquid</span> <span class='ocrx_word' id='word_1_361' title='bbox 1406 3689 1448 3731; x_wconf 91' lang='lat' dir='ltr'>in</span> <span class='ocrx_word' id='word_1_362' title='bbox 1483 3702 1533 3733; x_wconf 91' lang='lat' dir='ltr'>eo</span> 
     </span>
     <span class='ocr_line' id='line_1_51' title="bbox 291 3759 1535 3817; baseline -0.002 -11"><span class='ocrx_word' id='word_1_363' title='bbox 291 3765 345 3806; x_wconf 87' lang='lat' dir='ltr'>de</span> <span class='ocrx_word' id='word_1_364' title='bbox 365 3774 448 3805; x_wconf 83' lang='lat' dir='ltr'>aere</span> <span class='ocrx_word' id='word_1_365' title='bbox 462 3761 622 3804; x_wconf 75' lang='lat' dir='ltr'>sactum</span> <span class='ocrx_word' id='word_1_366' title='bbox 645 3767 727 3812; x_wconf 85' lang='lat' dir='ltr'>est,</span> <span class='ocrx_word' id='word_1_367' title='bbox 743 3761 851 3804; x_wconf 74' lang='lat' dir='ltr'>fudit</span> <span class='ocrx_word' id='word_1_368' title='bbox 868 3759 1027 3817; x_wconf 75' lang='lat' dir='ltr'>flyram</span> <span class='ocrx_word' id='word_1_369' title='bbox 1047 3762 1090 3803; x_wconf 77' lang='lat' dir='ltr'>in</span> <span class='ocrx_word' id='word_1_370' title='bbox 1106 3762 1336 3815; x_wconf 78' lang='lat' dir='ltr'>campestri</span> <span class='ocrx_word' id='word_1_371' title='bbox 1362 3761 1535 3817; x_wconf 79' lang='lat' dir='ltr'>regione</span> 
     </span>
     <span class='ocr_line' id='line_1_52' title="bbox 290 3832 1535 3889; baseline -0.001 -12"><span class='ocrx_word' id='word_1_372' title='bbox 290 3832 493 3877; x_wconf 71' lang='lat' dir='ltr'>Iordanis</span> <span class='ocrx_word' id='word_1_373' title='bbox 518 3834 561 3876; x_wconf 90' lang='lat' dir='ltr'>in</span> <span class='ocrx_word' id='word_1_374' title='bbox 583 3839 699 3876; x_wconf 89' lang='lat' dir='ltr'>terra</span> <span class='ocrx_word' id='word_1_375' title='bbox 722 3834 939 3889; x_wconf 82' lang='lat' dir='ltr'>argillosa,</span> <span class='ocrx_word' id='word_1_376' title='bbox 963 3839 1005 3876; x_wconf 85' lang='lat' dir='ltr'>et</span> <span class='ocrx_word' id='word_1_377' title='bbox 1027 3834 1140 3877; x_wconf 90' lang='lat' dir='ltr'>inter</span> <span class='ocrx_word' id='word_1_378' title='bbox 1164 3833 1338 3885; x_wconf 73' lang='lat' dir='ltr'>Sochot,</span> <span class='ocrx_word' id='word_1_379' title='bbox 1364 3841 1406 3878; x_wconf 89' lang='lat' dir='ltr'>et</span> <span class='ocrx_word' id='word_1_380' title='bbox 1433 3833 1535 3876; x_wconf 85' lang='lat' dir='ltr'>Sar·</span> 
     </span>
     <span class='ocr_line' id='line_1_53' title="bbox 292 3903 1535 3960; baseline 0.002 -13"><span class='ocrx_word' id='word_1_381' title='bbox 292 3904 421 3948; x_wconf 86' lang='lat' dir='ltr'>chan.</span> <span class='ocrx_word' id='word_1_382' title='bbox 451 3903 539 3947; x_wconf 80' lang='lat' dir='ltr'>Nec</span> <span class='ocrx_word' id='word_1_383' title='bbox 562 3910 604 3948; x_wconf 89' lang='lat' dir='ltr'>te</span> <span class='ocrx_word' id='word_1_384' title='bbox 628 3910 811 3956; x_wconf 80' lang='lat' dir='ltr'>moveat,</span> <span class='ocrx_word' id='word_1_385' title='bbox 840 3904 955 3960; x_wconf 86' lang='lat' dir='ltr'>quod</span> <span class='ocrx_word' id='word_1_386' title='bbox 994 3905 1223 3960; x_wconf 87' lang='lat' dir='ltr'>aliquando</span> <span class='ocrx_word' id='word_1_387' title='bbox 1246 3905 1299 3949; x_wconf 85' lang='lat' dir='ltr'>de</span> <span class='ocrx_word' id='word_1_388' title='bbox 1324 3918 1424 3955; x_wconf 80' lang='lat' dir='ltr'>aere,</span> <span class='ocrx_word' id='word_1_389' title='bbox 1457 3906 1535 3949; x_wconf 87' lang='lat' dir='ltr'>ali-</span> 
     </span>
     <span class='ocr_line' id='line_1_54' title="bbox 293 3975 1534 4033; baseline 0.002 -16"><span class='ocrx_word' id='word_1_390' title='bbox 293 3975 464 4031; x_wconf 89' lang='lat' dir='ltr'>quando</span> <span class='ocrx_word' id='word_1_391' title='bbox 486 3975 538 4019; x_wconf 90' lang='lat' dir='ltr'>de</span> <span class='ocrx_word' id='word_1_392' title='bbox 555 3976 804 4019; x_wconf 79' lang='lat' dir='ltr'>aurichalco</span> <span class='ocrx_word' id='word_1_393' title='bbox 824 3975 1028 4020; x_wconf 85' lang='lat' dir='ltr'>dicuntur</span> <span class='ocrx_word' id='word_1_394' title='bbox 1048 3976 1291 4033; x_wconf 77' lang='lat' dir='ltr'>saeta‚quia</span> <span class='ocrx_word' id='word_1_395' title='bbox 1318 3978 1428 4022; x_wconf 88' lang='lat' dir='ltr'>idem</span> <span class='ocrx_word' id='word_1_396' title='bbox 1448 3984 1534 4028; x_wconf 82' lang='lat' dir='ltr'>est,</span> 
     </span>
     <span class='ocr_line' id='line_1_55' title="bbox 294 4049 1534 4106; baseline 0.002 -15"><span class='ocrx_word' id='word_1_397' title='bbox 294 4049 419 4103; x_wconf 81' lang='lat' dir='ltr'>cujus</span> <span class='ocrx_word' id='word_1_398' title='bbox 441 4049 642 4104; x_wconf 86' lang='lat' dir='ltr'>splendor</span> <span class='ocrx_word' id='word_1_399' title='bbox 681 4055 723 4092; x_wconf 88' lang='lat' dir='ltr'>et</span> <span class='ocrx_word' id='word_1_400' title='bbox 746 4049 1025 4106; x_wconf 81' lang='lat' dir='ltr'>pulchritudo</span> <span class='ocrx_word' id='word_1_401' title='bbox 1046 4050 1203 4093; x_wconf 89' lang='lat' dir='ltr'>similis</span> <span class='ocrx_word' id='word_1_402' title='bbox 1226 4057 1320 4094; x_wconf 77' lang='lat' dir='ltr'>erat</span> <span class='ocrx_word' id='word_1_403' title='bbox 1342 4062 1467 4102; x_wconf 80' lang='lat' dir='ltr'>auro,</span> <span class='ocrx_word' id='word_1_404' title='bbox 1487 4059 1534 4095; x_wconf 90' lang='lat' dir='ltr'>ut</span> 
     </span>
     <span class='ocr_line' id='line_1_56' title="bbox 294 4118 1539 4175; baseline 0.004 -13"><span class='ocrx_word' id='word_1_405' title='bbox 294 4120 399 4163; x_wconf 85' lang='lat' dir='ltr'>dicit</span> <span class='ocrx_word' id='word_1_406' title='bbox 416 4118 644 4175; x_wconf 69' lang='lat' dir='ltr'>losephus.</span> <span class='ocrx_word' id='word_1_407' title='bbox 664 4120 711 4163; x_wconf 76' lang='lat' dir='ltr'>ln</span> <span class='ocrx_word' id='word_1_408' title='bbox 749 4120 831 4164; x_wconf 80' lang='lat' dir='ltr'>hoc</span> <span class='ocrx_word' id='word_1_409' title='bbox 855 4122 1112 4165; x_wconf 84' lang='lat' dir='ltr'>vestibulum</span> <span class='ocrx_word' id='word_1_410' title='bbox 1146 4122 1459 4167; x_wconf 74' lang='lat' dir='ltr'>ascendebatur</span> <span class='ocrx_word' id='word_1_411' title='bbox 1480 4124 1539 4167; x_wconf 79' lang='lat' dir='ltr'>ab</span> 
     </span>
     <span class='ocr_line' id='line_1_57' title="bbox 295 4191 1537 4248; baseline 0.005 -16"><span class='ocrx_word' id='word_1_412' title='bbox 295 4191 406 4233; x_wconf 91' lang='lat' dir='ltr'>atrio</span> <span class='ocrx_word' id='word_1_413' title='bbox 444 4191 718 4234; x_wconf 85' lang='lat' dir='ltr'>sacerdotum</span> <span class='ocrx_word' id='word_1_414' title='bbox 758 4191 986 4235; x_wconf 82' lang='lat' dir='ltr'>duodecim</span> <span class='ocrx_word' id='word_1_415' title='bbox 1027 4194 1246 4248; x_wconf 80' lang='lat' dir='ltr'>gradibus,</span> <span class='ocrx_word' id='word_1_416' title='bbox 1297 4196 1537 4239; x_wconf 88' lang='lat' dir='ltr'>secundum</span> 
     </span>
     <span class='ocr_line' id='line_1_58' title="bbox 294 4260 1535 4323; baseline 0.006 -19"><span class='ocrx_word' id='word_1_417' title='bbox 294 4260 544 4316; x_wconf 70' lang='lat' dir='ltr'>losepbum.</span> <span class='ocrx_word' id='word_1_418' title='bbox 566 4263 748 4315; x_wconf 82' lang='lat' dir='ltr'>Quidam</span> <span class='ocrx_word' id='word_1_419' title='bbox 770 4269 916 4307; x_wconf 83' lang='lat' dir='ltr'>tamen</span> <span class='ocrx_word' id='word_1_420' title='bbox 944 4265 1090 4308; x_wconf 88' lang='lat' dir='ltr'>dicunt</span> <span class='ocrx_word' id='word_1_421' title='bbox 1112 4273 1272 4323; x_wconf 85' lang='lat' dir='ltr'>septem</span> <span class='ocrx_word' id='word_1_422' title='bbox 1297 4268 1535 4313; x_wconf 87' lang='lat' dir='ltr'>secundum</span> 
     </span>
     <span class='ocr_line' id='line_1_59' title="bbox 297 4331 1537 4387; baseline 0.009 -14"><span class='ocrx_word' id='word_1_423' title='bbox 297 4331 511 4376; x_wconf 79' lang='lat' dir='ltr'>visionem</span> <span class='ocrx_word' id='word_1_424' title='bbox 528 4331 786 4387; x_wconf 77' lang='lat' dir='ltr'>Ezechielis,</span> <span class='ocrx_word' id='word_1_425' title='bbox 837 4335 986 4379; x_wconf 86' lang='lat' dir='ltr'>dicunt</span> <span class='ocrx_word' id='word_1_426' title='bbox 1021 4339 1134 4381; x_wconf 86' lang='lat' dir='ltr'>enim</span> <span class='ocrx_word' id='word_1_427' title='bbox 1175 4339 1218 4382; x_wconf 90' lang='lat' dir='ltr'>in</span> <span class='ocrx_word' id='word_1_428' title='bbox 1247 4340 1396 4383; x_wconf 88' lang='lat' dir='ltr'>multis</span> <span class='ocrx_word' id='word_1_429' title='bbox 1431 4353 1537 4384; x_wconf 84' lang='lat' dir='ltr'>con-</span> 
     </span>
     <span class='ocr_line' id='line_1_60' title="bbox 301 4403 1537 4465; baseline 0.009 -19"><span class='ocrx_word' id='word_1_430' title='bbox 301 4403 481 4449; x_wconf 77' lang='lat' dir='ltr'>cordare</span> <span class='ocrx_word' id='word_1_431' title='bbox 524 4407 882 4463; x_wconf 86' lang='lat' dir='ltr'>compositionem</span> <span class='ocrx_word' id='word_1_432' title='bbox 923 4411 1069 4455; x_wconf 78' lang='lat' dir='ltr'>temoli</span> <span class='ocrx_word' id='word_1_433' title='bbox 1113 4412 1347 4458; x_wconf 78' lang='lat' dir='ltr'>materialis</span> <span class='ocrx_word' id='word_1_434' title='bbox 1372 4444 1387 4465; x_wconf 86' lang='lat'><em>‚</em></span> <span class='ocrx_word' id='word_1_435' title='bbox 1435 4425 1537 4457; x_wconf 85' lang='lat' dir='ltr'>cum</span> 
     </span>
    </p>
   </div>
   <div class='ocr_carea' id='block_1_12' title="bbox 668 95 2857 262">
    <p class='ocr_par' dir='ltr' id='par_1_12' title="bbox 668 95 2857 262">
     <span class='ocr_line' id='line_1_61' title="bbox 1266 95 1805 148; baseline -0.019 0"><span class='ocrx_word' id='word_1_436' title='bbox 1266 102 1428 148; x_wconf 82' lang='lat' dir='ltr'>PE&#39;l-&#39;Rl</span> <span class='ocrx_word' id='word_1_437' title='bbox 1458 95 1805 146; x_wconf 67' lang='lat' dir='ltr'>Cousss‘ronts</span> 
     </span>
     <span class='ocr_line' id='line_1_62' title="bbox 668 162 2857 262; baseline -0.014 -5"><span class='ocrx_word' id='word_1_438' title='bbox 668 213 782 256; x_wconf 88' lang='lat' dir='ltr'>linea</span> <span class='ocrx_word' id='word_1_439' title='bbox 802 207 929 253; x_wconf 75' lang='lat' dir='ltr'>fusile</span> <span class='ocrx_word' id='word_1_440' title='bbox 946 215 1075 262; x_wconf 87' lang='lat' dir='ltr'>opere</span> <span class='ocrx_word' id='word_1_441' title='bbox 1089 162 1384 245; x_wconf 81' lang='lat' dir='ltr'>circumducta</span> <span class='ocrx_word' id='word_1_442' title='bbox 1398 201 1507 240; x_wconf 86' lang='lat' dir='ltr'>erat.</span> <span class='ocrx_word' id='word_1_443' title='bbox 1534 198 1571 243; x_wconf 80' lang='grc' dir='ltr'><strong>Α</strong></span> <span class='ocrx_word' id='word_1_444' title='bbox 1593 187 1906 242; x_wconf 74' lang='lat' dir='ltr'>compositione</span> <span class='ocrx_word' id='word_1_445' title='bbox 1930 177 2076 239; x_wconf 80' lang='lat' dir='ltr'>templi</span> <span class='ocrx_word' id='word_1_446' title='bbox 2093 178 2322 239; x_wconf 70' lang='lat' dir='ltr'>spiritalis,</span> <span class='ocrx_word' id='word_1_447' title='bbox 2343 179 2459 234; x_wconf 83' lang='lat' dir='ltr'>quod</span> <span class='ocrx_word' id='word_1_448' title='bbox 2489 179 2595 223; x_wconf 82' lang='lat' dir='ltr'>vidit</span> <span class='ocrx_word' id='word_1_449' title='bbox 2619 179 2836 226; x_wconf 84' lang='lat' dir='ltr'>Ezechiel.</span> <span class='ocrx_word' id='word_1_450' title='bbox 2855 179 2857 182; x_wconf 52' lang='lat'><em>⁴</em></span> 
     </span>
    </p>
   </div>
   <div class='ocr_carea' id='block_1_13' title="bbox 1574 3835 2864 3895">
    <p class='ocr_par' dir='ltr' id='par_1_13' title="bbox 1574 3835 2864 3895">
     <span class='ocr_line' id='line_1_63' title="bbox 1574 3835 2864 3895; baseline 0.005 -18"><span class='ocrx_word' id='word_1_451' title='bbox 1574 3849 1583 3856; x_wconf 94' lang='lat'>·</span> <span class='ocrx_word' id='word_1_452' title='bbox 1614 3848 1698 3890; x_wconf 85' lang='lat' dir='ltr'>que</span> <span class='ocrx_word' id='word_1_453' title='bbox 1721 3847 1823 3878; x_wconf 87' lang='lat' dir='ltr'>vero</span> <span class='ocrx_word' id='word_1_454' title='bbox 1842 3835 1958 3880; x_wconf 86' lang='lat' dir='ltr'>latus</span> <span class='ocrx_word' id='word_1_455' title='bbox 1980 3837 2127 3892; x_wconf 89' lang='lat' dir='ltr'>templi</span> <span class='ocrx_word' id='word_1_456' title='bbox 2148 3849 2235 3880; x_wconf 90' lang='lat' dir='ltr'>non</span> <span class='ocrx_word' id='word_1_457' title='bbox 2259 3837 2366 3881; x_wconf 88' lang='lat' dir='ltr'>adeo</span> <span class='ocrx_word' id='word_1_458' title='bbox 2385 3837 2541 3881; x_wconf 79' lang='lat' dir='ltr'>diffusa</span> <span class='ocrx_word' id='word_1_459' title='bbox 2559 3844 2669 3883; x_wconf 89' lang='lat' dir='ltr'>erat.</span> <span class='ocrx_word' id='word_1_460' title='bbox 2689 3838 2755 3882; x_wconf 82' lang='lat' dir='ltr'>Ab</span> <span class='ocrx_word' id='word_1_461' title='bbox 2779 3850 2864 3895; x_wconf 79' lang='lat' dir='ltr'>oc-.¹</span> 
     </span>
    </p>
   </div>
   <div class='ocr_carea' id='block_1_14' title="bbox 2723 51 2863 133">
    <p class='ocr_par' dir='ltr' id='par_1_14' title="bbox 2723 51 2863 133">
     <span class='ocr_line' id='line_1_64' title="bbox 2723 51 2863 133; baseline 0 -1"><span class='ocrx_word' id='word_1_462' title='bbox 2723 87 2836 133; x_wconf 70' lang='lat' dir='ltr'>isco</span> <span class='ocrx_word' id='word_1_463' title='bbox 2862 51 2863 54; x_wconf 23' lang='lat'>¹</span> 
     </span>
    </p>
   </div>
   <div class='ocr_carea' id='block_1_15' title="bbox 1595 253 2866 384">
    <p class='ocr_par' dir='ltr' id='par_1_15' title="bbox 1595 253 2866 384">
     <span class='ocr_line' id='line_1_65' title="bbox 1654 253 2866 310; baseline -0.005 -9"><span class='ocrx_word' id='word_1_464' title='bbox 1654 264 1673 280; x_wconf 85' lang='grc'><em>·</em></span> <span class='ocrx_word' id='word_1_465' title='bbox 1703 258 1875 302; x_wconf 75' lang='lat' dir='ltr'>Addiu&#39;o</span> <span class='ocrx_word' id='word_1_466' title='bbox 1902 258 1942 300; x_wconf 82' lang='lat' dir='ltr'>l.</span> <span class='ocrx_word' id='word_1_467' title='bbox 1969 255 2170 310; x_wconf 80' lang='lat' dir='ltr'>Triginta</span> <span class='ocrx_word' id='word_1_468' title='bbox 2209 253 2400 309; x_wconf 86' lang='lat' dir='ltr'>quinque</span> <span class='ocrx_word' id='word_1_469' title='bbox 2423 253 2668 296; x_wconf 83' lang='lat' dir='ltr'>cubitorum</span> <span class='ocrx_word' id='word_1_470' title='bbox 2692 253 2866 295; x_wconf 51' lang='lat' dir='ltr'>altitu-t*</span> 
     </span>
     <span class='ocr_line' id='line_1_66' title="bbox 1595 327 2447 384; baseline -0.011 -8"><span class='ocrx_word' id='word_1_471' title='bbox 1595 331 1726 379; x_wconf 82' lang='lat' dir='ltr'>dinis,</span> <span class='ocrx_word' id='word_1_472' title='bbox 1754 338 1800 372; x_wconf 89' lang='lat' dir='ltr'>ut</span> <span class='ocrx_word' id='word_1_473' title='bbox 1823 329 1979 384; x_wconf 81' lang='lat' dir='ltr'>legitur</span> <span class='ocrx_word' id='word_1_474' title='bbox 2000 329 2046 370; x_wconf 89' lang='lat' dir='ltr'>in</span> <span class='ocrx_word' id='word_1_475' title='bbox 2070 327 2447 382; x_wconf 65' lang='lat' dir='ltr'>Paralipomenon.</span> 
     </span>
    </p>
   </div>
   <div class='ocr_carea' id='block_1_16' title="bbox 1596 426 2866 1283">
    <p class='ocr_par' dir='ltr' id='par_1_16' title="bbox 1597 426 2866 530">
     <span class='ocr_line' id='line_1_67' title="bbox 1597 426 2866 497; baseline -0.007 -17"><span class='ocrx_word' id='word_1_476' title='bbox 1597 437 1700 480; x_wconf 65' lang='lat' dir='ltr'>Cir.</span> <span class='ocrx_word' id='word_1_477' title='bbox 1735 433 1845 477; x_wconf 77' lang='lat' dir='ltr'>xm.</span> <span class='ocrx_word' id='word_1_478' title='bbox 1881 433 1942 476; x_wconf 84' lang='lat' dir='ltr'>De</span> <span class='ocrx_word' id='word_1_479' title='bbox 1986 432 2205 497; x_wconf 62' lang='lat' dir='ltr'>cubiculis,</span> <span class='ocrx_word' id='word_1_480' title='bbox 2231 439 2271 474; x_wconf 78' lang='lat' dir='ltr'>et</span> <span class='ocrx_word' id='word_1_481' title='bbox 2308 430 2528 475; x_wconf 73' lang='lat' dir='ltr'>coenacut&#39;is</span> <span class='ocrx_word' id='word_1_482' title='bbox 2564 426 2866 485; x_wconf 55' lang='lat' dir='ltr'>ltettdomudar,</span> 
     </span>
     <span class='ocr_line' id='line_1_68' title="bbox 2123 500 2291 530; baseline -0.03 0"><span class='ocrx_word' id='word_1_483' title='bbox 2123 500 2291 530; x_wconf 63' lang='lat' dir='ltr'>morum&gt;</span> 
     </span>
    </p>

    <p class='ocr_par' dir='ltr' id='par_1_17' title="bbox 1596 572 2864 1283">
     <span class='ocr_line' id='line_1_69' title="bbox 1651 572 2844 634; baseline -0.007 -12"><span class='ocrx_word' id='word_1_484' title='bbox 1651 577 1900 622; x_wconf 80' lang='lat' dir='ltr'>AEditicavit</span> <span class='ocrx_word' id='word_1_485' title='bbox 1934 582 2080 619; x_wconf 87' lang='lat' dir='ltr'>autem</span> <span class='ocrx_word' id='word_1_486' title='bbox 2103 574 2309 619; x_wconf 81' lang='lat' dir='ltr'>Salomon</span> <span class='ocrx_word' id='word_1_487' title='bbox 2346 574 2389 617; x_wconf 90' lang='lat' dir='ltr'>in</span> <span class='ocrx_word' id='word_1_488' title='bbox 2426 572 2653 616; x_wconf 85' lang='lat' dir='ltr'>circumitu</span> <span class='ocrx_word' id='word_1_489' title='bbox 2696 572 2844 634; x_wconf 84' lang='lat' dir='ltr'>templi</span> 
     </span>
     <span class='ocr_line' id='line_1_70' title="bbox 1596 644 2843 708; baseline -0.007 -13"><span class='ocrx_word' id='word_1_490' title='bbox 1596 660 1694 708; x_wconf 85' lang='lat' dir='ltr'>post</span> <span class='ocrx_word' id='word_1_491' title='bbox 1729 650 1988 696; x_wconf 84' lang='lat' dir='ltr'>vestibulum</span> <span class='ocrx_word' id='word_1_492' title='bbox 2021 648 2200 706; x_wconf 81' lang='lat' dir='ltr'>triginta</span> <span class='ocrx_word' id='word_1_493' title='bbox 2222 646 2424 702; x_wconf 85' lang='lat' dir='ltr'>parvulas</span> <span class='ocrx_word' id='word_1_494' title='bbox 2448 645 2622 696; x_wconf 81' lang='lat' dir='ltr'>domus,</span> <span class='ocrx_word' id='word_1_495' title='bbox 2655 657 2751 701; x_wconf 82' lang='lat' dir='ltr'>quae</span> <span class='ocrx_word' id='word_1_496' title='bbox 2774 644 2843 687; x_wconf 90' lang='lat' dir='ltr'>sui</span> 
     </span>
     <span class='ocr_line' id='line_1_71' title="bbox 1597 717 2849 780; baseline -0.005 -14"><span class='ocrx_word' id='word_1_497' title='bbox 1597 722 1871 780; x_wconf 78' lang='lat' dir='ltr'>copulatione</span> <span class='ocrx_word' id='word_1_498' title='bbox 1941 726 2076 764; x_wconf 79' lang='lat' dir='ltr'>totum</span> <span class='ocrx_word' id='word_1_499' title='bbox 2136 719 2285 774; x_wconf 83' lang='lat' dir='ltr'>templi</span> <span class='ocrx_word' id='word_1_500' title='bbox 2341 718 2528 773; x_wconf 86' lang='lat' dir='ltr'>spatium</span> <span class='ocrx_word' id='word_1_501' title='bbox 2585 717 2849 761; x_wconf 82' lang='lat' dir='ltr'>intrinsecus</span> 
     </span>
     <span class='ocr_line' id='line_1_72' title="bbox 1598 788 2849 852; baseline -0.006 -13"><span class='ocrx_word' id='word_1_502' title='bbox 1598 797 1844 840; x_wconf 79' lang='lat' dir='ltr'>ambiebant</span> <span class='ocrx_word' id='word_1_503' title='bbox 1865 793 1964 852; x_wconf 84' lang='lat'>(111</span> <span class='ocrx_word' id='word_1_504' title='bbox 1985 791 2084 849; x_wconf 68' lang='lat'>1³⁶9.</span> <span class='ocrx_word' id='word_1_505' title='bbox 2123 792 2221 848; x_wconf 83' lang='lat' dir='ltr'>vn).</span> <span class='ocrx_word' id='word_1_506' title='bbox 2247 792 2408 834; x_wconf 85' lang='lat' dir='ltr'>Harum</span> <span class='ocrx_word' id='word_1_507' title='bbox 2434 791 2613 847; x_wconf 79' lang='lat' dir='ltr'>singulae</span> <span class='ocrx_word' id='word_1_508' title='bbox 2631 788 2849 835; x_wconf 83' lang='lat' dir='ltr'>habebant</span> 
     </span>
     <span class='ocr_line' id='line_1_73' title="bbox 1598 861 2864 925; baseline -0.006 -12"><span class='ocrx_word' id='word_1_509' title='bbox 1598 871 1786 925; x_wconf 86' lang='lat' dir='ltr'>quinque</span> <span class='ocrx_word' id='word_1_510' title='bbox 1827 867 1999 911; x_wconf 78' lang='lat' dir='ltr'>cubitos</span> <span class='ocrx_word' id='word_1_511' title='bbox 2023 865 2276 917; x_wconf 85' lang='lat' dir='ltr'>latitudinis,</span> <span class='ocrx_word' id='word_1_512' title='bbox 2303 870 2344 908; x_wconf 84' lang='lat' dir='ltr'>et</span> <span class='ocrx_word' id='word_1_513' title='bbox 2365 863 2641 921; x_wconf 75' lang='lat' dir='ltr'>tantumdem</span> <span class='ocrx_word' id='word_1_514' title='bbox 2661 861 2864 922; x_wconf 77' lang='lat' dir='ltr'>longitu-,</span> 
     </span>
     <span class='ocr_line' id='line_1_74' title="bbox 1598 928 2850 998; baseline -0.007 -11"><span class='ocrx_word' id='word_1_515' title='bbox 1598 943 1728 993; x_wconf 87' lang='lat' dir='ltr'>dinis,</span> <span class='ocrx_word' id='word_1_516' title='bbox 1753 949 1797 985; x_wconf 88' lang='lat' dir='ltr'>et</span> <span class='ocrx_word' id='word_1_517' title='bbox 1811 941 2060 998; x_wconf 82' lang='lat' dir='ltr'>quindecim</span> <span class='ocrx_word' id='word_1_518' title='bbox 2089 928 2134 983; x_wconf 87' lang='lat' dir='ltr'>in</span> <span class='ocrx_word' id='word_1_519' title='bbox 2154 939 2396 983; x_wconf 84' lang='lat' dir='ltr'>altitudine.</span> <span class='ocrx_word' id='word_1_520' title='bbox 2434 935 2749 993; x_wconf 83' lang='lat' dir='ltr'>Ingressusque</span> <span class='ocrx_word' id='word_1_521' title='bbox 2776 947 2850 981; x_wconf 78' lang='lat' dir='ltr'>ea-</span> 
     </span>
     <span class='ocr_line' id='line_1_75' title="bbox 1597 1006 2860 1068; baseline -0.003 -9"><span class='ocrx_word' id='word_1_522' title='bbox 1597 1028 1694 1059; x_wconf 86' lang='lat' dir='ltr'>rum</span> <span class='ocrx_word' id='word_1_523' title='bbox 1725 1016 1781 1057; x_wconf 86' lang='lat' dir='ltr'>ita</span> <span class='ocrx_word' id='word_1_524' title='bbox 1809 1015 1911 1059; x_wconf 85' lang='lat' dir='ltr'>i&#39;ecit</span> <span class='ocrx_word' id='word_1_525' title='bbox 1933 1012 2192 1064; x_wconf 75' lang='lat' dir='ltr'>adinvicem,</span> <span class='ocrx_word' id='word_1_526' title='bbox 2219 1018 2266 1054; x_wconf 91' lang='lat' dir='ltr'>ut</span> <span class='ocrx_word' id='word_1_527' title='bbox 2288 1024 2339 1054; x_wconf 83' lang='lat' dir='ltr'>ex</span> <span class='ocrx_word' id='word_1_528' title='bbox 2374 1010 2456 1053; x_wconf 88' lang='lat' dir='ltr'>alia</span> <span class='ocrx_word' id='word_1_529' title='bbox 2481 1009 2780 1066; x_wconf 79' lang='lat' dir='ltr'>ingrederetur</span> <span class='ocrx_word' id='word_1_530' title='bbox 2791 1006 2860 1068; x_wconf 39' lang='lat' dir='ltr'>ad,</span> 
     </span>
     <span class='ocr_line' id='line_1_76' title="bbox 1599 1070 2852 1144; baseline -0.006 -12"><span class='ocrx_word' id='word_1_531' title='bbox 1599 1090 1748 1140; x_wconf 88' lang='lat' dir='ltr'>aliam,</span> <span class='ocrx_word' id='word_1_532' title='bbox 1777 1089 1922 1144; x_wconf 87' lang='lat' dir='ltr'>aliquo</span> <span class='ocrx_word' id='word_1_533' title='bbox 1947 1085 2089 1143; x_wconf 84' lang='lat' dir='ltr'>spatio</span> <span class='ocrx_word' id='word_1_534' title='bbox 2115 1084 2390 1142; x_wconf 88' lang='lat' dir='ltr'>interposito.</span> <span class='ocrx_word' id='word_1_535' title='bbox 2414 1081 2468 1126; x_wconf 80' lang='lat' dir='ltr'>Et</span> <span class='ocrx_word' id='word_1_536' title='bbox 2501 1094 2630 1138; x_wconf 81' lang='lat' dir='ltr'>supra</span> <span class='ocrx_word' id='word_1_537' title='bbox 2652 1094 2726 1126; x_wconf 88' lang='lat' dir='ltr'>eas</span> <span class='ocrx_word' id='word_1_538' title='bbox 2747 1070 2852 1126; x_wconf 78' lang='lat' dir='ltr'>aedi.-</span> 
     </span>
     <span class='ocr_line' id='line_1_77' title="bbox 1601 1155 2851 1212; baseline -0.004 -10"><span class='ocrx_word' id='word_1_539' title='bbox 1601 1159 1738 1204; x_wconf 83' lang='lat' dir='ltr'>licatae</span> <span class='ocrx_word' id='word_1_540' title='bbox 1753 1164 1879 1203; x_wconf 87' lang='lat' dir='ltr'>erant</span> <span class='ocrx_word' id='word_1_541' title='bbox 1898 1158 1994 1202; x_wconf 84' lang='lat' dir='ltr'>aliae</span> <span class='ocrx_word' id='word_1_542' title='bbox 2026 1157 2214 1212; x_wconf 84' lang='lat' dir='ltr'>aequales</span> <span class='ocrx_word' id='word_1_543' title='bbox 2247 1157 2327 1203; x_wconf 74' lang='lat' dir='ltr'>eis,</span> <span class='ocrx_word' id='word_1_544' title='bbox 2363 1161 2405 1198; x_wconf 89' lang='lat' dir='ltr'>ct</span> <span class='ocrx_word' id='word_1_545' title='bbox 2444 1155 2676 1205; x_wconf 85' lang='lat' dir='ltr'>mensuris,</span> <span class='ocrx_word' id='word_1_546' title='bbox 2703 1155 2851 1199; x_wconf 81' lang='lat' dir='ltr'>etnu-</span> 
     </span>
     <span class='ocr_line' id='line_1_78' title="bbox 1602 1226 2856 1283; baseline -0.003 -11"><span class='ocrx_word' id='word_1_547' title='bbox 1602 1243 1745 1283; x_wconf 81' lang='lat' dir='ltr'>mero,</span> <span class='ocrx_word' id='word_1_548' title='bbox 1772 1230 1829 1274; x_wconf 86' lang='lat' dir='ltr'>ita</span> <span class='ocrx_word' id='word_1_549' title='bbox 1856 1235 1907 1273; x_wconf 80' lang='lat' dir='ltr'>ut</span> <span class='ocrx_word' id='word_1_550' title='bbox 1939 1229 2077 1272; x_wconf 78' lang='lat' dir='ltr'>latera</span> <span class='ocrx_word' id='word_1_551' title='bbox 2102 1227 2252 1283; x_wconf 86' lang='lat' dir='ltr'>templi</span> <span class='ocrx_word' id='word_1_552' title='bbox 2282 1227 2365 1270; x_wconf 88' lang='lat' dir='ltr'>tria</span> <span class='ocrx_word' id='word_1_553' title='bbox 2399 1238 2476 1283; x_wconf 85' lang='lat' dir='ltr'>per</span> <span class='ocrx_word' id='word_1_554' title='bbox 2515 1226 2745 1269; x_wconf 87' lang='lat' dir='ltr'>circuitum</span> <span class='ocrx_word' id='word_1_555' title='bbox 2787 1227 2856 1268; x_wconf 62' lang='lat' dir='ltr'>tea</span> 
     </span>
    </p>
   </div>
   <div class='ocr_carea' id='block_1_17' title="bbox 1602 1369 2881 2740">
    <p class='ocr_par' dir='ltr' id='par_1_18' title="bbox 1602 1369 2873 1803">
     <span class='ocr_line' id='line_1_79' title="bbox 1602 1369 2855 1432; baseline -0.009 -10"><span class='ocrx_word' id='word_1_556' title='bbox 1602 1378 1796 1422; x_wconf 83' lang='lat' dir='ltr'>exterius</span> <span class='ocrx_word' id='word_1_557' title='bbox 1827 1378 1860 1420; x_wconf 68' lang='lat'>⁶.</span> <span class='ocrx_word' id='word_1_558' title='bbox 1883 1375 2073 1432; x_wconf 80' lang='lat' dir='ltr'>Reliqua</span> <span class='ocrx_word' id='word_1_559' title='bbox 2110 1384 2213 1420; x_wconf 71' lang='lat' dir='ltr'>vero</span> <span class='ocrx_word' id='word_1_560' title='bbox 2242 1384 2343 1428; x_wconf 86' lang='lat' dir='ltr'>pars</span> <span class='ocrx_word' id='word_1_561' title='bbox 2377 1372 2526 1430; x_wconf 83' lang='lat' dir='ltr'>templi</span> <span class='ocrx_word' id='word_1_562' title='bbox 2545 1370 2743 1427; x_wconf 82' lang='lat' dir='ltr'>superior</span> <span class='ocrx_word' id='word_1_563' title='bbox 2765 1369 2855 1430; x_wconf 63' lang='lat' dir='ltr'>cir-</span> 
     </span>
     <span class='ocr_line' id='line_1_80' title="bbox 1603 1436 2854 1502; baseline -0.006 -8"><span class='ocrx_word' id='word_1_564' title='bbox 1603 1450 1912 1496; x_wconf 81' lang='lat' dir='ltr'>cumaediticata</span> <span class='ocrx_word' id='word_1_565' title='bbox 1961 1461 2054 1494; x_wconf 92' lang='lat' dir='ltr'>non</span> <span class='ocrx_word' id='word_1_566' title='bbox 2092 1454 2214 1501; x_wconf 87' lang='lat' dir='ltr'>erat,</span> <span class='ocrx_word' id='word_1_567' title='bbox 2243 1447 2319 1493; x_wconf 88' lang='lat' dir='ltr'>sed</span> <span class='ocrx_word' id='word_1_568' title='bbox 2351 1448 2488 1491; x_wconf 85' lang='lat' dir='ltr'>libere</span> <span class='ocrx_word' id='word_1_569' title='bbox 2510 1443 2647 1489; x_wconf 86' lang='lat' dir='ltr'>videri</span> <span class='ocrx_word' id='word_1_570' title='bbox 2671 1436 2854 1502; x_wconf 55' lang='lat' dir='ltr'>poterat,</span> 
     </span>
     <span class='ocr_line' id='line_1_81' title="bbox 1603 1517 2873 1579; baseline -0.006 -12"><span class='ocrx_word' id='word_1_571' title='bbox 1603 1523 1697 1568; x_wconf 86' lang='lat' dir='ltr'>Non</span> <span class='ocrx_word' id='word_1_572' title='bbox 1722 1524 1898 1568; x_wconf 80' lang='lat' dir='ltr'>fuerunt</span> <span class='ocrx_word' id='word_1_573' title='bbox 1919 1523 1987 1568; x_wconf 85' lang='lat' dir='ltr'>hae</span> <span class='ocrx_word' id='word_1_574' title='bbox 2026 1522 2300 1570; x_wconf 83' lang='lat' dir='ltr'>domunculae</span> <span class='ocrx_word' id='word_1_575' title='bbox 2339 1519 2634 1579; x_wconf 82' lang='lat' dir='ltr'>pastophoria,</span> <span class='ocrx_word' id='word_1_576' title='bbox 2653 1517 2720 1561; x_wconf 83' lang='lat' dir='ltr'>vel</span> <span class='ocrx_word' id='word_1_577' title='bbox 2755 1526 2873 1568; x_wconf 37' lang='lat' dir='ltr'>exe&amp;</span> 
     </span>
     <span class='ocr_line' id='line_1_82' title="bbox 1604 1594 2856 1656; baseline -0.004 -13"><span class='ocrx_word' id='word_1_578' title='bbox 1604 1602 1710 1653; x_wconf 59' lang='grc' dir='ltr'>ὼε,</span> <span class='ocrx_word' id='word_1_579' title='bbox 1738 1606 1787 1644; x_wconf 85' lang='grc' dir='ltr'>ιιι</span> <span class='ocrx_word' id='word_1_580' title='bbox 1808 1597 1983 1656; x_wconf 88' lang='lat' dir='ltr'>quidam</span> <span class='ocrx_word' id='word_1_581' title='bbox 2017 1604 2186 1656; x_wconf 88' lang='lat' dir='ltr'>putant,</span> <span class='ocrx_word' id='word_1_582' title='bbox 2213 1596 2268 1642; x_wconf 82' lang='lat' dir='ltr'>de</span> <span class='ocrx_word' id='word_1_583' title='bbox 2295 1596 2455 1653; x_wconf 84' lang='lat' dir='ltr'>quibus</span> <span class='ocrx_word' id='word_1_584' title='bbox 2477 1602 2625 1651; x_wconf 85' lang='lat' dir='ltr'>postea</span> <span class='ocrx_word' id='word_1_585' title='bbox 2643 1594 2856 1646; x_wconf 86' lang='lat' dir='ltr'>dicemus,</span> 
     </span>
     <span class='ocr_line' id='line_1_83' title="bbox 1605 1667 2855 1723; baseline -0.008 -5"><span class='ocrx_word' id='word_1_586' title='bbox 1605 1674 1679 1718; x_wconf 89' lang='lat' dir='ltr'>sed</span> <span class='ocrx_word' id='word_1_587' title='bbox 1702 1674 1875 1718; x_wconf 81' lang='lat' dir='ltr'>suerunt</span> <span class='ocrx_word' id='word_1_588' title='bbox 1887 1671 2065 1723; x_wconf 79' lang='lat' dir='ltr'>cubilia,</span> <span class='ocrx_word' id='word_1_589' title='bbox 2086 1680 2129 1715; x_wconf 85' lang='lat' dir='ltr'>et</span> <span class='ocrx_word' id='word_1_590' title='bbox 2149 1670 2377 1714; x_wconf 83' lang='lat' dir='ltr'>coenacula</span> <span class='ocrx_word' id='word_1_591' title='bbox 2400 1667 2855 1719; x_wconf 71' lang='lat' dir='ltr'>hebdomadariorum,</span> 
     </span>
     <span class='ocr_line' id='line_1_84' title="bbox 1604 1740 2665 1803; baseline -0.008 -13"><span class='ocrx_word' id='word_1_592' title='bbox 1604 1755 1646 1790; x_wconf 82' lang='lat' dir='ltr'>ct</span> <span class='ocrx_word' id='word_1_593' title='bbox 1673 1746 1980 1803; x_wconf 62' lang='lat' dir='ltr'>gazophylacia</span> <span class='ocrx_word' id='word_1_594' title='bbox 2002 1757 2204 1790; x_wconf 87' lang='lat' dir='ltr'>vasorum</span> <span class='ocrx_word' id='word_1_595' title='bbox 2221 1749 2263 1789; x_wconf 88' lang='lat' dir='ltr'>et</span> <span class='ocrx_word' id='word_1_596' title='bbox 2287 1743 2470 1793; x_wconf 85' lang='lat' dir='ltr'>vestium</span> <span class='ocrx_word' id='word_1_597' title='bbox 2497 1740 2665 1795; x_wconf 84' lang='lat' dir='ltr'>templi.</span> 
     </span>
    </p>

    <p class='ocr_par' dir='ltr' id='par_1_19' title="bbox 1605 1809 2881 2740">
     <span class='ocr_line' id='line_1_85' title="bbox 1664 1809 2857 1869; baseline -0.008 -6"><span class='ocrx_word' id='word_1_598' title='bbox 1664 1825 1677 1840; x_wconf 84' lang='grc'><em>·</em></span> <span class='ocrx_word' id='word_1_599' title='bbox 1696 1819 1886 1863; x_wconf 68' lang='lat' dir='ltr'>Addicto.</span> <span class='ocrx_word' id='word_1_600' title='bbox 1915 1819 1954 1862; x_wconf 78' lang='lat' dir='ltr'>l.</span> <span class='ocrx_word' id='word_1_601' title='bbox 1991 1816 2038 1861; x_wconf 84' lang='lat' dir='ltr'>Si</span> <span class='ocrx_word' id='word_1_602' title='bbox 2065 1817 2180 1861; x_wconf 82' lang='lat' dir='ltr'>enim</span> <span class='ocrx_word' id='word_1_603' title='bbox 2220 1816 2411 1861; x_wconf 84' lang='lat' dir='ltr'>exterior</span> <span class='ocrx_word' id='word_1_604' title='bbox 2443 1812 2666 1869; x_wconf 81' lang='lat' dir='ltr'>longitudo</span> <span class='ocrx_word' id='word_1_605' title='bbox 2708 1809 2857 1866; x_wconf 74' lang='lat' dir='ltr'>tempti</span> 
     </span>
     <span class='ocr_line' id='line_1_86' title="bbox 1607 1882 2860 1950; baseline -0.01 -11"><span class='ocrx_word' id='word_1_606' title='bbox 1607 1895 1687 1939; x_wconf 78' lang='lat' dir='ltr'>suit</span> <span class='ocrx_word' id='word_1_607' title='bbox 1706 1902 1876 1938; x_wconf 87' lang='lat' dir='ltr'>tantum</span> <span class='ocrx_word' id='word_1_608' title='bbox 1901 1890 2191 1949; x_wconf 80' lang='lat' dir='ltr'>quadraginta</span> <span class='ocrx_word' id='word_1_609' title='bbox 2218 1890 2481 1950; x_wconf 84' lang='lat' dir='ltr'>cubitorum,</span> <span class='ocrx_word' id='word_1_610' title='bbox 2511 1893 2556 1930; x_wconf 84' lang='lat' dir='ltr'>et</span> <span class='ocrx_word' id='word_1_611' title='bbox 2577 1884 2762 1929; x_wconf 89' lang='lat' dir='ltr'>latitudo</span> <span class='ocrx_word' id='word_1_612' title='bbox 2779 1882 2860 1927; x_wconf 78' lang='lat' dir='ltr'>tri·</span> 
     </span>
     <span class='ocr_line' id='line_1_87' title="bbox 1605 1955 2870 2024; baseline -0.009 -14"><span class='ocrx_word' id='word_1_613' title='bbox 1605 1968 1743 2024; x_wconf 77' lang='lat' dir='ltr'>ginta,</span> <span class='ocrx_word' id='word_1_614' title='bbox 1771 1972 1877 2010; x_wconf 88' lang='lat' dir='ltr'>tuuc</span> <span class='ocrx_word' id='word_1_615' title='bbox 1902 1964 2092 2008; x_wconf 83' lang='lat' dir='ltr'>ambitus</span> <span class='ocrx_word' id='word_1_616' title='bbox 2118 1963 2246 2006; x_wconf 89' lang='lat' dir='ltr'>trium</span> <span class='ocrx_word' id='word_1_617' title='bbox 2272 1972 2494 2004; x_wconf 89' lang='lat' dir='ltr'>murorum</span> <span class='ocrx_word' id='word_1_618' title='bbox 2523 1955 2671 2002; x_wconf 84' lang='lat' dir='ltr'>habuit</span> <span class='ocrx_word' id='word_1_619' title='bbox 2691 1962 2870 2003; x_wconf 56' lang='lat' dir='ltr'>tantum.</span> 
     </span>
     <span class='ocr_line' id='line_1_88' title="bbox 1606 2031 2859 2095; baseline -0.01 -11"><span class='ocrx_word' id='word_1_620' title='bbox 1606 2046 1779 2086; x_wconf 87' lang='lat' dir='ltr'>centum</span> <span class='ocrx_word' id='word_1_621' title='bbox 1801 2037 2089 2095; x_wconf 74' lang='lat' dir='ltr'>quadraginta</span> <span class='ocrx_word' id='word_1_622' title='bbox 2108 2034 2296 2086; x_wconf 85' lang='lat' dir='ltr'>cubitos,</span> <span class='ocrx_word' id='word_1_623' title='bbox 2337 2034 2391 2078; x_wconf 87' lang='lat' dir='ltr'>ad</span> <span class='ocrx_word' id='word_1_624' title='bbox 2409 2045 2536 2090; x_wconf 84' lang='lat' dir='ltr'>quem</span> <span class='ocrx_word' id='word_1_625' title='bbox 2581 2031 2859 2087; x_wconf 82' lang='lat' dir='ltr'>ambiendum</span> 
     </span>
     <span class='ocr_line' id='line_1_89' title="bbox 1608 2107 2861 2166; baseline -0.004 -9"><span class='ocrx_word' id='word_1_626' title='bbox 1608 2112 1855 2158; x_wconf 81' lang='lat' dir='ltr'>sufficerent</span> <span class='ocrx_word' id='word_1_627' title='bbox 1885 2110 2160 2154; x_wconf 65' lang='lat' dir='ltr'>domunculae</span> <span class='ocrx_word' id='word_1_628' title='bbox 2182 2107 2336 2164; x_wconf 76' lang='lat' dir='ltr'>viginti</span> <span class='ocrx_word' id='word_1_629' title='bbox 2377 2113 2478 2151; x_wconf 78' lang='lat' dir='ltr'>octo</span> <span class='ocrx_word' id='word_1_630' title='bbox 2498 2111 2599 2165; x_wconf 83' lang='lat' dir='ltr'>quia</span> <span class='ocrx_word' id='word_1_631' title='bbox 2630 2108 2861 2166; x_wconf 77' lang='lat' dir='ltr'>quinquies</span> 
     </span>
     <span class='ocr_line' id='line_1_90' title="bbox 1606 2181 2863 2244; baseline -0.003 -14"><span class='ocrx_word' id='word_1_632' title='bbox 1606 2186 1758 2244; x_wconf 75' lang='lat' dir='ltr'>viginti</span> <span class='ocrx_word' id='word_1_633' title='bbox 1769 2189 1867 2229; x_wconf 89' lang='lat' dir='ltr'>octo</span> <span class='ocrx_word' id='word_1_634' title='bbox 1886 2183 2053 2228; x_wconf 76' lang='lat' dir='ltr'>faciunt</span> <span class='ocrx_word' id='word_1_635' title='bbox 2071 2189 2245 2227; x_wconf 77' lang='lat' dir='ltr'>centuni</span> <span class='ocrx_word' id='word_1_636' title='bbox 2266 2182 2568 2239; x_wconf 78' lang='lat' dir='ltr'>quadraginta.</span> <span class='ocrx_word' id='word_1_637' title='bbox 2589 2181 2863 2227; x_wconf 80' lang='lat' dir='ltr'>Credendum</span> 
     </span>
     <span class='ocr_line' id='line_1_91' title="bbox 1607 2243 2875 2312; baseline -0.005 -9"><span class='ocrx_word' id='word_1_638' title='bbox 1607 2263 1673 2303; x_wconf 84' lang='lat' dir='ltr'>est</span> <span class='ocrx_word' id='word_1_639' title='bbox 1691 2262 1835 2300; x_wconf 85' lang='lat' dir='ltr'>autem</span> <span class='ocrx_word' id='word_1_640' title='bbox 1876 2254 1992 2312; x_wconf 79' lang='lat' dir='ltr'>quod</span> <span class='ocrx_word' id='word_1_641' title='bbox 2012 2254 2216 2311; x_wconf 79' lang='lat' dir='ltr'>&#39;praedicta</span> <span class='ocrx_word' id='word_1_642' title='bbox 2241 2253 2461 2309; x_wconf 81' lang='lat' dir='ltr'>quantitas</span> <span class='ocrx_word' id='word_1_643' title='bbox 2479 2243 2626 2311; x_wconf 87' lang='lat' dir='ltr'>templi</span> <span class='ocrx_word' id='word_1_644' title='bbox 2650 2252 2730 2297; x_wconf 74' lang='lat' dir='ltr'>fuit</span> <span class='ocrx_word' id='word_1_645' title='bbox 2750 2254 2875 2311; x_wconf 37' lang='lat' dir='ltr'>inter„</span> 
     </span>
     <span class='ocr_line' id='line_1_92' title="bbox 1608 2327 2864 2379; baseline -0.004 -3"><span class='ocrx_word' id='word_1_646' title='bbox 1608 2343 1756 2376; x_wconf 87' lang='lat' dir='ltr'>muros</span> <span class='ocrx_word' id='word_1_647' title='bbox 1780 2330 2064 2379; x_wconf 82' lang='lat' dir='ltr'>intrinsecus,</span> <span class='ocrx_word' id='word_1_648' title='bbox 2102 2336 2142 2371; x_wconf 89' lang='lat' dir='ltr'>ct</span> <span class='ocrx_word' id='word_1_649' title='bbox 2167 2339 2319 2371; x_wconf 81' lang='lat' dir='ltr'>murus</span> <span class='ocrx_word' id='word_1_650' title='bbox 2341 2327 2492 2370; x_wconf 79' lang='lat' dir='ltr'>habuit</span> <span class='ocrx_word' id='word_1_651' title='bbox 2523 2327 2670 2378; x_wconf 85' lang='lat' dir='ltr'>decem</span> <span class='ocrx_word' id='word_1_652' title='bbox 2692 2327 2864 2371; x_wconf 82' lang='lat' dir='ltr'>cubitus</span> 
     </span>
     <span class='ocr_line' id='line_1_93' title="bbox 1615 2398 2862 2459; baseline -0.005 -10"><span class='ocrx_word' id='word_1_653' title='bbox 1615 2402 1872 2450; x_wconf 81' lang='lat' dir='ltr'>latitudiuis.</span> <span class='ocrx_word' id='word_1_654' title='bbox 1905 2402 2017 2459; x_wconf 80' lang='lat' dir='ltr'>Ergo</span> <span class='ocrx_word' id='word_1_655' title='bbox 2037 2399 2259 2459; x_wconf 79' lang='lat' dir='ltr'>longitudo</span> <span class='ocrx_word' id='word_1_656' title='bbox 2277 2406 2465 2445; x_wconf 74' lang='lat' dir='ltr'>exterior</span> <span class='ocrx_word' id='word_1_657' title='bbox 2486 2401 2566 2444; x_wconf 83' lang='lat' dir='ltr'>suit</span> <span class='ocrx_word' id='word_1_658' title='bbox 2589 2398 2862 2456; x_wconf 78' lang='lat' dir='ltr'>septuaginta</span> 
     </span>
     <span class='ocr_line' id='line_1_94' title="bbox 1615 2472 2861 2530; baseline -0.005 -9"><span class='ocrx_word' id='word_1_659' title='bbox 1615 2475 1860 2521; x_wconf 83' lang='lat' dir='ltr'>cubitorum</span> <span class='ocrx_word' id='word_1_660' title='bbox 1880 2475 1979 2518; x_wconf 88' lang='lat' dir='ltr'>binc</span> <span class='ocrx_word' id='word_1_661' title='bbox 2005 2479 2047 2518; x_wconf 89' lang='lat' dir='ltr'>et</span> <span class='ocrx_word' id='word_1_662' title='bbox 2087 2472 2205 2521; x_wconf 84' lang='lat' dir='ltr'>inde,</span> <span class='ocrx_word' id='word_1_663' title='bbox 2235 2472 2418 2516; x_wconf 78' lang='lat' dir='ltr'>latitudo</span> <span class='ocrx_word' id='word_1_664' title='bbox 2447 2472 2728 2518; x_wconf 84' lang='lat' dir='ltr'>occidentalis</span> <span class='ocrx_word' id='word_1_665' title='bbox 2749 2484 2861 2530; x_wconf 77' lang='lat' dir='ltr'>qua·</span> 
     </span>
     <span class='ocr_line' id='line_1_95' title="bbox 1609 2544 2864 2607; baseline -0.005 -15"><span class='ocrx_word' id='word_1_666' title='bbox 1609 2549 1806 2604; x_wconf 80' lang='lat' dir='ltr'>draginta</span> <span class='ocrx_word' id='word_1_667' title='bbox 1822 2548 1895 2604; x_wconf 90' lang='lat' dir='ltr'>qui</span> <span class='ocrx_word' id='word_1_668' title='bbox 1919 2547 2269 2607; x_wconf 74' lang='lat' dir='ltr'>faciuntcentum</span> <span class='ocrx_word' id='word_1_669' title='bbox 2299 2546 2534 2602; x_wconf 72' lang='lat' dir='ltr'>octoginta.</span> <span class='ocrx_word' id='word_1_670' title='bbox 2562 2544 2624 2587; x_wconf 66' lang='lat' dir='ltr'>Ad</span> <span class='ocrx_word' id='word_1_671' title='bbox 2642 2557 2752 2602; x_wconf 81' lang='lat' dir='ltr'>quos</span> <span class='ocrx_word' id='word_1_672' title='bbox 2780 2545 2864 2590; x_wconf 77' lang='lat' dir='ltr'>&#39;rm-</span> 
     </span>
     <span class='ocr_line' id='line_1_96' title="bbox 1610 2618 2881 2679; baseline 0 -15"><span class='ocrx_word' id='word_1_673' title='bbox 1610 2622 1790 2679; x_wconf 89' lang='lat' dir='ltr'>plendos</span> <span class='ocrx_word' id='word_1_674' title='bbox 1826 2621 2083 2665; x_wconf 83' lang='lat' dir='ltr'>necessariae</span> <span class='ocrx_word' id='word_1_675' title='bbox 2126 2626 2273 2666; x_wconf 86' lang='lat' dir='ltr'>essent</span> <span class='ocrx_word' id='word_1_676' title='bbox 2294 2620 2471 2676; x_wconf 80' lang='lat' dir='ltr'>triginta</span> <span class='ocrx_word' id='word_1_677' title='bbox 2493 2632 2566 2665; x_wconf 79' lang='lat' dir='ltr'>sex</span> <span class='ocrx_word' id='word_1_678' title='bbox 2591 2618 2881 2664; x_wconf 38' lang='lat' dir='ltr'>domtmculae.</span> 
     </span>
     <span class='ocr_line' id='line_1_97' title="bbox 1610 2695 2068 2740; baseline -0.004 0"><span class='ocrx_word' id='word_1_679' title='bbox 1610 2698 1647 2740; x_wconf 88' lang='lat' dir='ltr'>si</span> <span class='ocrx_word' id='word_1_680' title='bbox 1667 2695 1883 2739; x_wconf 67' lang='lat' dir='ltr'>continuae</span> <span class='ocrx_word' id='word_1_681' title='bbox 1906 2702 2068 2740; x_wconf 83' lang='lat' dir='ltr'>essent.</span> 
     </span>
    </p>
   </div>
   <div class='ocr_carea' id='block_1_18' title="bbox 1854 2782 2614 2829">
    <p class='ocr_par' dir='ltr' id='par_1_20' title="bbox 1854 2782 2614 2829">
     <span class='ocr_line' id='line_1_98' title="bbox 1854 2782 2614 2829; baseline 0.001 -1"><span class='ocrx_word' id='word_1_682' title='bbox 1854 2782 1957 2828; x_wconf 60' lang='lat' dir='ltr'>Car.</span> <span class='ocrx_word' id='word_1_683' title='bbox 1987 2783 2093 2828; x_wconf 75' lang='lat' dir='ltr'>xiv.</span> <span class='ocrx_word' id='word_1_684' title='bbox 2121 2784 2189 2828; x_wconf 71' lang='lat' dir='ltr'>De</span> <span class='ocrx_word' id='word_1_685' title='bbox 2203 2785 2314 2828; x_wconf 66' lang='lat' dir='ltr'>atrio</span> <span class='ocrx_word' id='word_1_686' title='bbox 2331 2784 2614 2829; x_wconf 71' lang='lat' dir='ltr'>sacerdotum.</span> 
     </span>
    </p>
   </div>
   <div class='ocr_carea' id='block_1_19' title="bbox 1613 2888 2866 3818">
    <p class='ocr_par' dir='ltr' id='par_1_21' title="bbox 1613 2888 2866 3818">
     <span class='ocr_line' id='line_1_99' title="bbox 1674 2888 2863 2936; baseline 0.003 -4"><span class='ocrx_word' id='word_1_687' title='bbox 1674 2891 1721 2932; x_wconf 73' lang='lat' dir='ltr'>Et</span> <span class='ocrx_word' id='word_1_688' title='bbox 1746 2888 1977 2934; x_wconf 75' lang='lat' dir='ltr'>aedificavit</span> <span class='ocrx_word' id='word_1_689' title='bbox 2001 2891 2158 2936; x_wconf 83' lang='lat' dir='ltr'>atrium</span> <span class='ocrx_word' id='word_1_690' title='bbox 2180 2890 2365 2935; x_wconf 82' lang='lat' dir='ltr'>interius</span> <span class='ocrx_word' id='word_1_691' title='bbox 2380 2891 2523 2935; x_wconf 77' lang='lat' dir='ltr'>tribus</span> <span class='ocrx_word' id='word_1_692' title='bbox 2545 2888 2773 2936; x_wconf 82' lang='lat' dir='ltr'>ordinibus</span> <span class='ocrx_word' id='word_1_693' title='bbox 2797 2891 2863 2935; x_wconf 80' lang='lat' dir='ltr'>la-</span> 
     </span>
     <span class='ocr_line' id='line_1_100' title="bbox 1613 2963 2864 3020; baseline 0.002 -16"><span class='ocrx_word' id='word_1_694' title='bbox 1613 2964 1758 3018; x_wconf 82' lang='lat' dir='ltr'>pidum</span> <span class='ocrx_word' id='word_1_695' title='bbox 1794 2963 2050 3019; x_wconf 87' lang='lat' dir='ltr'>politorum,</span> <span class='ocrx_word' id='word_1_696' title='bbox 2097 2969 2140 3007; x_wconf 90' lang='lat' dir='ltr'>et</span> <span class='ocrx_word' id='word_1_697' title='bbox 2168 2977 2255 3007; x_wconf 89' lang='lat' dir='ltr'>uno</span> <span class='ocrx_word' id='word_1_698' title='bbox 2302 2964 2452 3008; x_wconf 85' lang='lat' dir='ltr'>ordine</span> <span class='ocrx_word' id='word_1_699' title='bbox 2487 2964 2701 3020; x_wconf 83' lang='lat' dir='ltr'>lignorum</span> <span class='ocrx_word' id='word_1_700' title='bbox 2741 2965 2864 3008; x_wconf 84' lang='lat' dir='ltr'>cedri</span> 
     </span>
     <span class='ocr_line' id='line_1_101' title="bbox 1614 3035 2862 3093; baseline 0.002 -15"><span class='ocrx_word' id='word_1_701' title='bbox 1614 3036 1682 3092; x_wconf 72' lang='lat'>(11</span> <span class='ocrx_word' id='word_1_702' title='bbox 1708 3036 1805 3093; x_wconf 65' lang='grc' dir='ltr'>Περ.</span> <span class='ocrx_word' id='word_1_703' title='bbox 1827 3035 1924 3093; x_wconf 83' lang='lat' dir='ltr'>vn).</span> <span class='ocrx_word' id='word_1_704' title='bbox 1965 3035 2102 3080; x_wconf 86' lang='lat' dir='ltr'>Porro</span> <span class='ocrx_word' id='word_1_705' title='bbox 2137 3037 2260 3092; x_wconf 91' lang='lat' dir='ltr'>plura</span> <span class='ocrx_word' id='word_1_706' title='bbox 2278 3036 2454 3080; x_wconf 77' lang='lat' dir='ltr'>suerunt</span> <span class='ocrx_word' id='word_1_707' title='bbox 2481 3037 2591 3081; x_wconf 82' lang='lat' dir='ltr'>atria</span> <span class='ocrx_word' id='word_1_708' title='bbox 2615 3037 2731 3083; x_wconf 83' lang='lat' dir='ltr'>circa</span> <span class='ocrx_word' id='word_1_709' title='bbox 2750 3043 2862 3082; x_wconf 80' lang='lat' dir='ltr'>teni--</span> 
     </span>
     <span class='ocr_line' id='line_1_102' title="bbox 1614 3108 2863 3168; baseline 0 -14"><span class='ocrx_word' id='word_1_710' title='bbox 1614 3113 1748 3167; x_wconf 88' lang='lat' dir='ltr'>plum,</span> <span class='ocrx_word' id='word_1_711' title='bbox 1778 3111 1889 3154; x_wconf 87' lang='lat' dir='ltr'>utin</span> <span class='ocrx_word' id='word_1_712' title='bbox 1915 3110 2082 3166; x_wconf 80' lang='lat' dir='ltr'>psalmo</span> <span class='ocrx_word' id='word_1_713' title='bbox 2118 3111 2306 3168; x_wconf 82' lang='lat' dir='ltr'>legitur:</span> <span class='ocrx_word' id='word_1_714' title='bbox 2329 3128 2342 3152; x_wconf 78' lang='grc' dir='ltr'>ι</span> <span class='ocrx_word' id='word_1_715' title='bbox 2367 3108 2449 3163; x_wconf 86' lang='lat' dir='ltr'>Qui</span> <span class='ocrx_word' id='word_1_716' title='bbox 2482 3111 2609 3156; x_wconf 84' lang='lat' dir='ltr'>statis</span> <span class='ocrx_word' id='word_1_717' title='bbox 2649 3111 2693 3154; x_wconf 94' lang='lat' dir='ltr'>in</span> <span class='ocrx_word' id='word_1_718' title='bbox 2732 3111 2863 3157; x_wconf 89' lang='lat' dir='ltr'>domo</span> 
     </span>
     <span class='ocr_line' id='line_1_103' title="bbox 1615 3181 2859 3242; baseline 0.001 -16"><span class='ocrx_word' id='word_1_719' title='bbox 1615 3184 1798 3236; x_wconf 74' lang='lat' dir='ltr'>Domini,</span> <span class='ocrx_word' id='word_1_720' title='bbox 1821 3183 1864 3226; x_wconf 89' lang='lat' dir='ltr'>in</span> <span class='ocrx_word' id='word_1_721' title='bbox 1883 3183 2006 3227; x_wconf 89' lang='lat' dir='ltr'>atriis</span> <span class='ocrx_word' id='word_1_722' title='bbox 2030 3181 2186 3228; x_wconf 85' lang='lat' dir='ltr'>domus</span> <span class='ocrx_word' id='word_1_723' title='bbox 2206 3184 2279 3228; x_wconf 85' lang='lat' dir='ltr'>Dei</span> <span class='ocrx_word' id='word_1_724' title='bbox 2309 3184 2446 3228; x_wconf 84' lang='lat' dir='ltr'>nostri</span> <span class='ocrx_word' id='word_1_725' title='bbox 2474 3183 2611 3241; x_wconf 61' lang='lat' dir='ltr'>(Prot.</span> <span class='ocrx_word' id='word_1_726' title='bbox 2630 3184 2859 3242; x_wconf 76' lang='lat' dir='ltr'>cxxxm).»</span> 
     </span>
     <span class='ocr_line' id='line_1_104' title="bbox 1614 3255 2866 3314; baseline 0.002 -16"><span class='ocrx_word' id='word_1_727' title='bbox 1614 3257 1673 3299; x_wconf 89' lang='lat' dir='ltr'>De</span> <span class='ocrx_word' id='word_1_728' title='bbox 1698 3256 1892 3300; x_wconf 87' lang='lat' dir='ltr'>interiori</span> <span class='ocrx_word' id='word_1_729' title='bbox 1932 3262 2102 3300; x_wconf 84' lang='lat' dir='ltr'>tantum</span> <span class='ocrx_word' id='word_1_730' title='bbox 2149 3257 2260 3300; x_wconf 88' lang='lat' dir='ltr'>atrio</span> <span class='ocrx_word' id='word_1_731' title='bbox 2286 3259 2448 3301; x_wconf 89' lang='lat' dir='ltr'>mentio</span> <span class='ocrx_word' id='word_1_732' title='bbox 2466 3256 2511 3299; x_wconf 80' lang='lat' dir='ltr'>tit</span> <span class='ocrx_word' id='word_1_733' title='bbox 2536 3257 2579 3300; x_wconf 92' lang='lat' dir='ltr'>in</span> <span class='ocrx_word' id='word_1_734' title='bbox 2601 3255 2784 3314; x_wconf 75' lang='lat' dir='ltr'>Regum,</span> <span class='ocrx_word' id='word_1_735' title='bbox 2808 3257 2866 3301; x_wconf 80' lang='lat' dir='ltr'>de</span> 
     </span>
     <span class='ocr_line' id='line_1_105' title="bbox 1613 3326 2862 3384; baseline 0 -12"><span class='ocrx_word' id='word_1_736' title='bbox 1613 3328 1822 3372; x_wconf 82' lang='lat' dir='ltr'>eodemet</span> <span class='ocrx_word' id='word_1_737' title='bbox 1847 3326 1901 3371; x_wconf 82' lang='lat' dir='ltr'>de</span> <span class='ocrx_word' id='word_1_738' title='bbox 1931 3329 2123 3372; x_wconf 80' lang='lat' dir='ltr'>secundo</span> <span class='ocrx_word' id='word_1_739' title='bbox 2145 3334 2302 3371; x_wconf 76' lang='lat' dir='ltr'>tractat</span> <span class='ocrx_word' id='word_1_740' title='bbox 2329 3327 2558 3384; x_wconf 69' lang='lat' dir='ltr'>losephus.</span> <span class='ocrx_word' id='word_1_741' title='bbox 2595 3327 2678 3372; x_wconf 84' lang='lat' dir='ltr'>Sed</span> <span class='ocrx_word' id='word_1_742' title='bbox 2706 3334 2862 3383; x_wconf 76' lang='lat' dir='ltr'>praeter</span> 
     </span>
     <span class='ocr_line' id='line_1_106' title="bbox 1615 3399 2861 3458; baseline 0.002 -14"><span class='ocrx_word' id='word_1_743' title='bbox 1615 3402 1706 3446; x_wconf 82' lang='lat' dir='ltr'>haec</span> <span class='ocrx_word' id='word_1_744' title='bbox 1732 3401 1818 3445; x_wconf 86' lang='lat' dir='ltr'>duo</span> <span class='ocrx_word' id='word_1_745' title='bbox 1855 3400 1984 3445; x_wconf 81' lang='lat' dir='ltr'>etiam</span> <span class='ocrx_word' id='word_1_746' title='bbox 2011 3400 2183 3444; x_wconf 72' lang='lat' dir='ltr'>suerunt</span> <span class='ocrx_word' id='word_1_747' title='bbox 2206 3401 2289 3444; x_wconf 85' lang='lat' dir='ltr'>alia</span> <span class='ocrx_word' id='word_1_748' title='bbox 2316 3403 2418 3445; x_wconf 84' lang='lat' dir='ltr'>duo.</span> <span class='ocrx_word' id='word_1_749' title='bbox 2459 3399 2594 3458; x_wconf 77' lang='lat' dir='ltr'>igitur</span> <span class='ocrx_word' id='word_1_750' title='bbox 2617 3403 2773 3446; x_wconf 84' lang='lat' dir='ltr'>atrium</span> <span class='ocrx_word' id='word_1_751' title='bbox 2794 3403 2861 3446; x_wconf 89' lang='lat' dir='ltr'>in-</span> 
     </span>
     <span class='ocr_line' id='line_1_107' title="bbox 1616 3475 2862 3531; baseline 0.002 -14"><span class='ocrx_word' id='word_1_752' title='bbox 1616 3475 1767 3528; x_wconf 72' lang='lat' dir='ltr'>terius,</span> <span class='ocrx_word' id='word_1_753' title='bbox 1795 3482 1888 3519; x_wconf 85' lang='lat' dir='ltr'>crat</span> <span class='ocrx_word' id='word_1_754' title='bbox 1913 3475 2051 3531; x_wconf 84' lang='lat' dir='ltr'>platea</span> <span class='ocrx_word' id='word_1_755' title='bbox 2078 3475 2254 3530; x_wconf 84' lang='lat' dir='ltr'>grandis</span> <span class='ocrx_word' id='word_1_756' title='bbox 2278 3487 2328 3518; x_wconf 85' lang='lat' dir='ltr'>ex</span> <span class='ocrx_word' id='word_1_757' title='bbox 2348 3476 2463 3519; x_wconf 86' lang='lat' dir='ltr'>omni</span> <span class='ocrx_word' id='word_1_758' title='bbox 2486 3482 2607 3531; x_wconf 86' lang='lat' dir='ltr'>parte</span> <span class='ocrx_word' id='word_1_759' title='bbox 2623 3476 2738 3519; x_wconf 80' lang='lat' dir='ltr'>circa</span> <span class='ocrx_word' id='word_1_760' title='bbox 2752 3481 2862 3521; x_wconf 84' lang='lat' dir='ltr'>tcm-</span> 
     </span>
     <span class='ocr_line' id='line_1_108' title="bbox 1615 3545 2861 3603; baseline 0.003 -15"><span class='ocrx_word' id='word_1_761' title='bbox 1615 3547 1732 3602; x_wconf 86' lang='lat' dir='ltr'>plum</span> <span class='ocrx_word' id='word_1_762' title='bbox 1756 3545 1913 3590; x_wconf 77' lang='lat' dir='ltr'>diffusa</span> <span class='ocrx_word' id='word_1_763' title='bbox 1947 3559 2023 3602; x_wconf 85' lang='lat' dir='ltr'>per</span> <span class='ocrx_word' id='word_1_764' title='bbox 2063 3547 2294 3602; x_wconf 85' lang='lat' dir='ltr'>quadrum,</span> <span class='ocrx_word' id='word_1_765' title='bbox 2319 3560 2414 3603; x_wconf 66' lang='grc' dir='ltr'><strong>(μυε-</strong></span> <span class='ocrx_word' id='word_1_766' title='bbox 2446 3560 2531 3602; x_wconf 84' lang='lat' dir='ltr'>prae</span> <span class='ocrx_word' id='word_1_767' title='bbox 2563 3546 2727 3592; x_wconf 78' lang='lat' dir='ltr'>furibus</span> <span class='ocrx_word' id='word_1_768' title='bbox 2751 3556 2861 3593; x_wconf 85' lang='lat' dir='ltr'>tem-</span> 
     </span>
     <span class='ocr_line' id='line_1_109' title="bbox 1615 3619 2859 3681; baseline 0.005 -20"><span class='ocrx_word' id='word_1_769' title='bbox 1615 3620 1674 3676; x_wconf 84' lang='lat' dir='ltr'>pii</span> <span class='ocrx_word' id='word_1_770' title='bbox 1718 3619 1772 3662; x_wconf 90' lang='lat' dir='ltr'>ad</span> <span class='ocrx_word' id='word_1_771' title='bbox 1797 3620 2007 3664; x_wconf 85' lang='lat' dir='ltr'>orientem</span> <span class='ocrx_word' id='word_1_772' title='bbox 2042 3620 2273 3675; x_wconf 87' lang='lat' dir='ltr'>plurimum</span> <span class='ocrx_word' id='word_1_773' title='bbox 2299 3621 2628 3674; x_wconf 83' lang='lat' dir='ltr'>extendebatur,</span> <span class='ocrx_word' id='word_1_774' title='bbox 2653 3623 2756 3680; x_wconf 86' lang='lat' dir='ltr'>quia</span> <span class='ocrx_word' id='word_1_775' title='bbox 2801 3621 2859 3681; x_wconf 83' lang='lat' dir='ltr'>ibi</span> 
     </span>
     <span class='ocr_line' id='line_1_110' title="bbox 1614 3687 2865 3744; baseline 0.003 -10"><span class='ocrx_word' id='word_1_776' title='bbox 1614 3697 1704 3735; x_wconf 86' lang='lat' dir='ltr'>erat</span> <span class='ocrx_word' id='word_1_777' title='bbox 1728 3691 1863 3736; x_wconf 87' lang='lat' dir='ltr'>altare</span> <span class='ocrx_word' id='word_1_778' title='bbox 1890 3705 2066 3744; x_wconf 72' lang='lat' dir='ltr'>aereum,</span> <span class='ocrx_word' id='word_1_779' title='bbox 2095 3699 2138 3737; x_wconf 90' lang='lat' dir='ltr'>et</span> <span class='ocrx_word' id='word_1_780' title='bbox 2175 3692 2352 3743; x_wconf 88' lang='lat' dir='ltr'>luteres,</span> <span class='ocrx_word' id='word_1_781' title='bbox 2387 3699 2428 3736; x_wconf 86' lang='lat' dir='ltr'>et</span> <span class='ocrx_word' id='word_1_782' title='bbox 2465 3693 2520 3736; x_wconf 88' lang='lat' dir='ltr'>ibi</span> <span class='ocrx_word' id='word_1_783' title='bbox 2556 3687 2865 3738; x_wconf 67' lang='lat' dir='ltr'>ministrabant</span> 
     </span>
     <span class='ocr_line' id='line_1_111' title="bbox 1614 3764 2862 3818; baseline 0.003 -12"><span class='ocrx_word' id='word_1_784' title='bbox 1614 3764 1767 3815; x_wconf 69' lang='lat' dir='ltr'>levitae,</span> <span class='ocrx_word' id='word_1_785' title='bbox 1791 3770 1833 3807; x_wconf 86' lang='lat' dir='ltr'>et</span> <span class='ocrx_word' id='word_1_786' title='bbox 1857 3765 2103 3810; x_wconf 81' lang='lat' dir='ltr'>sacerdotes</span> <span class='ocrx_word' id='word_1_787' title='bbox 2126 3777 2274 3810; x_wconf 82' lang='lat' dir='ltr'>coram</span> <span class='ocrx_word' id='word_1_788' title='bbox 2310 3764 2506 3810; x_wconf 87' lang='lat' dir='ltr'>Domino.</span> <span class='ocrx_word' id='word_1_789' title='bbox 2543 3766 2668 3818; x_wconf 75' lang='lat' dir='ltr'>Circa</span> <span class='ocrx_word' id='word_1_790' title='bbox 2692 3771 2862 3810; x_wconf 84' lang='lat' dir='ltr'>utrum-</span> 
     </span>
    </p>
   </div>
   <div class='ocr_carea' id='block_1_20' title="bbox 1613 3907 2921 4472">
    <p class='ocr_par' dir='ltr' id='par_1_22' title="bbox 1613 3907 2921 4323">
     <span class='ocr_line' id='line_1_112' title="bbox 1613 3907 2859 3964; baseline 0.006 -16"><span class='ocrx_word' id='word_1_791' title='bbox 1613 3907 1786 3950; x_wconf 87' lang='lat' dir='ltr'>cidente</span> <span class='ocrx_word' id='word_1_792' title='bbox 1845 3919 1947 3950; x_wconf 83' lang='lat' dir='ltr'>vero</span> <span class='ocrx_word' id='word_1_793' title='bbox 1982 3909 2193 3962; x_wconf 83' lang='lat' dir='ltr'>strictior,</span> <span class='ocrx_word' id='word_1_794' title='bbox 2237 3909 2364 3963; x_wconf 85' lang='lat' dir='ltr'>cujus</span> <span class='ocrx_word' id='word_1_795' title='bbox 2406 3911 2696 3964; x_wconf 87' lang='lat' dir='ltr'>pavimentum</span> <span class='ocrx_word' id='word_1_796' title='bbox 2739 3911 2859 3955; x_wconf 89' lang='lat' dir='ltr'>vario</span> 
     </span>
     <span class='ocr_line' id='line_1_113' title="bbox 1614 3978 2859 4037; baseline 0.005 -17"><span class='ocrx_word' id='word_1_797' title='bbox 1614 3987 1830 4022; x_wconf 79' lang='lat' dir='ltr'>marmore</span> <span class='ocrx_word' id='word_1_798' title='bbox 1853 3985 2036 4021; x_wconf 86' lang='lat' dir='ltr'>stratum</span> <span class='ocrx_word' id='word_1_799' title='bbox 2054 3987 2162 4031; x_wconf 66' lang='lat' dir='ltr'>erat,</span> <span class='ocrx_word' id='word_1_800' title='bbox 2193 3987 2234 4025; x_wconf 89' lang='lat' dir='ltr'>et</span> <span class='ocrx_word' id='word_1_801' title='bbox 2266 3978 2452 4024; x_wconf 76' lang='lat' dir='ltr'>diversis</span> <span class='ocrx_word' id='word_1_802' title='bbox 2499 3980 2762 4037; x_wconf 78' lang='lat' dir='ltr'>imaginibus</span> <span class='ocrx_word' id='word_1_803' title='bbox 2784 3994 2859 4026; x_wconf 79' lang='lat' dir='ltr'>ve-</span> 
     </span>
     <span class='ocr_line' id='line_1_114' title="bbox 1615 4050 2881 4107; baseline 0.003 -15"><span class='ocrx_word' id='word_1_804' title='bbox 1615 4055 1852 4093; x_wconf 87' lang='lat' dir='ltr'>nustatum.</span> <span class='ocrx_word' id='word_1_805' title='bbox 1878 4050 1968 4093; x_wconf 85' lang='lat' dir='ltr'>Hoc</span> <span class='ocrx_word' id='word_1_806' title='bbox 1986 4051 2143 4094; x_wconf 86' lang='lat' dir='ltr'>atrium</span> <span class='ocrx_word' id='word_1_807' title='bbox 2162 4052 2362 4107; x_wconf 73' lang='lat' dir='ltr'>cingebat</span> <span class='ocrx_word' id='word_1_808' title='bbox 2382 4066 2531 4098; x_wconf 83' lang='lat' dir='ltr'>murus</span> <span class='ocrx_word' id='word_1_809' title='bbox 2558 4053 2703 4099; x_wconf 86' lang='lat' dir='ltr'>brevis</span> <span class='ocrx_word' id='word_1_810' title='bbox 2727 4056 2772 4098; x_wconf 89' lang='lat' dir='ltr'>in</span> <span class='ocrx_word' id='word_1_811' title='bbox 2795 4054 2859 4096; x_wconf 85' lang='lat' dir='ltr'>al·</span> <span class='ocrx_word' id='word_1_812' title='bbox 2878 4060 2881 4062; x_wconf 83' lang='lat'>&#39;</span> 
     </span>
     <span class='ocr_line' id='line_1_115' title="bbox 1617 4123 2886 4176; baseline 0.005 -12"><span class='ocrx_word' id='word_1_813' title='bbox 1617 4123 1798 4166; x_wconf 82' lang='lat' dir='ltr'>titudine</span> <span class='ocrx_word' id='word_1_814' title='bbox 1823 4132 1988 4167; x_wconf 85' lang='lat' dir='ltr'>tantum</span> <span class='ocrx_word' id='word_1_815' title='bbox 2010 4124 2141 4167; x_wconf 87' lang='lat' dir='ltr'>trium</span> <span class='ocrx_word' id='word_1_816' title='bbox 2168 4124 2430 4176; x_wconf 90' lang='lat' dir='ltr'>cubitorum,</span> <span class='ocrx_word' id='word_1_817' title='bbox 2473 4131 2515 4168; x_wconf 87' lang='lat' dir='ltr'>ct</span> <span class='ocrx_word' id='word_1_818' title='bbox 2537 4133 2628 4169; x_wconf 88' lang='lat' dir='ltr'>erat</span> <span class='ocrx_word' id='word_1_819' title='bbox 2647 4137 2759 4170; x_wconf 89' lang='lat' dir='ltr'>unus</span> <span class='ocrx_word' id='word_1_820' title='bbox 2779 4130 2886 4170; x_wconf 44' lang='lat' dir='ltr'>cus</span> 
     </span>
     <span class='ocr_line' id='line_1_116' title="bbox 1617 4185 2921 4253; baseline 0.001 -15"><span class='ocrx_word' id='word_1_821' title='bbox 1617 4195 1734 4238; x_wconf 80' lang='lat' dir='ltr'>bitus</span> <span class='ocrx_word' id='word_1_822' title='bbox 1771 4196 1963 4250; x_wconf 84' lang='lat' dir='ltr'>lapidum</span> <span class='ocrx_word' id='word_1_823' title='bbox 1989 4196 2117 4240; x_wconf 90' lang='lat' dir='ltr'>unius</span> <span class='ocrx_word' id='word_1_824' title='bbox 2137 4196 2314 4246; x_wconf 86' lang='lat' dir='ltr'>coloris,</span> <span class='ocrx_word' id='word_1_825' title='bbox 2339 4197 2556 4241; x_wconf 89' lang='lat' dir='ltr'>secundus</span> <span class='ocrx_word' id='word_1_826' title='bbox 2587 4197 2774 4253; x_wconf 87' lang='lat' dir='ltr'>lapidum</span> <span class='ocrx_word' id='word_1_827' title='bbox 2793 4197 2857 4241; x_wconf 90' lang='lat' dir='ltr'>al·</span> <span class='ocrx_word' id='word_1_828' title='bbox 2880 4185 2887 4223; x_wconf 69' lang='lat'><em>¹</em></span> <span class='ocrx_word' id='word_1_829' title='bbox 2920 4204 2921 4210; x_wconf 58' lang='lat'>¹</span> 
     </span>
     <span class='ocr_line' id='line_1_117' title="bbox 1618 4270 2855 4323; baseline 0 -8"><span class='ocrx_word' id='word_1_830' title='bbox 1618 4273 1752 4316; x_wconf 87' lang='lat' dir='ltr'>terius</span> <span class='ocrx_word' id='word_1_831' title='bbox 1767 4272 1942 4323; x_wconf 87' lang='lat' dir='ltr'>coloris,</span> <span class='ocrx_word' id='word_1_832' title='bbox 1969 4280 2011 4316; x_wconf 86' lang='lat' dir='ltr'>et</span> <span class='ocrx_word' id='word_1_833' title='bbox 2025 4272 2182 4316; x_wconf 80' lang='lat' dir='ltr'>tertius</span> <span class='ocrx_word' id='word_1_834' title='bbox 2204 4271 2319 4315; x_wconf 87' lang='lat' dir='ltr'>tertii</span> <span class='ocrx_word' id='word_1_835' title='bbox 2343 4273 2519 4317; x_wconf 88' lang='lat' dir='ltr'>coloris.</span> <span class='ocrx_word' id='word_1_836' title='bbox 2559 4270 2681 4316; x_wconf 82' lang='lat' dir='ltr'>lnt&#39;us</span> <span class='ocrx_word' id='word_1_837' title='bbox 2711 4279 2855 4316; x_wconf 87' lang='lat' dir='ltr'>autem</span> 
     </span>
    </p>

    <p class='ocr_par' dir='ltr' id='par_1_23' title="bbox 1616 4344 2856 4400">
     <span class='ocr_line' id='line_1_118' title="bbox 1616 4344 2856 4400; baseline -0.001 -14"><span class='ocrx_word' id='word_1_838' title='bbox 1616 4350 1709 4387; x_wconf 90' lang='lat' dir='ltr'>erat</span> <span class='ocrx_word' id='word_1_839' title='bbox 1723 4344 1905 4388; x_wconf 79' lang='lat' dir='ltr'>vestitus</span> <span class='ocrx_word' id='word_1_840' title='bbox 1929 4344 2074 4395; x_wconf 88' lang='lat' dir='ltr'>cedro,</span> <span class='ocrx_word' id='word_1_841' title='bbox 2090 4351 2131 4387; x_wconf 88' lang='lat' dir='ltr'>et</span> <span class='ocrx_word' id='word_1_842' title='bbox 2151 4345 2319 4400; x_wconf 87' lang='lat' dir='ltr'>positus</span> <span class='ocrx_word' id='word_1_843' title='bbox 2333 4353 2423 4387; x_wconf 88' lang='lat' dir='ltr'>erat</span> <span class='ocrx_word' id='word_1_844' title='bbox 2437 4357 2587 4389; x_wconf 88' lang='lat' dir='ltr'>murus</span> <span class='ocrx_word' id='word_1_845' title='bbox 2613 4357 2687 4400; x_wconf 88' lang='lat' dir='ltr'>per</span> <span class='ocrx_word' id='word_1_846' title='bbox 2705 4355 2856 4399; x_wconf 81' lang='lat' dir='ltr'>gyrum</span> 
     </span>
    </p>

    <p class='ocr_par' dir='ltr' id='par_1_24' title="bbox 1617 4407 2886 4472">
     <span class='ocr_line' id='line_1_119' title="bbox 1617 4407 2886 4472; baseline 0 -14"><span class='ocrx_word' id='word_1_847' title='bbox 1617 4416 1662 4468; x_wconf 89' lang='lat' dir='ltr'>in</span> <span class='ocrx_word' id='word_1_848' title='bbox 1698 4418 1966 4461; x_wconf 77' lang='lat' dir='ltr'>extremitate</span> <span class='ocrx_word' id='word_1_849' title='bbox 2007 4417 2137 4472; x_wconf 79' lang='lat' dir='ltr'>hujus</span> <span class='ocrx_word' id='word_1_850' title='bbox 2155 4416 2275 4470; x_wconf 88' lang='lat' dir='ltr'>atrii,</span> <span class='ocrx_word' id='word_1_851' title='bbox 2309 4423 2357 4460; x_wconf 85' lang='lat' dir='ltr'>ut</span> <span class='ocrx_word' id='word_1_852' title='bbox 2395 4422 2573 4462; x_wconf 80' lang='lat' dir='ltr'>caeteros</span> <span class='ocrx_word' id='word_1_853' title='bbox 2598 4429 2620 4459; x_wconf 89' lang='lat' dir='ltr'>a</span> <span class='ocrx_word' id='word_1_854' title='bbox 2647 4417 2857 4459; x_wconf 72' lang='lat' dir='ltr'>ministris</span> <span class='ocrx_word' id='word_1_855' title='bbox 2881 4407 2886 4423; x_wconf 70' lang='grc'><em>”</em></span> 
     </span>
    </p>
   </div>
   <div class='ocr_carea' id='block_1_21' title="bbox 2875 4474 2887 4567">
    <p class='ocr_par' dir='ltr' id='par_1_25' title="bbox 2875 4474 2887 4567">
     <span class='ocr_line' id='line_1_120' title="bbox 2875 4474 2887 4567; baseline 0 -45"><span class='ocrx_word' id='word_1_856' title='bbox 2875 4474 2887 4567; x_wconf 60' lang='lat' dir='ltr'>tl</span> 
     </span>
    </p>
   </div>
   <div class='ocr_carea' id='block_1_22' title="bbox 2870 0 2924 4588">
    <p class='ocr_par' dir='ltr' id='par_1_26' title="bbox 2870 0 2924 4588">
     <span class='ocr_line' id='line_1_121' title="bbox 2870 0 2924 4588; baseline 3.519 -464"><span class='ocrx_word' id='word_1_857' title='bbox 2870 0 2924 4588; x_wconf 95' lang='lat' dir='ltr'>   </span> 
     </span>
    </p>
   </div>
  </div>
 </body>
</html>
