<?xml version="1.0" encoding="UTF-8"?>
<!DOCTYPE html PUBLIC "-//W3C//DTD XHTML 1.0 Transitional//EN"
    "http://www.w3.org/TR/xhtml1/DTD/xhtml1-transitional.dtd">
<html xmlns="http://www.w3.org/1999/xhtml" xml:lang="en" lang="en">
 <head>
  <title>
</title>
<meta http-equiv="Content-Type" content="text/html;charset=utf-8" />
  <meta name='ocr-system' content='tesseract 3.04.00' />
  <meta name='ocr-capabilities' content='ocr_page ocr_carea ocr_par ocr_line ocrx_word'/>
</head>
<body>
  <div class='ocr_page' id='page_1' title='image "./patrologiaecursu00hammuoft_0083.png"; bbox 0 0 2924 4588; ppageno 0'>
   <div class='ocr_carea' id='block_1_1' title="bbox 89 86 203 131">
    <p class='ocr_par' dir='ltr' id='par_1_1' title="bbox 89 86 203 131">
     <span class='ocr_line' id='line_1_1' title="bbox 89 86 203 131; baseline 0 0"><span class='ocrx_word' id='word_1_1' title='bbox 89 106 92 110; x_wconf 50' lang='lat'><strong><em>⁴</em></strong></span> <span class='ocrx_word' id='word_1_2' title='bbox 121 86 203 131; x_wconf 60' lang='lat' dir='ltr'>‘ita</span> 
     </span>
    </p>
   </div>
   <div class='ocr_carea' id='block_1_2' title="bbox 0 0 41 1456">
    <p class='ocr_par' dir='ltr' id='par_1_2' title="bbox 0 0 41 1456">
     <span class='ocr_line' id='line_1_2' title="bbox 0 0 41 1456; baseline 0 0"><span class='ocrx_word' id='word_1_3' title='bbox 0 0 41 1456; x_wconf 95' lang='lat' dir='ltr'> </span> 
     </span>
    </p>
   </div>
   <div class='ocr_carea' id='block_1_3' title="bbox 68 1623 1360 1692">
    <p class='ocr_par' dir='ltr' id='par_1_3' title="bbox 68 1623 1360 1692">
     <span class='ocr_line' id='line_1_3' title="bbox 68 1623 1360 1692; baseline 0.002 -19"><span class='ocrx_word' id='word_1_4' title='bbox 68 1623 70 1626; x_wconf 69' lang='grc'><strong>’</strong></span> <span class='ocrx_word' id='word_1_5' title='bbox 98 1627 311 1692; x_wconf 32' lang='lat' dir='ltr'>&#39;affectum</span> <span class='ocrx_word' id='word_1_6' title='bbox 329 1629 506 1674; x_wconf 83' lang='lat' dir='ltr'>inhaeret</span> <span class='ocrx_word' id='word_1_7' title='bbox 524 1630 752 1687; x_wconf 85' lang='lat' dir='ltr'>superbus,</span> <span class='ocrx_word' id='word_1_8' title='bbox 771 1631 1025 1688; x_wconf 78' lang='lat' dir='ltr'>pertransit,</span> <span class='ocrx_word' id='word_1_9' title='bbox 1047 1631 1161 1675; x_wconf 84' lang='lat' dir='ltr'>etad</span> <span class='ocrx_word' id='word_1_10' title='bbox 1177 1631 1360 1675; x_wconf 85' lang='lat' dir='ltr'>nihilum</span> 
     </span>
    </p>
   </div>
   <div class='ocr_carea' id='block_1_4' title="bbox 827 82 1894 141">
    <p class='ocr_par' dir='ltr' id='par_1_4' title="bbox 827 82 1894 141">
     <span class='ocr_line' id='line_1_4' title="bbox 827 82 1894 141; baseline 0.007 -7"><span class='ocrx_word' id='word_1_11' title='bbox 827 131 830 134; x_wconf 17' lang='grc' dir='ltr'><strong>Α</strong></span> <span class='ocrx_word' id='word_1_12' title='bbox 898 87 1204 136; x_wconf 73' lang='lat' dir='ltr'>SERMONES.</span> <span class='ocrx_word' id='word_1_13' title='bbox 1233 115 1290 125; x_wconf 91' lang='lat'>--</span> <span class='ocrx_word' id='word_1_14' title='bbox 1317 86 1375 135; x_wconf 70' lang='lat' dir='ltr'>m</span> <span class='ocrx_word' id='word_1_15' title='bbox 1402 82 1660 138; x_wconf 69' lang='lat' dir='ltr'>savz-Nm</span> <span class='ocrx_word' id='word_1_16' title='bbox 1690 87 1894 141; x_wconf 66' lang='lat' dir='ltr'>noum.</span> 
     </span>
    </p>
   </div>
   <div class='ocr_carea' id='block_1_5' title="bbox 2606 102 2678 146">
    <p class='ocr_par' dir='ltr' id='par_1_5' title="bbox 2606 102 2678 146">
     <span class='ocr_line' id='line_1_5' title="bbox 2606 102 2678 146; baseline 0 0"><span class='ocrx_word' id='word_1_17' title='bbox 2606 102 2678 146; x_wconf 59' lang='grc' dir='ltr'>ἥδ)</span> 
     </span>
    </p>
   </div>
   <div class='ocr_carea' id='block_1_6' title="bbox 125 171 2687 248">
    <p class='ocr_par' dir='ltr' id='par_1_6' title="bbox 125 171 2687 248">
     <span class='ocr_line' id='line_1_6' title="bbox 125 171 2687 248; baseline 0.005 -26"><span class='ocrx_word' id='word_1_18' title='bbox 125 177 178 222; x_wconf 78' lang='lat' dir='ltr'>ad</span> <span class='ocrx_word' id='word_1_19' title='bbox 201 176 346 223; x_wconf 71' lang='lat' dir='ltr'>coelum</span> <span class='ocrx_word' id='word_1_20' title='bbox 368 178 569 239; x_wconf 67' lang='lat' dir='ltr'>superbia</span> <span class='ocrx_word' id='word_1_21' title='bbox 591 177 698 233; x_wconf 78' lang='lat' dir='ltr'>ejus,</span> <span class='ocrx_word' id='word_1_22' title='bbox 723 183 921 236; x_wconf 73' lang='grc' dir='ltr'>αεέαριιε</span> <span class='ocrx_word' id='word_1_23' title='bbox 945 179 1035 234; x_wconf 71' lang='lat' dir='ltr'>eJ&#39;us</span> <span class='ocrx_word' id='word_1_24' title='bbox 1059 171 1190 224; x_wconf 69' lang='lat' dir='ltr'>nubes</span> <span class='ocrx_word' id='word_1_25' title='bbox 1223 181 1363 238; x_wconf 73' lang='lat' dir='ltr'>tetiye-</span> <span class='ocrx_word' id='word_1_26' title='bbox 1385 186 1423 231; x_wconf 75' lang='lat' dir='ltr'>A</span> <span class='ocrx_word' id='word_1_27' title='bbox 1444 181 1601 227; x_wconf 63' lang='lat' dir='ltr'>habita*</span> <span class='ocrx_word' id='word_1_28' title='bbox 1628 186 1760 229; x_wconf 84' lang='lat' dir='ltr'>etiam</span> <span class='ocrx_word' id='word_1_29' title='bbox 1781 187 1918 242; x_wconf 67' lang='lat' dir='ltr'>«plena</span> <span class='ocrx_word' id='word_1_30' title='bbox 1958 187 2217 234; x_wconf 77' lang='lat' dir='ltr'>certitudine</span> <span class='ocrx_word' id='word_1_31' title='bbox 2242 187 2319 247; x_wconf 72' lang='lat' dir='ltr'>[al.</span> <span class='ocrx_word' id='word_1_32' title='bbox 2346 197 2463 238; x_wconf 82' lang='lat' dir='ltr'>certa</span> <span class='ocrx_word' id='word_1_33' title='bbox 2494 192 2687 248; x_wconf 80' lang='lat' dir='ltr'>plenitu-</span> 
     </span>
    </p>
   </div>
   <div class='ocr_carea' id='block_1_7' title="bbox 48 248 1360 316">
    <p class='ocr_par' dir='ltr' id='par_1_7' title="bbox 48 248 1360 316">
     <span class='ocr_line' id='line_1_7' title="bbox 48 248 1360 316; baseline 0.001 -22"><span class='ocrx_word' id='word_1_34' title='bbox 48 264 52 316; x_wconf 51' lang='grc' dir='ltr'><em>ρ</em></span> <span class='ocrx_word' id='word_1_35' title='bbox 122 251 195 300; x_wconf 71' lang='lat' dir='ltr'>rit,</span> <span class='ocrx_word' id='word_1_36' title='bbox 217 250 340 306; x_wconf 59' lang='lat' dir='ltr'>quasi</span> <span class='ocrx_word' id='word_1_37' title='bbox 363 249 668 306; x_wconf 72' lang='lat' dir='ltr'><strong><em>sterquilinium</em></strong></span> <span class='ocrx_word' id='word_1_38' title='bbox 702 248 747 292; x_wconf 81' lang='lat' dir='ltr'>in</span> <span class='ocrx_word' id='word_1_39' title='bbox 770 249 854 304; x_wconf 76' lang='lat' dir='ltr'>fine</span> <span class='ocrx_word' id='word_1_40' title='bbox 875 248 1086 304; x_wconf 75' lang='lat' dir='ltr'><strong><em>perdetur,</em></strong></span> <span class='ocrx_word' id='word_1_41' title='bbox 1112 257 1152 300; x_wconf 76' lang='lat' dir='ltr'>et</span> <span class='ocrx_word' id='word_1_42' title='bbox 1174 253 1245 307; x_wconf 80' lang='lat' dir='ltr'>qui</span> <span class='ocrx_word' id='word_1_43' title='bbox 1267 265 1360 295; x_wconf 84' lang='lat' dir='ltr'>eum</span> 
     </span>
    </p>
   </div>
   <div class='ocr_carea' id='block_1_8' title="bbox 123 315 1361 371">
    <p class='ocr_par' dir='ltr' id='par_1_8' title="bbox 123 315 1361 371">
     <span class='ocr_line' id='line_1_8' title="bbox 123 315 1361 371; baseline 0.002 -6"><span class='ocrx_word' id='word_1_44' title='bbox 123 320 315 371; x_wconf 66' lang='lat' dir='ltr'>ridemur,</span> <span class='ocrx_word' id='word_1_45' title='bbox 337 315 500 362; x_wconf 75' lang='lat' dir='ltr'>dicent:</span> <span class='ocrx_word' id='word_1_46' title='bbox 521 317 600 362; x_wconf 76' lang='lat' dir='ltr'>Ubi</span> <span class='ocrx_word' id='word_1_47' title='bbox 617 321 714 364; x_wconf 72' lang='lat' dir='ltr'>est?</span> <span class='ocrx_word' id='word_1_48' title='bbox 733 320 844 363; x_wconf 72' lang='lat' dir='ltr'>vetut</span> <span class='ocrx_word' id='word_1_49' title='bbox 859 321 1065 366; x_wconf 72' lang='lat' dir='ltr'>somnium</span> <span class='ocrx_word' id='word_1_50' title='bbox 1085 323 1256 366; x_wconf 75' lang='lat' dir='ltr'>avolans</span> <span class='ocrx_word' id='word_1_51' title='bbox 1280 337 1361 367; x_wconf 83' lang='lat' dir='ltr'>non</span> 
     </span>
    </p>
   </div>
   <div class='ocr_carea' id='block_1_9' title="bbox 67 390 1362 521">
    <p class='ocr_par' dir='ltr' id='par_1_9' title="bbox 67 390 1362 521">
     <span class='ocr_line' id='line_1_9' title="bbox 67 390 1358 452; baseline 0.001 -14"><span class='ocrx_word' id='word_1_52' title='bbox 67 398 69 401; x_wconf 80' lang='grc'><strong>“</strong></span> <span class='ocrx_word' id='word_1_53' title='bbox 122 391 374 443; x_wconf 61' lang='lat' dir='ltr'>inuenietur,</span> <span class='ocrx_word' id='word_1_54' title='bbox 400 390 595 434; x_wconf 73' lang='lat' dir='ltr'><strong><em>transibit</em></strong></span> <span class='ocrx_word' id='word_1_55' title='bbox 630 391 738 434; x_wconf 74' lang='lat' dir='ltr'>sicut</span> <span class='ocrx_word' id='word_1_56' title='bbox 760 393 864 436; x_wconf 75' lang='lat' dir='ltr'>visio</span> <span class='ocrx_word' id='word_1_57' title='bbox 893 399 1097 437; x_wconf 80' lang='lat' dir='ltr'>nocturna</span> <span class='ocrx_word' id='word_1_58' title='bbox 1134 393 1230 452; x_wconf 80' lang='lat' dir='ltr'>(Job</span> <span class='ocrx_word' id='word_1_59' title='bbox 1269 409 1323 440; x_wconf 82' lang='lat' dir='ltr'>xx</span> <span class='ocrx_word' id='word_1_60' title='bbox 1346 429 1358 448; x_wconf 90' lang='lat'>,</span> 
     </span>
     <span class='ocr_line' id='line_1_10' title="bbox 95 462 1362 521; baseline 0.001 -10"><span class='ocrx_word' id='word_1_61' title='bbox 95 470 100 476; x_wconf 82' lang='lat'>&#39;</span> <span class='ocrx_word' id='word_1_62' title='bbox 121 465 150 512; x_wconf 71' lang='grc'><strong>8</strong></span> <span class='ocrx_word' id='word_1_63' title='bbox 167 469 212 509; x_wconf 81' lang='lat' dir='ltr'>et</span> <span class='ocrx_word' id='word_1_64' title='bbox 232 462 371 521; x_wconf 76' lang='lat' dir='ltr'>seqq).</span> <span class='ocrx_word' id='word_1_65' title='bbox 409 463 610 507; x_wconf 68' lang='lat' dir='ltr'>Auditum</span> <span class='ocrx_word' id='word_1_66' title='bbox 632 463 702 508; x_wconf 78' lang='lat' dir='ltr'>fac</span> <span class='ocrx_word' id='word_1_67' title='bbox 724 463 768 508; x_wconf 83' lang='lat' dir='ltr'>ei</span> <span class='ocrx_word' id='word_1_68' title='bbox 790 465 920 508; x_wconf 89' lang='lat' dir='ltr'>etiam</span> <span class='ocrx_word' id='word_1_69' title='bbox 942 477 1094 510; x_wconf 83' lang='lat' dir='ltr'>vocem</span> <span class='ocrx_word' id='word_1_70' title='bbox 1133 467 1269 520; x_wconf 88' lang='lat' dir='ltr'>illam,</span> <span class='ocrx_word' id='word_1_71' title='bbox 1292 469 1362 512; x_wconf 84' lang='lat' dir='ltr'>ni-</span> 
     </span>
    </p>
   </div>
   <div class='ocr_carea' id='block_1_10' title="bbox 117 534 1363 1175">
    <p class='ocr_par' dir='ltr' id='par_1_10' title="bbox 117 534 1363 1175">
     <span class='ocr_line' id='line_1_11' title="bbox 121 534 1362 596; baseline 0.002 -15"><span class='ocrx_word' id='word_1_72' title='bbox 121 537 203 581; x_wconf 83' lang='lat' dir='ltr'>mis</span> <span class='ocrx_word' id='word_1_73' title='bbox 228 534 400 592; x_wconf 83' lang='lat' dir='ltr'>quidem</span> <span class='ocrx_word' id='word_1_74' title='bbox 423 547 582 587; x_wconf 86' lang='lat' dir='ltr'>seram,</span> <span class='ocrx_word' id='word_1_75' title='bbox 607 535 716 580; x_wconf 80' lang='lat' dir='ltr'>satis</span> <span class='ocrx_word' id='word_1_76' title='bbox 738 541 884 580; x_wconf 87' lang='lat' dir='ltr'>tamen</span> <span class='ocrx_word' id='word_1_77' title='bbox 906 549 1102 585; x_wconf 78' lang='lat' dir='ltr'><strong>veracem</strong></span> <span class='ocrx_word' id='word_1_78' title='bbox 1123 553 1134 582; x_wconf 91' lang='lat'><strong>:</strong></span> <span class='ocrx_word' id='word_1_79' title='bbox 1164 551 1294 596; x_wconf 83' lang='lat' dir='ltr'>quam</span> <span class='ocrx_word' id='word_1_80' title='bbox 1315 540 1362 583; x_wconf 89' lang='lat' dir='ltr'>in</span> 
     </span>
     <span class='ocr_line' id='line_1_12' title="bbox 117 602 1363 664; baseline 0.002 -11"><span class='ocrx_word' id='word_1_81' title='bbox 117 606 318 653; x_wconf 65' lang='lat' dir='ltr'>ssne&#39;sibi</span> <span class='ocrx_word' id='word_1_82' title='bbox 347 602 576 652; x_wconf 67' lang='lat' dir='ltr'>Jassunient</span> <span class='ocrx_word' id='word_1_83' title='bbox 617 607 766 664; x_wconf 77' lang='lat' dir='ltr'>impii,</span> <span class='ocrx_word' id='word_1_84' title='bbox 793 609 966 664; x_wconf 81' lang='lat' dir='ltr'>quando</span> <span class='ocrx_word' id='word_1_85' title='bbox 1003 611 1161 655; x_wconf 87' lang='lat' dir='ltr'>turbati</span> <span class='ocrx_word' id='word_1_86' title='bbox 1206 611 1363 658; x_wconf 87' lang='lat' dir='ltr'>timore</span> 
     </span>
     <span class='ocr_line' id='line_1_13' title="bbox 122 679 1357 741; baseline 0.001 -15"><span class='ocrx_word' id='word_1_87' title='bbox 122 680 315 726; x_wconf 76' lang='lat' dir='ltr'>horribili</span> <span class='ocrx_word' id='word_1_88' title='bbox 335 679 496 732; x_wconf 82' lang='lat' dir='ltr'>dicent,</span> <span class='ocrx_word' id='word_1_89' title='bbox 529 688 619 736; x_wconf 81' lang='lat' dir='ltr'>prae</span> <span class='ocrx_word' id='word_1_90' title='bbox 657 681 859 736; x_wconf 76' lang='lat' dir='ltr'>angustia</span> <span class='ocrx_word' id='word_1_91' title='bbox 894 683 1074 739; x_wconf 85' lang='lat' dir='ltr'>spiritus</span> <span class='ocrx_word' id='word_1_92' title='bbox 1110 689 1357 741; x_wconf 79' lang='lat' dir='ltr'>gementes:</span> 
     </span>
     <span class='ocr_line' id='line_1_14' title="bbox 122 751 1361 812; baseline 0.004 -16"><span class='ocrx_word' id='word_1_93' title='bbox 122 751 232 808; x_wconf 72' lang='lat' dir='ltr'>Quid</span> <span class='ocrx_word' id='word_1_94' title='bbox 248 752 366 796; x_wconf 81' lang='lat' dir='ltr'>nobis</span> <span class='ocrx_word' id='word_1_95' title='bbox 390 752 552 808; x_wconf 67' lang='lat' dir='ltr'>profuit</span> <span class='ocrx_word' id='word_1_96' title='bbox 571 753 801 810; x_wconf 73' lang='lat' dir='ltr'>superbia?</span> <span class='ocrx_word' id='word_1_97' title='bbox 826 761 900 797; x_wconf 84' lang='lat' dir='ltr'>aut</span> <span class='ocrx_word' id='word_1_98' title='bbox 922 756 1166 800; x_wconf 80' lang='lat' dir='ltr'>divitiarum</span> <span class='ocrx_word' id='word_1_99' title='bbox 1189 757 1361 812; x_wconf 81' lang='lat' dir='ltr'>jac-&#39;tan-</span> 
     </span>
     <span class='ocr_line' id='line_1_15' title="bbox 123 827 1362 884; baseline 0.003 -12"><span class='ocrx_word' id='word_1_100' title='bbox 123 829 180 872; x_wconf 76' lang='lat' dir='ltr'>tia</span> <span class='ocrx_word' id='word_1_101' title='bbox 202 827 299 884; x_wconf 80' lang='lat' dir='ltr'>quid</span> <span class='ocrx_word' id='word_1_102' title='bbox 329 827 504 871; x_wconf 79' lang='lat' dir='ltr'>contulit</span> <span class='ocrx_word' id='word_1_103' title='bbox 537 829 686 872; x_wconf 79' lang='lat' dir='ltr'>nobis?</span> <span class='ocrx_word' id='word_1_104' title='bbox 722 830 976 872; x_wconf 73' lang='lat' dir='ltr'>transierunt</span> <span class='ocrx_word' id='word_1_105' title='bbox 997 831 1137 873; x_wconf 78' lang='lat' dir='ltr'>omm‘a</span> <span class='ocrx_word' id='word_1_106' title='bbox 1168 831 1246 875; x_wconf 77' lang='lat' dir='ltr'>itta</span> <span class='ocrx_word' id='word_1_107' title='bbox 1267 839 1362 876; x_wconf 82' lang='lat' dir='ltr'>tan·-</span> 
     </span>
     <span class='ocr_line' id='line_1_16' title="bbox 119 898 1362 956; baseline 0.004 -16"><span class='ocrx_word' id='word_1_108' title='bbox 119 909 244 956; x_wconf 68' lang='lat' dir='ltr'>quam,</span> <span class='ocrx_word' id='word_1_109' title='bbox 273 898 448 951; x_wconf 79' lang='lat' dir='ltr'>umbra,</span> <span class='ocrx_word' id='word_1_110' title='bbox 487 899 528 941; x_wconf 84' lang='lat' dir='ltr'>et</span> <span class='ocrx_word' id='word_1_111' title='bbox 566 906 766 955; x_wconf 77' lang='lat' dir='ltr'>tanquam</span> <span class='ocrx_word' id='word_1_112' title='bbox 806 901 978 944; x_wconf 75' lang='lat' dir='ltr'>nuntius</span> <span class='ocrx_word' id='word_1_113' title='bbox 1012 914 1299 956; x_wconf 68' lang='lat' dir='ltr'>proecurrens,</span> <span class='ocrx_word' id='word_1_114' title='bbox 1322 910 1362 947; x_wconf 80' lang='lat' dir='ltr'>et</span> 
     </span>
     <span class='ocr_line' id='line_1_17' title="bbox 121 971 1360 1033; baseline 0.005 -19"><span class='ocrx_word' id='word_1_115' title='bbox 121 977 316 1027; x_wconf 70' lang='lat' dir='ltr'>tanquam</span> <span class='ocrx_word' id='word_1_116' title='bbox 338 971 455 1014; x_wconf 76' lang='lat' dir='ltr'>navis</span> <span class='ocrx_word' id='word_1_117' title='bbox 472 1003 484 1023; x_wconf 91' lang='lat'>‚</span> <span class='ocrx_word' id='word_1_118' title='bbox 509 974 846 1028; x_wconf 68' lang='lat' dir='ltr'>quwpertranst&#39;t</span> <span class='ocrx_word' id='word_1_119' title='bbox 871 974 1142 1029; x_wconf 77' lang='lat' dir='ltr'>fluctuantem</span> <span class='ocrx_word' id='word_1_120' title='bbox 1176 990 1360 1033; x_wconf 60' lang='lat' dir='ltr'>aquam</span> 
     </span>
     <span class='ocr_line' id='line_1_18' title="bbox 119 1045 1358 1105; baseline 0.006 -19"><span class='ocrx_word' id='word_1_121' title='bbox 119 1045 254 1099; x_wconf 77' lang='lat' dir='ltr'>cujus,</span> <span class='ocrx_word' id='word_1_122' title='bbox 285 1057 379 1087; x_wconf 83' lang='lat' dir='ltr'>cum</span> <span class='ocrx_word' id='word_1_123' title='bbox 407 1047 672 1101; x_wconf 76' lang='lat' dir='ltr'>praeterierit,</span> <span class='ocrx_word' id='word_1_124' title='bbox 709 1061 790 1090; x_wconf 77' lang='lat' dir='ltr'>nan</span> <span class='ocrx_word' id='word_1_125' title='bbox 821 1055 884 1091; x_wconf 81' lang='lat' dir='ltr'>est</span> <span class='ocrx_word' id='word_1_126' title='bbox 915 1047 1131 1105; x_wconf 73' lang='lat' dir='ltr'>vestiqium</span> <span class='ocrx_word' id='word_1_127' title='bbox 1164 1051 1358 1104; x_wconf 81' lang='lat' dir='ltr'>reperire,</span> 
     </span>
     <span class='ocr_line' id='line_1_19' title="bbox 118 1107 1359 1175; baseline 0.005 -16"><span class='ocrx_word' id='word_1_128' title='bbox 118 1129 244 1172; x_wconf 73' lang='lat' dir='ltr'>neque</span> <span class='ocrx_word' id='word_1_129' title='bbox 273 1118 464 1160; x_wconf 79' lang='lat' dir='ltr'>semitam</span> <span class='ocrx_word' id='word_1_130' title='bbox 495 1118 651 1163; x_wconf 69' lang='lat' dir='ltr'>carinae</span> <span class='ocrx_word' id='word_1_131' title='bbox 683 1119 798 1163; x_wconf 79' lang='lat' dir='ltr'>illius</span> <span class='ocrx_word' id='word_1_132' title='bbox 826 1107 876 1162; x_wconf 47' lang='lat' dir='ltr'>&#39;in</span> <span class='ocrx_word' id='word_1_133' title='bbox 907 1119 1128 1175; x_wconf 79' lang='lat' dir='ltr'>fluctibus:</span> <span class='ocrx_word' id='word_1_134' title='bbox 1158 1129 1231 1164; x_wconf 84' lang='lat' dir='ltr'>aut</span> <span class='ocrx_word' id='word_1_135' title='bbox 1264 1128 1359 1164; x_wconf 80' lang='lat' dir='ltr'>tan-</span> 
     </span>
    </p>
   </div>
   <div class='ocr_carea' id='block_1_11' title="bbox 81 1189 1418 1468">
    <p class='ocr_par' dir='ltr' id='par_1_11' title="bbox 81 1189 1418 1468">
     <span class='ocr_line' id='line_1_20' title="bbox 102 1189 1360 1247; baseline 0.004 -17"><span class='ocrx_word' id='word_1_136' title='bbox 102 1199 241 1246; x_wconf 76' lang='lat' dir='ltr'>quam</span> <span class='ocrx_word' id='word_1_137' title='bbox 268 1189 371 1240; x_wconf 79' lang='lat' dir='ltr'>avis,</span> <span class='ocrx_word' id='word_1_138' title='bbox 396 1202 488 1246; x_wconf 83' lang='lat' dir='ltr'>quoe</span> <span class='ocrx_word' id='word_1_139' title='bbox 514 1190 745 1234; x_wconf 78' lang='lat' dir='ltr'>transvolat</span> <span class='ocrx_word' id='word_1_140' title='bbox 768 1193 814 1234; x_wconf 82' lang='lat' dir='ltr'>in</span> <span class='ocrx_word' id='word_1_141' title='bbox 841 1205 951 1243; x_wconf 82' lang='lat' dir='ltr'>aere,</span> <span class='ocrx_word' id='word_1_142' title='bbox 977 1199 1014 1234; x_wconf 80' lang='lat' dir='ltr'>et</span> <span class='ocrx_word' id='word_1_143' title='bbox 1030 1192 1240 1247; x_wconf 69' lang='lat' dir='ltr'>postumo,</span> <span class='ocrx_word' id='word_1_144' title='bbox 1266 1193 1360 1236; x_wconf 84' lang='lat' dir='ltr'>nul-</span> 
     </span>
     <span class='ocr_line' id='line_1_21' title="bbox 117 1250 1418 1322; baseline 0.003 -17"><span class='ocrx_word' id='word_1_145' title='bbox 117 1254 203 1305; x_wconf 68' lang='lat' dir='ltr'>lum</span> <span class='ocrx_word' id='word_1_146' title='bbox 226 1252 433 1305; x_wconf 76' lang='lat' dir='ltr'>iuvenitur</span> <span class='ocrx_word' id='word_1_147' title='bbox 464 1271 753 1319; x_wconf 66' lang='lat' dir='ltr'>argumentum</span> <span class='ocrx_word' id='word_1_148' title='bbox 776 1264 940 1307; x_wconf 80' lang='lat' dir='ltr'>virtutis</span> <span class='ocrx_word' id='word_1_149' title='bbox 966 1263 1082 1307; x_wconf 77' lang='lat' dir='ltr'>illius</span> <span class='ocrx_word' id='word_1_150' title='bbox 1103 1264 1221 1322; x_wconf 86' lang='lat' dir='ltr'>(Sap.</span> <span class='ocrx_word' id='word_1_151' title='bbox 1256 1279 1299 1316; x_wconf 85' lang='lat' dir='ltr'>v,</span> <span class='ocrx_word' id='word_1_152' title='bbox 1335 1266 1360 1309; x_wconf 88' lang='lat'><em>8</em></span> <span class='ocrx_word' id='word_1_153' title='bbox 1384 1250 1418 1292; x_wconf 80' lang='lat' dir='ltr'>B</span> 
     </span>
     <span class='ocr_line' id='line_1_22' title="bbox 81 1332 1358 1391; baseline 0.003 -15"><span class='ocrx_word' id='word_1_154' title='bbox 81 1337 160 1388; x_wconf 43' lang='lat' dir='ltr'>set</span> <span class='ocrx_word' id='word_1_155' title='bbox 174 1332 308 1389; x_wconf 84' lang='lat' dir='ltr'>seq.);</span> <span class='ocrx_word' id='word_1_156' title='bbox 341 1338 385 1376; x_wconf 87' lang='lat' dir='ltr'>et</span> <span class='ocrx_word' id='word_1_157' title='bbox 406 1345 503 1389; x_wconf 86' lang='lat' dir='ltr'>quae</span> <span class='ocrx_word' id='word_1_158' title='bbox 538 1334 595 1377; x_wconf 84' lang='lat' dir='ltr'>ibi</span> <span class='ocrx_word' id='word_1_159' title='bbox 619 1340 875 1391; x_wconf 88' lang='lat' dir='ltr'>sequuntur.</span> <span class='ocrx_word' id='word_1_160' title='bbox 896 1335 995 1379; x_wconf 83' lang='lat' dir='ltr'>Haec</span> <span class='ocrx_word' id='word_1_161' title='bbox 1022 1342 1164 1389; x_wconf 86' lang='lat' dir='ltr'>autem</span> <span class='ocrx_word' id='word_1_162' title='bbox 1183 1337 1236 1380; x_wconf 91' lang='lat' dir='ltr'>ad</span> <span class='ocrx_word' id='word_1_163' title='bbox 1253 1337 1358 1380; x_wconf 87' lang='lat' dir='ltr'>illud</span> 
     </span>
     <span class='ocr_line' id='line_1_23' title="bbox 100 1404 1359 1468; baseline 0.005 -20"><span class='ocrx_word' id='word_1_164' title='bbox 100 1404 301 1468; x_wconf 63' lang='lat' dir='ltr'>÷arbitror</span> <span class='ocrx_word' id='word_1_165' title='bbox 316 1406 546 1462; x_wconf 84' lang='lat' dir='ltr'>pertinere,</span> <span class='ocrx_word' id='word_1_166' title='bbox 566 1404 682 1463; x_wconf 81' lang='lat' dir='ltr'>quod</span> <span class='ocrx_word' id='word_1_167' title='bbox 697 1409 743 1451; x_wconf 89' lang='lat' dir='ltr'>in</span> <span class='ocrx_word' id='word_1_168' title='bbox 760 1409 870 1452; x_wconf 88' lang='lat' dir='ltr'>libro</span> <span class='ocrx_word' id='word_1_169' title='bbox 886 1407 1053 1465; x_wconf 80' lang='lat' dir='ltr'>Regum</span> <span class='ocrx_word' id='word_1_170' title='bbox 1071 1410 1228 1466; x_wconf 85' lang='lat' dir='ltr'>legitur</span> <span class='ocrx_word' id='word_1_171' title='bbox 1250 1423 1359 1466; x_wconf 87' lang='lat' dir='ltr'>quo-</span> 
     </span>
    </p>
   </div>
   <div class='ocr_carea' id='block_1_12' title="bbox 114 1477 1361 1610">
    <p class='ocr_par' dir='ltr' id='par_1_12' title="bbox 114 1477 1361 1610">
     <span class='ocr_line' id='line_1_24' title="bbox 114 1477 1353 1539; baseline 0.002 -16"><span class='ocrx_word' id='word_1_172' title='bbox 114 1477 230 1523; x_wconf 76' lang='lat' dir='ltr'>niam</span> <span class='ocrx_word' id='word_1_173' title='bbox 249 1477 401 1528; x_wconf 75' lang='lat' dir='ltr'>mulus,</span> <span class='ocrx_word' id='word_1_174' title='bbox 422 1479 490 1521; x_wconf 79' lang='lat' dir='ltr'>cui</span> <span class='ocrx_word' id='word_1_175' title='bbox 506 1478 888 1530; x_wconf 69' lang='lat' dir='ltr'>suaerat&#39;Absalon,</span> <span class='ocrx_word' id='word_1_176' title='bbox 907 1481 1151 1535; x_wconf 78' lang='lat' dir='ltr'>pertransiit</span> <span class='ocrx_word' id='word_1_177' title='bbox 1171 1480 1239 1539; x_wconf 85' lang='lat'>(11</span> <span class='ocrx_word' id='word_1_178' title='bbox 1257 1482 1353 1538; x_wconf 71' lang='lat' dir='ltr'>Req.</span> 
     </span>
     <span class='ocr_line' id='line_1_25' title="bbox 116 1549 1361 1610; baseline 0.002 -14"><span class='ocrx_word' id='word_1_179' title='bbox 116 1560 241 1607; x_wconf 68' lang='lat' dir='ltr'>xviri,</span> <span class='ocrx_word' id='word_1_180' title='bbox 266 1549 323 1607; x_wconf 88' lang='grc'>9).</span> <span class='ocrx_word' id='word_1_181' title='bbox 347 1549 470 1604; x_wconf 84' lang='lat' dir='ltr'>Quod</span> <span class='ocrx_word' id='word_1_182' title='bbox 492 1563 579 1595; x_wconf 91' lang='lat' dir='ltr'>non</span> <span class='ocrx_word' id='word_1_183' title='bbox 607 1556 674 1596; x_wconf 83' lang='lat' dir='ltr'>cst</span> <span class='ocrx_word' id='word_1_184' title='bbox 693 1550 955 1608; x_wconf 80' lang='lat' dir='ltr'>aliudquam</span> <span class='ocrx_word' id='word_1_185' title='bbox 971 1553 1176 1606; x_wconf 87' lang='lat' dir='ltr'>mundus,</span> <span class='ocrx_word' id='word_1_186' title='bbox 1195 1555 1265 1597; x_wconf 89' lang='lat' dir='ltr'>cui</span> <span class='ocrx_word' id='word_1_187' title='bbox 1283 1566 1361 1610; x_wconf 86' lang='lat' dir='ltr'>per</span> 
     </span>
    </p>
   </div>
   <div class='ocr_carea' id='block_1_13' title="bbox 0 1700 1361 1763">
    <p class='ocr_par' dir='ltr' id='par_1_13' title="bbox 0 1700 1361 1763">
     <span class='ocr_line' id='line_1_26' title="bbox 0 1700 1361 1763; baseline -0.001 -16"><span class='ocrx_word' id='word_1_188' title='bbox 0 1716 3 1729; x_wconf 59' lang='lat'>⁸</span> <span class='ocrx_word' id='word_1_189' title='bbox 64 1759 67 1763; x_wconf 21' lang='grc' dir='ltr'><strong><em>Δ</em></strong></span> <span class='ocrx_word' id='word_1_190' title='bbox 87 1706 102 1736; x_wconf 81' lang='lat'>-&#39;=</span> <span class='ocrx_word' id='word_1_191' title='bbox 115 1701 269 1753; x_wconf 79' lang='lat' dir='ltr'>tendit,</span> <span class='ocrx_word' id='word_1_192' title='bbox 283 1702 407 1757; x_wconf 72' lang='lat' dir='ltr'>Juxta</span> <span class='ocrx_word' id='word_1_193' title='bbox 425 1702 556 1746; x_wconf 90' lang='lat' dir='ltr'>illud:</span> <span class='ocrx_word' id='word_1_194' title='bbox 578 1701 632 1746; x_wconf 87' lang='lat' dir='ltr'>Et</span> <span class='ocrx_word' id='word_1_195' title='bbox 652 1700 829 1746; x_wconf 75' lang='lat' dir='ltr'>ruaudus</span> <span class='ocrx_word' id='word_1_196' title='bbox 845 1704 999 1746; x_wconf 81' lang='lat' dir='ltr'>transit</span> <span class='ocrx_word' id='word_1_197' title='bbox 1013 1710 1051 1746; x_wconf 81' lang='lat' dir='ltr'>et</span> <span class='ocrx_word' id='word_1_198' title='bbox 1069 1703 1361 1757; x_wconf 78' lang='lat' dir='ltr'>concupiscen-</span> 
     </span>
    </p>
   </div>
   <div class='ocr_carea' id='block_1_14' title="bbox 11 1823 25 2731">
    <p class='ocr_par' dir='ltr' id='par_1_14' title="bbox 11 1823 25 2731">
     <span class='ocr_line' id='line_1_27' title="bbox 11 1823 25 2731; baseline 0 0"><span class='ocrx_word' id='word_1_199' title='bbox 11 1823 25 2731; x_wconf 95' lang='lat' dir='ltr'> </span> 
     </span>
    </p>
   </div>
   <div class='ocr_carea' id='block_1_15' title="bbox 115 1774 1361 1831">
    <p class='ocr_par' dir='ltr' id='par_1_15' title="bbox 115 1774 1361 1831">
     <span class='ocr_line' id='line_1_28' title="bbox 115 1774 1361 1831; baseline 0.001 -13"><span class='ocrx_word' id='word_1_200' title='bbox 115 1776 176 1818; x_wconf 76' lang='lat' dir='ltr'>tia</span> <span class='ocrx_word' id='word_1_201' title='bbox 202 1774 291 1830; x_wconf 78' lang='lat' dir='ltr'>ejus</span> <span class='ocrx_word' id='word_1_202' title='bbox 311 1774 353 1830; x_wconf 86' lang='lat'>(1</span> <span class='ocrx_word' id='word_1_203' title='bbox 379 1774 507 1819; x_wconf 83' lang='lat' dir='ltr'>Joan.</span> <span class='ocrx_word' id='word_1_204' title='bbox 529 1787 562 1818; x_wconf 79' lang='lat' dir='ltr'>u</span> <span class='ocrx_word' id='word_1_205' title='bbox 579 1807 589 1827; x_wconf 94' lang='lat'>,</span> <span class='ocrx_word' id='word_1_206' title='bbox 619 1775 707 1831; x_wconf 79' lang='lat'>17).</span> <span class='ocrx_word' id='word_1_207' title='bbox 735 1774 836 1820; x_wconf 84' lang='lat' dir='ltr'>ldeo</span> <span class='ocrx_word' id='word_1_208' title='bbox 866 1776 1103 1831; x_wconf 77' lang='lat' dir='ltr'>pertransit</span> <span class='ocrx_word' id='word_1_209' title='bbox 1131 1777 1291 1827; x_wconf 87' lang='lat' dir='ltr'>mulus,</span> <span class='ocrx_word' id='word_1_210' title='bbox 1318 1783 1361 1819; x_wconf 90' lang='lat' dir='ltr'>et</span> 
     </span>
    </p>
   </div>
   <div class='ocr_carea' id='block_1_16' title="bbox 71 1846 1368 1904">
    <p class='ocr_par' dir='ltr' id='par_1_16' title="bbox 71 1846 1368 1904">
     <span class='ocr_line' id='line_1_29' title="bbox 71 1846 1368 1904; baseline 0 -12"><span class='ocrx_word' id='word_1_211' title='bbox 71 1892 80 1897; x_wconf 60' lang='lat'><strong>„</strong></span> <span class='ocrx_word' id='word_1_212' title='bbox 117 1846 221 1892; x_wconf 82' lang='lat' dir='ltr'>muti</span> <span class='ocrx_word' id='word_1_213' title='bbox 239 1848 420 1891; x_wconf 88' lang='lat' dir='ltr'>moritur</span> <span class='ocrx_word' id='word_1_214' title='bbox 438 1860 598 1901; x_wconf 84' lang='lat' dir='ltr'>sessor,</span> <span class='ocrx_word' id='word_1_215' title='bbox 618 1848 720 1904; x_wconf 84' lang='lat' dir='ltr'>quia</span> <span class='ocrx_word' id='word_1_216' title='bbox 736 1848 1112 1900; x_wconf 80' lang='lat' dir='ltr'>transit-mundus,</span> <span class='ocrx_word' id='word_1_217' title='bbox 1141 1855 1184 1895; x_wconf 79' lang='lat' dir='ltr'>et</span> <span class='ocrx_word' id='word_1_218' title='bbox 1210 1849 1368 1892; x_wconf 85' lang='lat' dir='ltr'>mundi.</span> 
     </span>
    </p>
   </div>
   <div class='ocr_carea' id='block_1_17' title="bbox 114 1920 1362 2268">
    <p class='ocr_par' dir='ltr' id='par_1_17' title="bbox 116 1920 764 1981">
     <span class='ocr_line' id='line_1_30' title="bbox 116 1920 764 1981; baseline 0.006 -18"><span class='ocrx_word' id='word_1_219' title='bbox 116 1920 289 1981; x_wconf 76' lang='lat' dir='ltr'>punitur</span> <span class='ocrx_word' id='word_1_220' title='bbox 306 1925 487 1965; x_wconf 85' lang='lat' dir='ltr'>amator.</span> <span class='ocrx_word' id='word_1_221' title='bbox 761 1956 764 1959; x_wconf 85' lang='grc'><strong>-</strong></span> 
     </span>
    </p>

    <p class='ocr_par' dir='ltr' id='par_1_18' title="bbox 114 1991 1362 2268">
     <span class='ocr_line' id='line_1_31' title="bbox 172 1991 1362 2051; baseline 0.003 -15"><span class='ocrx_word' id='word_1_222' title='bbox 172 1991 348 2038; x_wconf 78' lang='lat' dir='ltr'>VLHac</span> <span class='ocrx_word' id='word_1_223' title='bbox 364 1999 506 2038; x_wconf 88' lang='lat' dir='ltr'>autem</span> <span class='ocrx_word' id='word_1_224' title='bbox 527 1995 698 2051; x_wconf 84' lang='lat' dir='ltr'>gemina</span> <span class='ocrx_word' id='word_1_225' title='bbox 714 1991 909 2047; x_wconf 80' lang='lat' dir='ltr'>scientia</span> <span class='ocrx_word' id='word_1_226' title='bbox 933 1995 1285 2046; x_wconf 80' lang='lat' dir='ltr'>infundes-huie,</span> <span class='ocrx_word' id='word_1_227' title='bbox 1309 1995 1362 2039; x_wconf 86' lang='lat' dir='ltr'>de</span> 
     </span>
     <span class='ocr_line' id='line_1_32' title="bbox 114 2065 1362 2124; baseline 0.001 -16"><span class='ocrx_word' id='word_1_228' title='bbox 114 2077 207 2122; x_wconf 72' lang='lat' dir='ltr'>quo-</span> <span class='ocrx_word' id='word_1_229' title='bbox 230 2065 463 2122; x_wconf 88' lang='lat' dir='ltr'>loquimur,</span> <span class='ocrx_word' id='word_1_230' title='bbox 493 2067 711 2124; x_wconf 79' lang='lat' dir='ltr'>peccatori</span> <span class='ocrx_word' id='word_1_231' title='bbox 738 2078 815 2111; x_wconf 84' lang='lat' dir='ltr'>cor</span> <span class='ocrx_word' id='word_1_232' title='bbox 839 2069 1071 2112; x_wconf 84' lang='lat' dir='ltr'>contritum</span> <span class='ocrx_word' id='word_1_233' title='bbox 1090 2074 1132 2111; x_wconf 88' lang='lat' dir='ltr'>et</span> <span class='ocrx_word' id='word_1_234' title='bbox 1161 2067 1362 2109; x_wconf 86' lang='lat' dir='ltr'>humilia-</span> 
     </span>
     <span class='ocr_line' id='line_1_33' title="bbox 117 2137 1362 2198; baseline 0.002 -18"><span class='ocrx_word' id='word_1_235' title='bbox 117 2144 221 2191; x_wconf 68' lang='lat' dir='ltr'>tum,</span> <span class='ocrx_word' id='word_1_236' title='bbox 242 2139 358 2195; x_wconf 87' lang='lat' dir='ltr'>quod</span> <span class='ocrx_word' id='word_1_237' title='bbox 374 2137 488 2184; x_wconf 86' lang='lat' dir='ltr'>Deus</span> <span class='ocrx_word' id='word_1_238' title='bbox 511 2151 600 2183; x_wconf 88' lang='lat' dir='ltr'>non</span> <span class='ocrx_word' id='word_1_239' title='bbox 619 2141 783 2196; x_wconf 74' lang='lat' dir='ltr'>spernit</span> <span class='ocrx_word' id='word_1_240' title='bbox 806 2139 945 2198; x_wconf 58' lang='grc' dir='ltr'>(ἕως</span> <span class='ocrx_word' id='word_1_241' title='bbox 965 2153 1007 2193; x_wconf 76' lang='lat' dir='ltr'>L,</span> <span class='ocrx_word' id='word_1_242' title='bbox 1029 2140 1115 2198; x_wconf 74' lang='lat'>19).</span> <span class='ocrx_word' id='word_1_243' title='bbox 1137 2139 1362 2191; x_wconf 79' lang='lat' dir='ltr'>Quatenus</span> 
     </span>
     <span class='ocr_line' id='line_1_34' title="bbox 115 2209 1360 2268; baseline 0.002 -14"><span class='ocrx_word' id='word_1_244' title='bbox 115 2209 160 2254; x_wconf 86' lang='lat' dir='ltr'>iu</span> <span class='ocrx_word' id='word_1_245' title='bbox 181 2211 248 2256; x_wconf 87' lang='lat' dir='ltr'>sui</span> <span class='ocrx_word' id='word_1_246' title='bbox 279 2211 416 2268; x_wconf 88' lang='lat' dir='ltr'>ipsius</span> <span class='ocrx_word' id='word_1_247' title='bbox 444 2213 794 2258; x_wconf 79' lang='lat' dir='ltr'>consideratione</span> <span class='ocrx_word' id='word_1_248' title='bbox 826 2212 1093 2263; x_wconf 83' lang='lat' dir='ltr'>humilietur,</span> <span class='ocrx_word' id='word_1_249' title='bbox 1114 2225 1168 2256; x_wconf 88' lang='lat' dir='ltr'>ne</span> <span class='ocrx_word' id='word_1_250' title='bbox 1198 2212 1360 2256; x_wconf 88' lang='lat' dir='ltr'>diutius</span> 
     </span>
    </p>
   </div>
   <div class='ocr_carea' id='block_1_18' title="bbox 92 2275 1374 2416">
    <p class='ocr_par' dir='ltr' id='par_1_19' title="bbox 92 2275 1374 2416">
     <span class='ocr_line' id='line_1_35' title="bbox 92 2275 1361 2342; baseline -0.001 -14"><span class='ocrx_word' id='word_1_251' title='bbox 92 2295 162 2328; x_wconf 64' lang='lat' dir='ltr'>&gt;se</span> <span class='ocrx_word' id='word_1_252' title='bbox 177 2279 368 2335; x_wconf 79' lang='lat' dir='ltr'>extollat,</span> <span class='ocrx_word' id='word_1_253' title='bbox 393 2292 436 2330; x_wconf 89' lang='lat' dir='ltr'>et</span> <span class='ocrx_word' id='word_1_254' title='bbox 465 2275 610 2342; x_wconf 86' lang='lat' dir='ltr'>agnita</span> <span class='ocrx_word' id='word_1_255' title='bbox 641 2285 855 2331; x_wconf 78' lang='lat' dir='ltr'>brevitate</span> <span class='ocrx_word' id='word_1_256' title='bbox 869 2286 967 2331; x_wconf 73' lang='lat' dir='ltr'>vitae</span> <span class='ocrx_word' id='word_1_257' title='bbox 997 2285 1143 2342; x_wconf 68' lang='lat' dir='ltr'>bujnns,</span> <span class='ocrx_word' id='word_1_258' title='bbox 1162 2292 1361 2328; x_wconf 80' lang='lat' dir='ltr'>contera-</span> 
     </span>
     <span class='ocr_line' id='line_1_36' title="bbox 114 2359 1374 2416; baseline 0 -16"><span class='ocrx_word' id='word_1_259' title='bbox 114 2363 200 2410; x_wconf 84' lang='lat' dir='ltr'>tur,</span> <span class='ocrx_word' id='word_1_260' title='bbox 217 2371 273 2402; x_wconf 86' lang='lat' dir='ltr'>ne</span> <span class='ocrx_word' id='word_1_261' title='bbox 287 2359 449 2403; x_wconf 89' lang='lat' dir='ltr'>diutius</span> <span class='ocrx_word' id='word_1_262' title='bbox 465 2359 662 2416; x_wconf 80' lang='lat' dir='ltr'>gaudeat.</span> <span class='ocrx_word' id='word_1_263' title='bbox 683 2359 774 2403; x_wconf 91' lang='lat' dir='ltr'>Duc</span> <span class='ocrx_word' id='word_1_264' title='bbox 791 2360 910 2404; x_wconf 84' lang='lat' dir='ltr'>illum</span> <span class='ocrx_word' id='word_1_265' title='bbox 922 2361 1021 2416; x_wconf 75' lang='lat' dir='ltr'>[post</span> <span class='ocrx_word' id='word_1_266' title='bbox 1034 2360 1123 2403; x_wconf 80' lang='lat' dir='ltr'>haec</span> <span class='ocrx_word' id='word_1_267' title='bbox 1142 2360 1186 2402; x_wconf 87' lang='lat' dir='ltr'>in</span> <span class='ocrx_word' id='word_1_268' title='bbox 1206 2365 1374 2416; x_wconf 26' lang='lat' dir='ltr'>terram·</span> 
     </span>
    </p>
   </div>
   <div class='ocr_carea' id='block_1_19' title="bbox 113 2430 1361 2709">
    <p class='ocr_par' dir='ltr' id='par_1_20' title="bbox 113 2430 1361 2709">
     <span class='ocr_line' id='line_1_37' title="bbox 113 2430 1360 2490; baseline -0.001 -13"><span class='ocrx_word' id='word_1_269' title='bbox 113 2431 234 2477; x_wconf 74' lang='lat' dir='ltr'>ittam</span> <span class='ocrx_word' id='word_1_270' title='bbox 264 2430 538 2490; x_wconf 70' lang='lat' dir='ltr'>tenebrosam,</span> <span class='ocrx_word' id='word_1_271' title='bbox 567 2433 620 2477; x_wconf 90' lang='lat' dir='ltr'>de</span> <span class='ocrx_word' id='word_1_272' title='bbox 648 2447 733 2490; x_wconf 87' lang='lat' dir='ltr'>qua</span> <span class='ocrx_word' id='word_1_273' title='bbox 764 2434 955 2490; x_wconf 77' lang='lat' dir='ltr'>loquitur</span> <span class='ocrx_word' id='word_1_274' title='bbox 983 2439 1161 2479; x_wconf 84' lang='lat' dir='ltr'>sauctus</span> <span class='ocrx_word' id='word_1_275' title='bbox 1190 2432 1286 2486; x_wconf 84' lang='lat' dir='ltr'>Job,</span> <span class='ocrx_word' id='word_1_276' title='bbox 1320 2441 1360 2476; x_wconf 83' lang='lat' dir='ltr'>et</span> 
     </span>
     <span class='ocr_line' id='line_1_38' title="bbox 115 2497 1360 2568; baseline -0.001 -19"><span class='ocrx_word' id='word_1_277' title='bbox 115 2512 300 2561; x_wconf 74' lang='lat' dir='ltr'>opertam</span> <span class='ocrx_word' id='word_1_278' title='bbox 317 2507 462 2550; x_wconf 75' lang='lat' dir='ltr'>mortis</span> <span class='ocrx_word' id='word_1_279' title='bbox 486 2507 680 2568; x_wconf 17' lang='lat' dir='ltr'>catiqiuen,</span> <span class='ocrx_word' id='word_1_280' title='bbox 700 2501 830 2563; x_wconf 81' lang='lat' dir='ltr'>quam</span> <span class='ocrx_word' id='word_1_281' title='bbox 848 2508 979 2551; x_wconf 88' lang='lat' dir='ltr'>etiam</span> <span class='ocrx_word' id='word_1_282' title='bbox 1011 2497 1116 2551; x_wconf 88' lang='lat' dir='ltr'>dicit</span> <span class='ocrx_word' id='word_1_283' title='bbox 1133 2518 1248 2558; x_wconf 80' lang='lat' dir='ltr'>esse,</span> <span class='ocrx_word' id='word_1_284' title='bbox 1280 2506 1360 2549; x_wconf 80' lang='lat' dir='ltr'>mi·</span> 
     </span>
     <span class='ocr_line' id='line_1_39' title="bbox 113 2577 1361 2638; baseline 0 -16"><span class='ocrx_word' id='word_1_285' title='bbox 113 2578 232 2622; x_wconf 67' lang='lat' dir='ltr'>serice</span> <span class='ocrx_word' id='word_1_286' title='bbox 254 2585 294 2622; x_wconf 83' lang='lat' dir='ltr'>et</span> <span class='ocrx_word' id='word_1_287' title='bbox 327 2577 587 2622; x_wconf 79' lang='lat' dir='ltr'>tenebrarum</span> <span class='ocrx_word' id='word_1_288' title='bbox 616 2578 711 2636; x_wconf 76' lang='lat' dir='ltr'>(Iob</span> <span class='ocrx_word' id='word_1_289' title='bbox 745 2594 771 2623; x_wconf 80' lang='lat' dir='ltr'>x</span> <span class='ocrx_word' id='word_1_290' title='bbox 790 2611 801 2631; x_wconf 87' lang='lat'>,</span> <span class='ocrx_word' id='word_1_291' title='bbox 830 2580 927 2638; x_wconf 72' lang='lat'>22),</span> <span class='ocrx_word' id='word_1_292' title='bbox 951 2582 1150 2626; x_wconf 80' lang='lat' dir='ltr'>asserens</span> <span class='ocrx_word' id='word_1_293' title='bbox 1178 2580 1280 2637; x_wconf 84' lang='lat' dir='ltr'>quid</span> <span class='ocrx_word' id='word_1_294' title='bbox 1305 2580 1361 2623; x_wconf 86' lang='lat' dir='ltr'>sit</span> 
     </span>
     <span class='ocr_line' id='line_1_40' title="bbox 115 2641 1358 2709; baseline 0.005 -17"><span class='ocrx_word' id='word_1_295' title='bbox 115 2645 192 2709; x_wconf 79' lang='lat' dir='ltr'>[al.</span> <span class='ocrx_word' id='word_1_296' title='bbox 219 2650 334 2707; x_wconf 87' lang='lat' dir='ltr'>quod</span> <span class='ocrx_word' id='word_1_297' title='bbox 361 2650 434 2708; x_wconf 85' lang='lat' dir='ltr'>sit]</span> <span class='ocrx_word' id='word_1_298' title='bbox 456 2646 514 2694; x_wconf 88' lang='lat' dir='ltr'>ibi</span> <span class='ocrx_word' id='word_1_299' title='bbox 549 2641 700 2695; x_wconf 83' lang='lat' dir='ltr'>umbra</span> <span class='ocrx_word' id='word_1_300' title='bbox 720 2653 875 2698; x_wconf 87' lang='lat' dir='ltr'>mortis</span> <span class='ocrx_word' id='word_1_301' title='bbox 900 2658 942 2697; x_wconf 87' lang='lat' dir='ltr'>et</span> <span class='ocrx_word' id='word_1_302' title='bbox 960 2654 1104 2697; x_wconf 78' lang='lat' dir='ltr'>nullus</span> <span class='ocrx_word' id='word_1_303' title='bbox 1136 2653 1259 2705; x_wconf 85' lang='lat' dir='ltr'>ordo,</span> <span class='ocrx_word' id='word_1_304' title='bbox 1284 2653 1358 2698; x_wconf 86' lang='lat' dir='ltr'>sed</span> 
     </span>
    </p>
   </div>
   <div class='ocr_carea' id='block_1_20' title="bbox 0 2713 1358 2782">
    <p class='ocr_par' dir='ltr' id='par_1_21' title="bbox 0 2713 1358 2782">
     <span class='ocr_line' id='line_1_41' title="bbox 0 2713 1358 2782; baseline 0 -14"><span class='ocrx_word' id='word_1_305' title='bbox 0 2742 11 2782; x_wconf 57' lang='grc' dir='ltr'>,ι</span> <span class='ocrx_word' id='word_1_306' title='bbox 43 2713 70 2776; x_wconf 12' lang='lat'>*⁷</span> <span class='ocrx_word' id='word_1_307' title='bbox 107 2724 402 2782; x_wconf 29' lang='lat' dir='ltr'>,senipiternus</span> <span class='ocrx_word' id='word_1_308' title='bbox 425 2725 580 2768; x_wconf 84' lang='lat' dir='ltr'>horror</span> <span class='ocrx_word' id='word_1_309' title='bbox 595 2725 861 2770; x_wconf 82' lang='lat' dir='ltr'>inhabitans.</span> <span class='ocrx_word' id='word_1_310' title='bbox 889 2725 1058 2770; x_wconf 80' lang='lat' dir='ltr'>Revoca</span> <span class='ocrx_word' id='word_1_311' title='bbox 1079 2726 1140 2769; x_wconf 90' lang='lat' dir='ltr'>illi</span> <span class='ocrx_word' id='word_1_312' title='bbox 1156 2727 1285 2770; x_wconf 80' lang='lat' dir='ltr'>etiarn</span> <span class='ocrx_word' id='word_1_313' title='bbox 1305 2726 1358 2768; x_wconf 87' lang='lat' dir='ltr'>ad</span> 
     </span>
    </p>
   </div>
   <div class='ocr_carea' id='block_1_21' title="bbox 0 2792 1359 2859">
    <p class='ocr_par' dir='ltr' id='par_1_22' title="bbox 0 2792 1359 2859">
     <span class='ocr_line' id='line_1_42' title="bbox 0 2792 1359 2859; baseline 0.001 -17"><span class='ocrx_word' id='word_1_314' title='bbox 0 2831 1 2842; x_wconf 62' lang='grc'>,</span> <span class='ocrx_word' id='word_1_315' title='bbox 55 2794 59 2798; x_wconf 68' lang='grc'><strong>’</strong></span> <span class='ocrx_word' id='word_1_316' title='bbox 115 2797 365 2844; x_wconf 71' lang='lat' dir='ltr'>memoriam</span> <span class='ocrx_word' id='word_1_317' title='bbox 399 2798 503 2854; x_wconf 80' lang='lat' dir='ltr'>iliud</span> <span class='ocrx_word' id='word_1_318' title='bbox 536 2797 672 2850; x_wconf 81' lang='lat' dir='ltr'>Isaiae‚</span> <span class='ocrx_word' id='word_1_319' title='bbox 711 2798 828 2859; x_wconf 78' lang='lat' dir='ltr'>quod</span> <span class='ocrx_word' id='word_1_320' title='bbox 863 2800 1012 2846; x_wconf 69' lang='lat' dir='ltr'>zei-mis</span> <span class='ocrx_word' id='word_1_321' title='bbox 1052 2792 1211 2852; x_wconf 73' lang='lat' dir='ltr'>eorum,</span> <span class='ocrx_word' id='word_1_322' title='bbox 1245 2799 1359 2843; x_wconf 79' lang='lat' dir='ltr'>haud</span> 
     </span>
    </p>
   </div>
   <div class='ocr_carea' id='block_1_22' title="bbox 110 2868 1358 2927">
    <p class='ocr_par' dir='ltr' id='par_1_23' title="bbox 110 2868 1358 2927">
     <span class='ocr_line' id='line_1_43' title="bbox 110 2868 1358 2927; baseline -0.002 -14"><span class='ocrx_word' id='word_1_323' title='bbox 110 2869 292 2916; x_wconf 18' lang='lat' dir='ltr'>&#39;dubium</span> <span class='ocrx_word' id='word_1_324' title='bbox 316 2871 422 2926; x_wconf 87' lang='lat' dir='ltr'>quin</span> <span class='ocrx_word' id='word_1_325' title='bbox 445 2868 657 2922; x_wconf 87' lang='lat' dir='ltr'>virorum,</span> <span class='ocrx_word' id='word_1_326' title='bbox 676 2871 754 2926; x_wconf 85' lang='lat' dir='ltr'>qui</span> <span class='ocrx_word' id='word_1_327' title='bbox 780 2871 1050 2927; x_wconf 78' lang='lat' dir='ltr'>praevaricati</span> <span class='ocrx_word' id='word_1_328' title='bbox 1070 2877 1171 2915; x_wconf 83' lang='lat' dir='ltr'>sunt</span> <span class='ocrx_word' id='word_1_329' title='bbox 1199 2870 1244 2913; x_wconf 87' lang='lat' dir='ltr'>in</span> <span class='ocrx_word' id='word_1_330' title='bbox 1271 2870 1358 2917; x_wconf 76' lang='lat' dir='ltr'>no-</span> 
     </span>
    </p>
   </div>
   <div class='ocr_carea' id='block_1_23' title="bbox 0 2942 1355 3006">
    <p class='ocr_par' dir='ltr' id='par_1_24' title="bbox 0 2931 1355 3006">
     <span class='ocr_line' id='line_1_44' title="bbox 0 2942 1355 3006; baseline 0.003 -22"><span class='ocrx_word' id='word_1_331' title='bbox 0 2943 1 2947; x_wconf 76' lang='grc'>’</span> <span class='ocrx_word' id='word_1_332' title='bbox 115 2942 295 2994; x_wconf 75' lang='lat' dir='ltr'>urinum,</span> <span class='ocrx_word' id='word_1_333' title='bbox 318 2956 400 2986; x_wconf 81' lang='lat' dir='ltr'>non</span> <span class='ocrx_word' id='word_1_334' title='bbox 424 2944 639 2995; x_wconf 73' lang='lat' dir='ltr'>morietur,</span> <span class='ocrx_word' id='word_1_335' title='bbox 666 2950 704 2986; x_wconf 81' lang='lat' dir='ltr'>et</span> <span class='ocrx_word' id='word_1_336' title='bbox 722 2944 830 3000; x_wconf 75' lang='lat' dir='ltr'>iqnis</span> <span class='ocrx_word' id='word_1_337' title='bbox 847 2957 930 2987; x_wconf 69' lang='lat' dir='ltr'>nou</span> <span class='ocrx_word' id='word_1_338' title='bbox 945 2944 1229 3006; x_wconf 61' lang='lat' dir='ltr'>exstinguetur</span> <span class='ocrx_word' id='word_1_339' title='bbox 1248 2943 1355 3000; x_wconf 81' lang='lat' dir='ltr'>(Isa.</span> 
     </span>
    </p>
   </div>
   <div class='ocr_carea' id='block_1_24' title="bbox 23 3213 1379 3294">
    <p class='ocr_par' dir='ltr' id='par_1_25' title="bbox 23 3213 1379 3294">
     <span class='ocr_line' id='line_1_45' title="bbox 23 3213 1379 3294; baseline 0.001 -17"><span class='ocrx_word' id='word_1_340' title='bbox 23 3213 26 3219; x_wconf 50' lang='lat'>.</span> <span class='ocrx_word' id='word_1_341' title='bbox 73 3285 77 3288; x_wconf 31' lang='grc'>,</span> <span class='ocrx_word' id='word_1_342' title='bbox 112 3241 153 3277; x_wconf 79' lang='lat' dir='ltr'>et</span> <span class='ocrx_word' id='word_1_343' title='bbox 173 3235 330 3279; x_wconf 81' lang='lat' dir='ltr'>stridor</span> <span class='ocrx_word' id='word_1_344' title='bbox 361 3235 548 3279; x_wconf 77' lang='lat' dir='ltr'>dentium</span> <span class='ocrx_word' id='word_1_345' title='bbox 582 3234 754 3294; x_wconf 67' lang='lat' dir='ltr'>(Matala.</span> <span class='ocrx_word' id='word_1_346' title='bbox 790 3247 887 3287; x_wconf 82' lang='lat' dir='ltr'>xm,</span> <span class='ocrx_word' id='word_1_347' title='bbox 921 3235 1009 3292; x_wconf 76' lang='lat'>50).</span> <span class='ocrx_word' id='word_1_348' title='bbox 1034 3250 1048 3275; x_wconf 71' lang='grc' dir='ltr'>ι</span> <span class='ocrx_word' id='word_1_349' title='bbox 1078 3233 1191 3287; x_wconf 85' lang='lat' dir='ltr'>Quid</span> <span class='ocrx_word' id='word_1_350' title='bbox 1223 3229 1379 3278; x_wconf 23' lang='lat' dir='ltr'>iashist·</span> 
     </span>
    </p>
   </div>
   <div class='ocr_carea' id='block_1_25' title="bbox 120 3958 204 4000">
    <p class='ocr_par' dir='ltr' id='par_1_26' title="bbox 120 3958 204 4000">
     <span class='ocr_line' id='line_1_46' title="bbox 120 3958 204 4000; baseline 0 0"><span class='ocrx_word' id='word_1_351' title='bbox 120 3958 204 4000; x_wconf 70' lang='lat' dir='ltr'>tem</span> 
     </span>
    </p>
   </div>
   <div class='ocr_carea' id='block_1_26' title="bbox 116 3016 1353 3074">
    <p class='ocr_par' dir='ltr' id='par_1_27' title="bbox 116 3016 1353 3074">
     <span class='ocr_line' id='line_1_47' title="bbox 116 3016 1353 3074; baseline 0 -13"><span class='ocrx_word' id='word_1_352' title='bbox 116 3027 229 3067; x_wconf 71' lang='lat' dir='ltr'>var,</span> <span class='ocrx_word' id='word_1_353' title='bbox 252 3017 342 3074; x_wconf 79' lang='lat'>24).</span> <span class='ocrx_word' id='word_1_354' title='bbox 367 3016 458 3060; x_wconf 83' lang='lat' dir='ltr'>Hoc</span> <span class='ocrx_word' id='word_1_355' title='bbox 478 3029 648 3073; x_wconf 87' lang='lat' dir='ltr'>quoque</span> <span class='ocrx_word' id='word_1_356' title='bbox 660 3017 774 3072; x_wconf 79' lang='lat' dir='ltr'>quod</span> <span class='ocrx_word' id='word_1_357' title='bbox 798 3029 874 3072; x_wconf 84' lang='lat' dir='ltr'>per</span> <span class='ocrx_word' id='word_1_358' title='bbox 885 3017 1161 3073; x_wconf 84' lang='lat' dir='ltr'>semetipsam</span> <span class='ocrx_word' id='word_1_359' title='bbox 1180 3016 1353 3061; x_wconf 79' lang='lat' dir='ltr'>Veritas</span> 
     </span>
    </p>
   </div>
   <div class='ocr_carea' id='block_1_27' title="bbox 105 3089 1357 3146">
    <p class='ocr_par' dir='ltr' id='par_1_28' title="bbox 105 3089 1357 3146">
     <span class='ocr_line' id='line_1_48' title="bbox 105 3089 1357 3146; baseline 0.001 -14"><span class='ocrx_word' id='word_1_360' title='bbox 105 3089 175 3132; x_wconf 66' lang='lat' dir='ltr'>‘ait</span> <span class='ocrx_word' id='word_1_361' title='bbox 193 3090 323 3146; x_wconf 86' lang='lat' dir='ltr'>:quia</span> <span class='ocrx_word' id='word_1_362' title='bbox 343 3090 512 3133; x_wconf 80' lang='lat' dir='ltr'>exibunt</span> <span class='ocrx_word' id='word_1_363' title='bbox 531 3090 667 3146; x_wconf 72' lang='lat' dir='ltr'>anqeli</span> <span class='ocrx_word' id='word_1_364' title='bbox 685 3098 725 3133; x_wconf 82' lang='lat' dir='ltr'>et</span> <span class='ocrx_word' id='word_1_365' title='bbox 740 3089 993 3144; x_wconf 74' lang='lat' dir='ltr'>separabunt</span> <span class='ocrx_word' id='word_1_366' title='bbox 1013 3091 1144 3134; x_wconf 82' lang='lat' dir='ltr'>malos</span> <span class='ocrx_word' id='word_1_367' title='bbox 1160 3089 1211 3133; x_wconf 80' lang='lat' dir='ltr'>de</span> <span class='ocrx_word' id='word_1_368' title='bbox 1225 3089 1357 3133; x_wconf 79' lang='lat' dir='ltr'>medio</span> 
     </span>
    </p>
   </div>
   <div class='ocr_carea' id='block_1_28' title="bbox 108 3162 1358 3219">
    <p class='ocr_par' dir='ltr' id='par_1_29' title="bbox 108 3162 1358 3219">
     <span class='ocr_line' id='line_1_49' title="bbox 108 3162 1358 3219; baseline 0.001 -15"><span class='ocrx_word' id='word_1_369' title='bbox 108 3162 318 3218; x_wconf 79' lang='lat' dir='ltr'>justorum</span> <span class='ocrx_word' id='word_1_370' title='bbox 334 3164 547 3206; x_wconf 77' lang='lat' dir='ltr'>etmittcnt</span> <span class='ocrx_word' id='word_1_371' title='bbox 564 3178 631 3206; x_wconf 83' lang='lat' dir='ltr'>eos</span> <span class='ocrx_word' id='word_1_372' title='bbox 650 3164 692 3206; x_wconf 83' lang='lat' dir='ltr'>in</span> <span class='ocrx_word' id='word_1_373' title='bbox 709 3164 916 3206; x_wconf 68' lang='lat' dir='ltr'>coruinum</span> <span class='ocrx_word' id='word_1_374' title='bbox 935 3164 1058 3219; x_wconf 61' lang='lat' dir='ltr'>ignis,</span> <span class='ocrx_word' id='word_1_375' title='bbox 1076 3164 1132 3206; x_wconf 82' lang='lat' dir='ltr'>ibi</span> <span class='ocrx_word' id='word_1_376' title='bbox 1148 3164 1226 3206; x_wconf 78' lang='lat' dir='ltr'>erit</span> <span class='ocrx_word' id='word_1_377' title='bbox 1236 3163 1358 3218; x_wconf 79' lang='lat' dir='ltr'>fletus</span> 
     </span>
    </p>
   </div>
   <div class='ocr_carea' id='block_1_29' title="bbox 116 3303 1358 3361">
    <p class='ocr_par' dir='ltr' id='par_1_30' title="bbox 116 3303 1358 3361">
     <span class='ocr_line' id='line_1_50' title="bbox 116 3303 1358 3361; baseline 0.002 -17"><span class='ocrx_word' id='word_1_378' title='bbox 116 3304 313 3348; x_wconf 87' lang='lat' dir='ltr'>omnibus</span> <span class='ocrx_word' id='word_1_379' title='bbox 331 3304 447 3348; x_wconf 83' lang='lat' dir='ltr'>videt</span> <span class='ocrx_word' id='word_1_380' title='bbox 465 3304 580 3361; x_wconf 81' lang='lat' dir='ltr'>quod</span> <span class='ocrx_word' id='word_1_381' title='bbox 601 3317 687 3348; x_wconf 91' lang='lat' dir='ltr'>non</span> <span class='ocrx_word' id='word_1_382' title='bbox 715 3306 880 3356; x_wconf 86' lang='lat' dir='ltr'>timeat,</span> <span class='ocrx_word' id='word_1_383' title='bbox 906 3303 1011 3359; x_wconf 87' lang='lat' dir='ltr'>quid</span> <span class='ocrx_word' id='word_1_384' title='bbox 1031 3304 1221 3347; x_wconf 85' lang='lat' dir='ltr'>intuetur</span> <span class='ocrx_word' id='word_1_385' title='bbox 1242 3303 1358 3360; x_wconf 88' lang='lat' dir='ltr'>quod</span> 
     </span>
    </p>
   </div>
   <div class='ocr_carea' id='block_1_30' title="bbox 104 3375 1416 3507">
    <p class='ocr_par' dir='ltr' id='par_1_31' title="bbox 104 3375 1416 3507">
     <span class='ocr_line' id='line_1_51' title="bbox 114 3375 1416 3440; baseline 0.001 -23"><span class='ocrx_word' id='word_1_386' title='bbox 114 3375 201 3418; x_wconf 85' lang='lat' dir='ltr'>non</span> <span class='ocrx_word' id='word_1_387' title='bbox 220 3377 482 3421; x_wconf 71' lang='lat' dir='ltr'><strong>exhorreat?</strong></span> <span class='ocrx_word' id='word_1_388' title='bbox 503 3376 601 3421; x_wconf 83' lang='lat' dir='ltr'>llaec</span> <span class='ocrx_word' id='word_1_389' title='bbox 618 3378 764 3434; x_wconf 86' lang='lat' dir='ltr'>itaque</span> <span class='ocrx_word' id='word_1_390' title='bbox 783 3378 866 3419; x_wconf 88' lang='lat' dir='ltr'>tria</span> <span class='ocrx_word' id='word_1_391' title='bbox 886 3381 1002 3430; x_wconf 84' lang='lat' dir='ltr'>sunt,</span> <span class='ocrx_word' id='word_1_392' title='bbox 1020 3389 1115 3434; x_wconf 81' lang='lat' dir='ltr'>quae</span> <span class='ocrx_word' id='word_1_393' title='bbox 1130 3377 1169 3420; x_wconf 91' lang='lat' dir='ltr'>ei</span> <span class='ocrx_word' id='word_1_394' title='bbox 1195 3387 1354 3432; x_wconf 86' lang='lat' dir='ltr'>propo·</span> <span class='ocrx_word' id='word_1_395' title='bbox 1381 3397 1416 3440; x_wconf 81' lang='lat' dir='ltr'>D</span> 
     </span>
     <span class='ocr_line' id='line_1_52' title="bbox 104 3450 1354 3507; baseline 0 -15"><span class='ocrx_word' id='word_1_396' title='bbox 104 3458 218 3493; x_wconf 59' lang='lat' dir='ltr'>nere</span> <span class='ocrx_word' id='word_1_397' title='bbox 239 3450 386 3502; x_wconf 88' lang='lat' dir='ltr'>debes,</span> <span class='ocrx_word' id='word_1_398' title='bbox 411 3455 460 3494; x_wconf 88' lang='lat' dir='ltr'>ut</span> <span class='ocrx_word' id='word_1_399' title='bbox 491 3451 547 3494; x_wconf 88' lang='lat' dir='ltr'>ad</span> <span class='ocrx_word' id='word_1_400' title='bbox 577 3450 752 3507; x_wconf 87' lang='lat' dir='ltr'>plenum</span> <span class='ocrx_word' id='word_1_401' title='bbox 780 3463 878 3495; x_wconf 89' lang='lat' dir='ltr'>eum</span> <span class='ocrx_word' id='word_1_402' title='bbox 902 3451 1099 3493; x_wconf 85' lang='lat' dir='ltr'>timorem</span> <span class='ocrx_word' id='word_1_403' title='bbox 1128 3461 1354 3505; x_wconf 81' lang='lat' dir='ltr'><strong>provoces.</strong></span> 
     </span>
    </p>
   </div>
   <div class='ocr_carea' id='block_1_31' title="bbox 115 3517 1358 3659">
    <p class='ocr_par' dir='ltr' id='par_1_32' title="bbox 115 3517 1358 3659">
     <span class='ocr_line' id='line_1_53' title="bbox 115 3517 1358 3579; baseline 0 -15"><span class='ocrx_word' id='word_1_404' title='bbox 115 3517 304 3567; x_wconf 73' lang='lat' dir='ltr'>&#39;Foeditas</span> <span class='ocrx_word' id='word_1_405' title='bbox 323 3524 521 3569; x_wconf 82' lang='lat' dir='ltr'>videlicet</span> <span class='ocrx_word' id='word_1_406' title='bbox 536 3529 679 3579; x_wconf 76' lang='lat' dir='ltr'>pravae</span> <span class='ocrx_word' id='word_1_407' title='bbox 700 3518 790 3568; x_wconf 78' lang='lat' dir='ltr'>suae</span> <span class='ocrx_word' id='word_1_408' title='bbox 806 3523 1150 3569; x_wconf 83' lang='lat' dir='ltr'>conversationis</span> <span class='ocrx_word' id='word_1_409' title='bbox 1169 3522 1358 3565; x_wconf 75' lang='lat' dir='ltr'>infundit</span> 
     </span>
     <span class='ocr_line' id='line_1_54' title="bbox 119 3590 1357 3659; baseline -0.002 -19"><span class='ocrx_word' id='word_1_410' title='bbox 119 3596 161 3640; x_wconf 76' lang='lat' dir='ltr'>ci</span> <span class='ocrx_word' id='word_1_411' title='bbox 183 3595 464 3642; x_wconf 75' lang='lat' dir='ltr'>humilitatem</span> <span class='ocrx_word' id='word_1_412' title='bbox 485 3610 581 3654; x_wconf 85' lang='lat' dir='ltr'>quae</span> <span class='ocrx_word' id='word_1_413' title='bbox 603 3595 936 3659; x_wconf 74' lang='lat' dir='ltr'>insusainanem</span> <span class='ocrx_word' id='word_1_414' title='bbox 965 3597 1010 3639; x_wconf 88' lang='lat' dir='ltr'>in</span> <span class='ocrx_word' id='word_1_415' title='bbox 1030 3609 1081 3640; x_wconf 90' lang='lat' dir='ltr'>eo</span> <span class='ocrx_word' id='word_1_416' title='bbox 1098 3590 1268 3650; x_wconf 85' lang='lat' dir='ltr'>perimit</span> <span class='ocrx_word' id='word_1_417' title='bbox 1285 3600 1357 3637; x_wconf 85' lang='lat' dir='ltr'>tu-</span> 
     </span>
    </p>
   </div>
   <div class='ocr_carea' id='block_1_32' title="bbox 73 3667 1359 3724">
    <p class='ocr_par' dir='ltr' id='par_1_33' title="bbox 73 3667 1359 3724">
     <span class='ocr_line' id='line_1_55' title="bbox 73 3667 1359 3724; baseline -0.002 -12"><span class='ocrx_word' id='word_1_418' title='bbox 73 3673 75 3675; x_wconf 79' lang='grc'><strong>’</strong></span> <span class='ocrx_word' id='word_1_419' title='bbox 121 3679 308 3722; x_wconf 86' lang='lat' dir='ltr'>morem;</span> <span class='ocrx_word' id='word_1_420' title='bbox 327 3670 616 3714; x_wconf 84' lang='lat' dir='ltr'>consideratio</span> <span class='ocrx_word' id='word_1_421' title='bbox 631 3669 853 3714; x_wconf 76' lang='lat' dir='ltr'>brevitatis</span> <span class='ocrx_word' id='word_1_422' title='bbox 868 3670 967 3713; x_wconf 80' lang='lat' dir='ltr'>vitae</span> <span class='ocrx_word' id='word_1_423' title='bbox 981 3668 1207 3724; x_wconf 74' lang='lat' dir='ltr'>praesentis</span> <span class='ocrx_word' id='word_1_424' title='bbox 1229 3667 1359 3711; x_wconf 85' lang='lat' dir='ltr'>insert</span> 
     </span>
    </p>
   </div>
   <div class='ocr_carea' id='block_1_33' title="bbox 115 3730 1362 3942">
    <p class='ocr_par' dir='ltr' id='par_1_34' title="bbox 115 3730 1362 3942">
     <span class='ocr_line' id='line_1_56' title="bbox 117 3730 1359 3802; baseline -0.002 -18"><span class='ocrx_word' id='word_1_425' title='bbox 117 3738 158 3784; x_wconf 77' lang='lat' dir='ltr'>ei</span> <span class='ocrx_word' id='word_1_426' title='bbox 179 3738 385 3792; x_wconf 77' lang='lat' dir='ltr'>dotorem,</span> <span class='ocrx_word' id='word_1_427' title='bbox 422 3740 505 3797; x_wconf 63' lang='lat' dir='ltr'>qui&gt;</span> <span class='ocrx_word' id='word_1_428' title='bbox 527 3730 885 3794; x_wconf 78' lang='lat' dir='ltr'>illatuslaetitiam</span> <span class='ocrx_word' id='word_1_429' title='bbox 914 3742 968 3783; x_wconf 88' lang='lat' dir='ltr'>ab</span> <span class='ocrx_word' id='word_1_430' title='bbox 993 3752 1049 3784; x_wconf 89' lang='lat' dir='ltr'>eo</span> <span class='ocrx_word' id='word_1_431' title='bbox 1075 3740 1214 3802; x_wconf 78' lang='lat' dir='ltr'>aufert</span> <span class='ocrx_word' id='word_1_432' title='bbox 1234 3752 1359 3782; x_wconf 83' lang='lat' dir='ltr'>mun--</span> 
     </span>
     <span class='ocr_line' id='line_1_57' title="bbox 115 3805 1362 3869; baseline -0.002 -12"><span class='ocrx_word' id='word_1_433' title='bbox 115 3805 300 3866; x_wconf 55' lang='lat' dir='ltr'>duleum</span> <span class='ocrx_word' id='word_1_434' title='bbox 334 3813 638 3868; x_wconf 82' lang='lat' dir='ltr'>contemplatio</span> <span class='ocrx_word' id='word_1_435' title='bbox 663 3825 802 3869; x_wconf 80' lang='lat' dir='ltr'>poenae</span> <span class='ocrx_word' id='word_1_436' title='bbox 833 3812 1059 3857; x_wconf 83' lang='lat' dir='ltr'>infernalis</span> <span class='ocrx_word' id='word_1_437' title='bbox 1081 3812 1273 3856; x_wconf 84' lang='lat' dir='ltr'>immittit</span> <span class='ocrx_word' id='word_1_438' title='bbox 1309 3812 1362 3854; x_wconf 83' lang='lat' dir='ltr'>ti-</span> 
     </span>
     <span class='ocr_line' id='line_1_58' title="bbox 118 3882 1359 3942; baseline -0.002 -12"><span class='ocrx_word' id='word_1_439' title='bbox 118 3890 279 3930; x_wconf 67' lang='lat' dir='ltr'>morem</span> <span class='ocrx_word' id='word_1_440' title='bbox 313 3885 387 3941; x_wconf 88' lang='lat' dir='ltr'>qui</span> <span class='ocrx_word' id='word_1_441' title='bbox 425 3885 644 3930; x_wconf 85' lang='lat' dir='ltr'>immissus</span> <span class='ocrx_word' id='word_1_442' title='bbox 675 3882 850 3929; x_wconf 73' lang='lat' dir='ltr'>noxiam</span> <span class='ocrx_word' id='word_1_443' title='bbox 891 3885 1114 3942; x_wconf 83' lang='lat' dir='ltr'>perturbat</span> <span class='ocrx_word' id='word_1_444' title='bbox 1146 3885 1359 3929; x_wconf 84' lang='lat' dir='ltr'>securita-</span> 
     </span>
    </p>
   </div>
   <div class='ocr_carea' id='block_1_34' title="bbox 118 4026 1360 4160">
    <p class='ocr_par' dir='ltr' id='par_1_35' title="bbox 118 4026 1360 4160">
     <span class='ocr_line' id='line_1_59' title="bbox 175 4026 1357 4087; baseline -0.003 -13"><span class='ocrx_word' id='word_1_445' title='bbox 175 4029 262 4074; x_wconf 78' lang='lat' dir='ltr'>vll.</span> <span class='ocrx_word' id='word_1_446' title='bbox 281 4029 374 4074; x_wconf 78' lang='lat' dir='ltr'>Jam</span> <span class='ocrx_word' id='word_1_447' title='bbox 387 4026 492 4087; x_wconf 87' lang='lat' dir='ltr'>puto</span> <span class='ocrx_word' id='word_1_448' title='bbox 506 4037 604 4076; x_wconf 88' lang='lat' dir='ltr'>tuas</span> <span class='ocrx_word' id='word_1_449' title='bbox 621 4031 931 4087; x_wconf 80' lang='lat' dir='ltr'>promissiones</span> <span class='ocrx_word' id='word_1_450' title='bbox 947 4031 1133 4074; x_wconf 89' lang='lat' dir='ltr'>libenter</span> <span class='ocrx_word' id='word_1_451' title='bbox 1150 4030 1357 4085; x_wconf 84' lang='lat' dir='ltr'>attendet,</span> 
     </span>
     <span class='ocr_line' id='line_1_60' title="bbox 118 4100 1360 4160; baseline -0.001 -14"><span class='ocrx_word' id='word_1_452' title='bbox 118 4102 206 4148; x_wconf 73' lang='lat' dir='ltr'>tuis</span> <span class='ocrx_word' id='word_1_453' title='bbox 222 4104 416 4148; x_wconf 87' lang='lat' dir='ltr'>consiliis</span> <span class='ocrx_word' id='word_1_454' title='bbox 433 4105 694 4160; x_wconf 87' lang='lat' dir='ltr'>acquiescet,</span> <span class='ocrx_word' id='word_1_455' title='bbox 714 4105 815 4160; x_wconf 86' lang='lat' dir='ltr'>quia</span> <span class='ocrx_word' id='word_1_456' title='bbox 833 4100 1058 4155; x_wconf 82' lang='lat' dir='ltr'>nimirum,</span> <span class='ocrx_word' id='word_1_457' title='bbox 1083 4103 1265 4146; x_wconf 90' lang='lat' dir='ltr'>Domino</span> <span class='ocrx_word' id='word_1_458' title='bbox 1285 4116 1360 4158; x_wconf 89' lang='lat' dir='ltr'>per</span> 
     </span>
    </p>
   </div>
   <div class='ocr_carea' id='block_1_35' title="bbox 41 4175 1359 4232">
    <p class='ocr_par' dir='ltr' id='par_1_36' title="bbox 41 4175 1359 4232">
     <span class='ocr_line' id='line_1_61' title="bbox 41 4175 1359 4232; baseline 0 -15"><span class='ocrx_word' id='word_1_459' title='bbox 41 4215 44 4218; x_wconf 16' lang='grc' dir='ltr'><strong>Α</strong></span> <span class='ocrx_word' id='word_1_460' title='bbox 113 4177 174 4224; x_wconf 56' lang='lat' dir='ltr'>te*</span> <span class='ocrx_word' id='word_1_461' title='bbox 203 4175 321 4219; x_wconf 87' lang='lat' dir='ltr'>illum</span> <span class='ocrx_word' id='word_1_462' title='bbox 356 4177 613 4229; x_wconf 74' lang='lat' dir='ltr'>illustrante,</span> <span class='ocrx_word' id='word_1_463' title='bbox 654 4177 807 4222; x_wconf 85' lang='lat' dir='ltr'>videns</span> <span class='ocrx_word' id='word_1_464' title='bbox 841 4188 1017 4232; x_wconf 84' lang='lat' dir='ltr'>pravam</span> <span class='ocrx_word' id='word_1_465' title='bbox 1051 4176 1201 4228; x_wconf 83' lang='lat' dir='ltr'>vitam,</span> <span class='ocrx_word' id='word_1_466' title='bbox 1229 4187 1359 4231; x_wconf 86' lang='lat' dir='ltr'>quam</span> 
     </span>
    </p>
   </div>
   <div class='ocr_carea' id='block_1_36' title="bbox 121 4249 1358 4456">
    <p class='ocr_par' dir='ltr' id='par_1_37' title="bbox 121 4249 1358 4456">
     <span class='ocr_line' id='line_1_62' title="bbox 121 4249 1358 4306; baseline 0 -15"><span class='ocrx_word' id='word_1_467' title='bbox 121 4254 306 4302; x_wconf 76' lang='lat' dir='ltr'>exercet,</span> <span class='ocrx_word' id='word_1_468' title='bbox 339 4261 419 4293; x_wconf 88' lang='lat' dir='ltr'>nec</span> <span class='ocrx_word' id='word_1_469' title='bbox 439 4249 514 4294; x_wconf 89' lang='lat' dir='ltr'>diu</span> <span class='ocrx_word' id='word_1_470' title='bbox 546 4250 721 4302; x_wconf 88' lang='lat' dir='ltr'>durare,</span> <span class='ocrx_word' id='word_1_471' title='bbox 745 4260 828 4294; x_wconf 81' lang='lat' dir='ltr'>uec</span> <span class='ocrx_word' id='word_1_472' title='bbox 846 4254 1052 4294; x_wconf 83' lang='lat' dir='ltr'>aetcrnam</span> <span class='ocrx_word' id='word_1_473' title='bbox 1075 4260 1124 4293; x_wconf 82' lang='lat' dir='ltr'>se</span> <span class='ocrx_word' id='word_1_474' title='bbox 1153 4261 1298 4306; x_wconf 86' lang='lat' dir='ltr'>posse,</span> <span class='ocrx_word' id='word_1_475' title='bbox 1322 4249 1358 4292; x_wconf 90' lang='lat' dir='ltr'>si</span> 
     </span>
     <span class='ocr_line' id='line_1_63' title="bbox 123 4310 1354 4381; baseline 0.002 -18"><span class='ocrx_word' id='word_1_476' title='bbox 123 4319 167 4364; x_wconf 85' lang='lat' dir='ltr'>in</span> <span class='ocrx_word' id='word_1_477' title='bbox 184 4331 234 4363; x_wconf 80' lang='lat' dir='ltr'>ea</span> <span class='ocrx_word' id='word_1_478' title='bbox 254 4321 427 4374; x_wconf 71' lang='lat' dir='ltr'>finierit,</span> <span class='ocrx_word' id='word_1_479' title='bbox 454 4334 626 4381; x_wconf 82' lang='lat' dir='ltr'>poenam</span> <span class='ocrx_word' id='word_1_480' title='bbox 648 4311 830 4370; x_wconf 73' lang='lat' dir='ltr'>evadere</span> <span class='ocrx_word' id='word_1_481' title='bbox 844 4310 1086 4371; x_wconf 49' lang='lat' dir='ltr'>&#39;evacuatus</span> <span class='ocrx_word' id='word_1_482' title='bbox 1103 4327 1144 4365; x_wconf 88' lang='lat' dir='ltr'>et</span> <span class='ocrx_word' id='word_1_483' title='bbox 1164 4321 1354 4372; x_wconf 81' lang='lat' dir='ltr'>territus,</span> 
     </span>
     <span class='ocr_line' id='line_1_64' title="bbox 129 4382 1357 4456; baseline -0.002 -17"><span class='ocrx_word' id='word_1_484' title='bbox 129 4399 277 4450; x_wconf 74' lang='lat' dir='ltr'>utpote</span> <span class='ocrx_word' id='word_1_485' title='bbox 298 4385 456 4443; x_wconf 83' lang='lat' dir='ltr'>amissa</span> <span class='ocrx_word' id='word_1_486' title='bbox 484 4397 600 4443; x_wconf 90' lang='lat' dir='ltr'>omni</span> <span class='ocrx_word' id='word_1_487' title='bbox 626 4410 717 4455; x_wconf 87' lang='lat' dir='ltr'>spe,</span> <span class='ocrx_word' id='word_1_488' title='bbox 736 4409 831 4456; x_wconf 80' lang='lat' dir='ltr'>quoe</span> <span class='ocrx_word' id='word_1_489' title='bbox 851 4409 967 4446; x_wconf 71' lang='lat' dir='ltr'>num&gt;</span> <span class='ocrx_word' id='word_1_490' title='bbox 988 4396 1116 4439; x_wconf 84' lang='lat' dir='ltr'>habet</span> <span class='ocrx_word' id='word_1_491' title='bbox 1147 4382 1357 4443; x_wconf 79' lang='lat' dir='ltr'>retinendi</span> 
     </span>
    </p>
   </div>
   <div class='ocr_carea' id='block_1_37' title="bbox 1438 251 2694 1621">
    <p class='ocr_par' dir='ltr' id='par_1_38' title="bbox 1440 251 2694 965">
     <span class='ocr_line' id='line_1_65' title="bbox 1440 251 2686 320; baseline 0.008 -20"><span class='ocrx_word' id='word_1_492' title='bbox 1440 251 1576 314; x_wconf 75' lang='lat' dir='ltr'>dine),</span> <span class='ocrx_word' id='word_1_493' title='bbox 1606 269 1702 312; x_wconf 82' lang='lat' dir='ltr'>quae</span> <span class='ocrx_word' id='word_1_494' title='bbox 1719 258 1758 301; x_wconf 92' lang='lat' dir='ltr'>ei</span> <span class='ocrx_word' id='word_1_495' title='bbox 1775 258 2054 320; x_wconf 83' lang='lat' dir='ltr'>comminaris</span> <span class='ocrx_word' id='word_1_496' title='bbox 2071 261 2163 306; x_wconf 83' lang='lat' dir='ltr'>nisi</span> <span class='ocrx_word' id='word_1_497' title='bbox 2178 274 2224 305; x_wconf 91' lang='lat' dir='ltr'>se</span> <span class='ocrx_word' id='word_1_498' title='bbox 2255 263 2510 315; x_wconf 85' lang='lat' dir='ltr'>emendarit,</span> <span class='ocrx_word' id='word_1_499' title='bbox 2531 266 2686 309; x_wconf 76' lang='lat' dir='ltr'>incur·-</span> 
     </span>
     <span class='ocr_line' id='line_1_66' title="bbox 1440 328 2681 396; baseline 0.009 -25"><span class='ocrx_word' id='word_1_500' title='bbox 1440 328 1581 378; x_wconf 88' lang='lat' dir='ltr'>reudi,</span> <span class='ocrx_word' id='word_1_501' title='bbox 1600 329 1851 373; x_wconf 82' lang='lat' dir='ltr'>obedienter</span> <span class='ocrx_word' id='word_1_502' title='bbox 1868 342 1914 374; x_wconf 88' lang='lat' dir='ltr'>se</span> <span class='ocrx_word' id='word_1_503' title='bbox 1932 331 2006 396; x_wconf 80' lang='lat' dir='ltr'>tibi</span> <span class='ocrx_word' id='word_1_504' title='bbox 2037 333 2238 388; x_wconf 81' lang='lat' dir='ltr'>subjiciet</span> <span class='ocrx_word' id='word_1_505' title='bbox 2257 339 2344 378; x_wconf 87' lang='lat' dir='ltr'>tam</span> <span class='ocrx_word' id='word_1_506' title='bbox 2366 336 2536 390; x_wconf 87' lang='lat' dir='ltr'>jubenti</span> <span class='ocrx_word' id='word_1_507' title='bbox 2553 350 2681 395; x_wconf 87' lang='lat' dir='ltr'>quam</span> 
     </span>
     <span class='ocr_line' id='line_1_67' title="bbox 1441 398 2683 465; baseline 0.008 -23"><span class='ocrx_word' id='word_1_508' title='bbox 1441 399 1728 455; x_wconf 78' lang='lat' dir='ltr'>promittenti.</span> <span class='ocrx_word' id='word_1_509' title='bbox 1749 398 1924 445; x_wconf 72' lang='lat' dir='ltr'>lubenti</span> <span class='ocrx_word' id='word_1_510' title='bbox 1944 415 2097 458; x_wconf 87' lang='lat' dir='ltr'>aspera</span> <span class='ocrx_word' id='word_1_511' title='bbox 2131 405 2175 448; x_wconf 90' lang='lat' dir='ltr'>in</span> <span class='ocrx_word' id='word_1_512' title='bbox 2205 407 2551 459; x_wconf 75' lang='lat' dir='ltr'>conversatione,</span> <span class='ocrx_word' id='word_1_513' title='bbox 2582 420 2683 465; x_wconf 79' lang='lat' dir='ltr'>pro-</span> 
     </span>
     <span class='ocr_line' id='line_1_68' title="bbox 1440 470 2684 525; baseline 0.01 -13"><span class='ocrx_word' id='word_1_514' title='bbox 1440 470 1623 513; x_wconf 75' lang='lat' dir='ltr'>mittenti</span> <span class='ocrx_word' id='word_1_515' title='bbox 1642 472 1793 517; x_wconf 84' lang='lat' dir='ltr'>suavia</span> <span class='ocrx_word' id='word_1_516' title='bbox 1812 471 1856 514; x_wconf 90' lang='lat' dir='ltr'>in</span> <span class='ocrx_word' id='word_1_517' title='bbox 1875 475 2085 518; x_wconf 81' lang='lat' dir='ltr'>mercede.</span> <span class='ocrx_word' id='word_1_518' title='bbox 2106 475 2158 517; x_wconf 87' lang='lat' dir='ltr'>Et</span> <span class='ocrx_word' id='word_1_519' title='bbox 2187 489 2239 520; x_wconf 90' lang='lat' dir='ltr'>eo</span> <span class='ocrx_word' id='word_1_520' title='bbox 2273 477 2470 522; x_wconf 79' lang='lat' dir='ltr'>fortassis</span> <span class='ocrx_word' id='word_1_521' title='bbox 2491 479 2684 525; x_wconf 59' lang='lat' dir='ltr'>fructum</span> 
     </span>
     <span class='ocr_line' id='line_1_69' title="bbox 1441 541 2694 606; baseline 0.01 -21"><span class='ocrx_word' id='word_1_522' title='bbox 1441 541 1549 592; x_wconf 86' lang='lat' dir='ltr'>sius,</span> <span class='ocrx_word' id='word_1_523' title='bbox 1567 550 1654 598; x_wconf 88' lang='lat' dir='ltr'>quo</span> <span class='ocrx_word' id='word_1_524' title='bbox 1670 543 1906 588; x_wconf 74' lang='lat' dir='ltr'>humilius-1</span> <span class='ocrx_word' id='word_1_525' title='bbox 1926 559 1978 589; x_wconf 92' lang='lat' dir='ltr'>eo</span> <span class='ocrx_word' id='word_1_526' title='bbox 1994 547 2224 601; x_wconf 82' lang='lat' dir='ltr'>efficacius,</span> <span class='ocrx_word' id='word_1_527' title='bbox 2239 562 2326 606; x_wconf 81' lang='lat' dir='ltr'>quo</span> <span class='ocrx_word' id='word_1_528' title='bbox 2339 552 2577 596; x_wconf 81' lang='lat' dir='ltr'>ardentius.</span> <span class='ocrx_word' id='word_1_529' title='bbox 2597 552 2694 603; x_wconf 56' lang='lat' dir='ltr'>Nec.</span> 
     </span>
     <span class='ocr_line' id='line_1_70' title="bbox 1441 618 2685 676; baseline 0.01 -16"><span class='ocrx_word' id='word_1_530' title='bbox 1441 618 1597 660; x_wconf 88' lang='lat' dir='ltr'>mirum</span> <span class='ocrx_word' id='word_1_531' title='bbox 1617 618 1655 661; x_wconf 92' lang='lat' dir='ltr'>si</span> <span class='ocrx_word' id='word_1_532' title='bbox 1673 624 1795 675; x_wconf 87' lang='lat' dir='ltr'>paret</span> <span class='ocrx_word' id='word_1_533' title='bbox 1811 620 1889 662; x_wconf 89' lang='lat' dir='ltr'>tibi</span> <span class='ocrx_word' id='word_1_534' title='bbox 1909 621 2130 676; x_wconf 83' lang='lat' dir='ltr'>pollicenti</span> <span class='ocrx_word' id='word_1_535' title='bbox 2148 625 2355 676; x_wconf 81' lang='lat' dir='ltr'>maxima,</span> <span class='ocrx_word' id='word_1_536' title='bbox 2381 626 2483 669; x_wconf 80' lang='lat' dir='ltr'>dum</span> <span class='ocrx_word' id='word_1_537' title='bbox 2501 627 2619 670; x_wconf 87' lang='lat' dir='ltr'>videt</span> <span class='ocrx_word' id='word_1_538' title='bbox 2637 641 2685 672; x_wconf 87' lang='lat' dir='ltr'>se</span> 
     </span>
     <span class='ocr_line' id='line_1_71' title="bbox 1441 689 2683 755; baseline 0.008 -24"><span class='ocrx_word' id='word_1_539' title='bbox 1441 689 1628 734; x_wconf 87' lang='lat' dir='ltr'>retinere</span> <span class='ocrx_word' id='word_1_540' title='bbox 1655 702 1744 733; x_wconf 88' lang='lat' dir='ltr'>non</span> <span class='ocrx_word' id='word_1_541' title='bbox 1765 704 1892 747; x_wconf 83' lang='lat' dir='ltr'>posse</span> <span class='ocrx_word' id='word_1_542' title='bbox 1919 694 1986 736; x_wconf 91' lang='lat' dir='ltr'>vel</span> <span class='ocrx_word' id='word_1_543' title='bbox 2003 694 2196 739; x_wconf 86' lang='lat' dir='ltr'>minima.</span> <span class='ocrx_word' id='word_1_544' title='bbox 2214 695 2267 738; x_wconf 89' lang='lat' dir='ltr'>Et</span> <span class='ocrx_word' id='word_1_545' title='bbox 2285 698 2347 739; x_wconf 88' lang='lat' dir='ltr'>sic</span> <span class='ocrx_word' id='word_1_546' title='bbox 2366 695 2443 753; x_wconf 79' lang='lat' dir='ltr'>[al.</span> <span class='ocrx_word' id='word_1_547' title='bbox 2471 703 2514 741; x_wconf 82' lang='lat' dir='ltr'>et</span> <span class='ocrx_word' id='word_1_548' title='bbox 2534 697 2588 755; x_wconf 64' lang='lat' dir='ltr'>si]</span> <span class='ocrx_word' id='word_1_549' title='bbox 2605 698 2683 741; x_wconf 85' lang='lat' dir='ltr'>tibi</span> 
     </span>
     <span class='ocr_line' id='line_1_72' title="bbox 1441 763 2684 824; baseline 0.007 -19"><span class='ocrx_word' id='word_1_550' title='bbox 1441 763 1622 806; x_wconf 80' lang='lat' dir='ltr'>assentit</span> <span class='ocrx_word' id='word_1_551' title='bbox 1649 763 1884 820; x_wconf 89' lang='lat' dir='ltr'>imponenti</span> <span class='ocrx_word' id='word_1_552' title='bbox 1907 778 2080 810; x_wconf 79' lang='lat' dir='ltr'>suavem</span> <span class='ocrx_word' id='word_1_553' title='bbox 2110 769 2401 824; x_wconf 76' lang='lat' dir='ltr'>asperitatem,</span> <span class='ocrx_word' id='word_1_554' title='bbox 2425 775 2522 824; x_wconf 62' lang='lat' dir='ltr'>quae</span> <span class='ocrx_word' id='word_1_555' title='bbox 2542 783 2684 814; x_wconf 81' lang='lat' dir='ltr'>remu·</span> 
     </span>
     <span class='ocr_line' id='line_1_73' title="bbox 1441 835 2683 899; baseline 0.007 -22"><span class='ocrx_word' id='word_1_556' title='bbox 1441 840 1580 885; x_wconf 76' lang='lat' dir='ltr'>uerat,</span> <span class='ocrx_word' id='word_1_557' title='bbox 1599 835 1699 878; x_wconf 91' lang='lat' dir='ltr'>dum</span> <span class='ocrx_word' id='word_1_558' title='bbox 1716 842 1847 880; x_wconf 81' lang='lat' dir='ltr'>vento</span> <span class='ocrx_word' id='word_1_559' title='bbox 1862 837 2054 883; x_wconf 82' lang='lat' dir='ltr'>velocius</span> <span class='ocrx_word' id='word_1_560' title='bbox 2072 839 2187 883; x_wconf 86' lang='lat' dir='ltr'>videt</span> <span class='ocrx_word' id='word_1_561' title='bbox 2213 852 2469 899; x_wconf 83' lang='lat' dir='ltr'>evanescere</span> <span class='ocrx_word' id='word_1_562' title='bbox 2486 854 2683 895; x_wconf 78' lang='lat' dir='ltr'>asperam</span> 
     </span>
     <span class='ocr_line' id='line_1_74' title="bbox 1441 907 2031 965; baseline 0.002 -14"><span class='ocrx_word' id='word_1_563' title='bbox 1441 907 1711 959; x_wconf 76' lang='lat' dir='ltr'>suavitatem,</span> <span class='ocrx_word' id='word_1_564' title='bbox 1732 921 1826 965; x_wconf 78' lang='lat' dir='ltr'>quae</span> <span class='ocrx_word' id='word_1_565' title='bbox 1842 910 2031 953; x_wconf 74' lang='lat' dir='ltr'>damnatL</span> 
     </span>
    </p>

    <p class='ocr_par' dir='ltr' id='par_1_39' title="bbox 1438 978 2690 1621">
     <span class='ocr_line' id='line_1_75' title="bbox 1495 978 2681 1037; baseline 0.006 -16"><span class='ocrx_word' id='word_1_566' title='bbox 1495 978 1603 1022; x_wconf 81' lang='lat' dir='ltr'>Vlll.</span> <span class='ocrx_word' id='word_1_567' title='bbox 1638 978 1773 1037; x_wconf 80' lang='lat' dir='ltr'>Igitur</span> <span class='ocrx_word' id='word_1_568' title='bbox 1805 987 2035 1036; x_wconf 80' lang='lat' dir='ltr'>postquam</span> <span class='ocrx_word' id='word_1_569' title='bbox 2056 983 2095 1026; x_wconf 87' lang='lat' dir='ltr'>ei</span> <span class='ocrx_word' id='word_1_570' title='bbox 2128 984 2192 1027; x_wconf 84' lang='lat' dir='ltr'>sie</span> <span class='ocrx_word' id='word_1_571' title='bbox 2224 983 2436 1029; x_wconf 76' lang='lat' dir='ltr'>infuderis</span> <span class='ocrx_word' id='word_1_572' title='bbox 2466 987 2681 1037; x_wconf 85' lang='lat' dir='ltr'>timorem,</span> 
     </span>
     <span class='ocr_line' id='line_1_76' title="bbox 1440 1050 2690 1102; baseline 0.006 -7"><span class='ocrx_word' id='word_1_573' title='bbox 1440 1050 1594 1096; x_wconf 86' lang='lat' dir='ltr'>insiste</span> <span class='ocrx_word' id='word_1_574' title='bbox 1611 1053 1651 1096; x_wconf 89' lang='lat' dir='ltr'>ei</span> <span class='ocrx_word' id='word_1_575' title='bbox 1674 1058 1716 1096; x_wconf 89' lang='lat' dir='ltr'>et</span> <span class='ocrx_word' id='word_1_576' title='bbox 1741 1053 1968 1098; x_wconf 83' lang='lat' dir='ltr'>infundere</span> <span class='ocrx_word' id='word_1_577' title='bbox 1999 1067 2206 1099; x_wconf 80' lang='lat' dir='ltr'>amorem.</span> <span class='ocrx_word' id='word_1_578' title='bbox 2242 1056 2293 1099; x_wconf 85' lang='lat' dir='ltr'>Et</span> <span class='ocrx_word' id='word_1_579' title='bbox 2321 1057 2381 1100; x_wconf 87' lang='lat' dir='ltr'>ita</span> <span class='ocrx_word' id='word_1_580' title='bbox 2406 1054 2594 1102; x_wconf 82' lang='lat' dir='ltr'>medium</span> <span class='ocrx_word' id='word_1_581' title='bbox 2620 1063 2690 1102; x_wconf 73' lang='lat' dir='ltr'>te-v</span> 
     </span>
     <span class='ocr_line' id='line_1_77' title="bbox 1439 1127 2685 1184; baseline 0.006 -17"><span class='ocrx_word' id='word_1_582' title='bbox 1439 1131 1540 1168; x_wconf 89' lang='lat' dir='ltr'>neat</span> <span class='ocrx_word' id='word_1_583' title='bbox 1562 1131 1758 1181; x_wconf 88' lang='lat' dir='ltr'>uterque,</span> <span class='ocrx_word' id='word_1_584' title='bbox 1779 1130 1826 1168; x_wconf 92' lang='lat' dir='ltr'>ut</span> <span class='ocrx_word' id='word_1_585' title='bbox 1842 1139 1922 1169; x_wconf 87' lang='lat' dir='ltr'>nec</span> <span class='ocrx_word' id='word_1_586' title='bbox 1937 1128 2063 1170; x_wconf 88' lang='lat' dir='ltr'>timor</span> <span class='ocrx_word' id='word_1_587' title='bbox 2085 1127 2447 1184; x_wconf 81' lang='lat' dir='ltr'>desperationem,</span> <span class='ocrx_word' id='word_1_588' title='bbox 2467 1143 2546 1174; x_wconf 91' lang='lat' dir='ltr'>nec</span> <span class='ocrx_word' id='word_1_589' title='bbox 2564 1143 2685 1174; x_wconf 85' lang='lat' dir='ltr'>amor</span> 
     </span>
     <span class='ocr_line' id='line_1_78' title="bbox 1439 1197 2685 1256; baseline 0.006 -17"><span class='ocrx_word' id='word_1_590' title='bbox 1439 1202 1613 1252; x_wconf 84' lang='lat' dir='ltr'>generet</span> <span class='ocrx_word' id='word_1_591' title='bbox 1651 1197 1995 1243; x_wconf 84' lang='lat' dir='ltr'>dissolutionem.</span> <span class='ocrx_word' id='word_1_592' title='bbox 2027 1199 2313 1256; x_wconf 66' lang='lat' dir='ltr'>&#39;temperante</span> <span class='ocrx_word' id='word_1_593' title='bbox 2350 1203 2493 1246; x_wconf 88' lang='lat' dir='ltr'>calore</span> <span class='ocrx_word' id='word_1_594' title='bbox 2524 1205 2685 1247; x_wconf 85' lang='lat' dir='ltr'>amoris</span> 
     </span>
     <span class='ocr_line' id='line_1_79' title="bbox 1442 1267 2680 1330; baseline 0.007 -20"><span class='ocrx_word' id='word_1_595' title='bbox 1442 1267 1577 1324; x_wconf 82' lang='lat' dir='ltr'>frigus</span> <span class='ocrx_word' id='word_1_596' title='bbox 1594 1268 1779 1321; x_wconf 86' lang='lat' dir='ltr'>timoris,</span> <span class='ocrx_word' id='word_1_597' title='bbox 1803 1282 1859 1314; x_wconf 90' lang='lat' dir='ltr'>ne</span> <span class='ocrx_word' id='word_1_598' title='bbox 1875 1272 2006 1314; x_wconf 88' lang='lat' dir='ltr'>nimis</span> <span class='ocrx_word' id='word_1_599' title='bbox 2023 1279 2279 1327; x_wconf 84' lang='lat' dir='ltr'>expavescat</span> <span class='ocrx_word' id='word_1_600' title='bbox 2294 1287 2345 1319; x_wconf 87' lang='lat' dir='ltr'>ex</span> <span class='ocrx_word' id='word_1_601' title='bbox 2366 1273 2552 1330; x_wconf 84' lang='lat' dir='ltr'>frigore:</span> <span class='ocrx_word' id='word_1_602' title='bbox 2578 1276 2680 1320; x_wconf 88' lang='lat' dir='ltr'>item</span> 
     </span>
     <span class='ocr_line' id='line_1_80' title="bbox 1438 1338 2681 1401; baseline 0.009 -19"><span class='ocrx_word' id='word_1_603' title='bbox 1438 1338 1598 1396; x_wconf 78' lang='lat' dir='ltr'>frigore</span> <span class='ocrx_word' id='word_1_604' title='bbox 1619 1342 1787 1387; x_wconf 89' lang='lat' dir='ltr'>timoris</span> <span class='ocrx_word' id='word_1_605' title='bbox 1811 1344 1996 1389; x_wconf 82' lang='lat' dir='ltr'>calorem</span> <span class='ocrx_word' id='word_1_606' title='bbox 2015 1347 2191 1398; x_wconf 86' lang='lat' dir='ltr'>amoris,</span> <span class='ocrx_word' id='word_1_607' title='bbox 2210 1360 2265 1391; x_wconf 84' lang='lat' dir='ltr'>ne</span> <span class='ocrx_word' id='word_1_608' title='bbox 2286 1348 2534 1393; x_wconf 83' lang='lat' dir='ltr'>insolescat.</span> <span class='ocrx_word' id='word_1_609' title='bbox 2557 1349 2681 1401; x_wconf 87' lang='lat' dir='ltr'>Quod</span> 
     </span>
     <span class='ocr_line' id='line_1_81' title="bbox 1439 1412 2687 1478; baseline 0.008 -23"><span class='ocrx_word' id='word_1_610' title='bbox 1439 1419 1555 1457; x_wconf 88' lang='lat' dir='ltr'>recte</span> <span class='ocrx_word' id='word_1_611' title='bbox 1570 1412 1720 1467; x_wconf 84' lang='lat' dir='ltr'>facies,</span> <span class='ocrx_word' id='word_1_612' title='bbox 1748 1416 1785 1459; x_wconf 88' lang='lat' dir='ltr'>si</span> <span class='ocrx_word' id='word_1_613' title='bbox 1803 1417 1886 1458; x_wconf 82' lang='lat' dir='ltr'>tria</span> <span class='ocrx_word' id='word_1_614' title='bbox 1911 1417 2105 1472; x_wconf 75' lang='lat' dir='ltr'>quaedam</span> <span class='ocrx_word' id='word_1_615' title='bbox 2132 1417 2185 1462; x_wconf 84' lang='lat' dir='ltr'>ad</span> <span class='ocrx_word' id='word_1_616' title='bbox 2215 1431 2402 1463; x_wconf 84' lang='lat' dir='ltr'>amorem</span> <span class='ocrx_word' id='word_1_617' title='bbox 2427 1422 2687 1478; x_wconf 78' lang='lat' dir='ltr'>pertinentia</span> 
     </span>
     <span class='ocr_line' id='line_1_82' title="bbox 1438 1484 2684 1546; baseline 0.006 -19"><span class='ocrx_word' id='word_1_618' title='bbox 1438 1484 1508 1529; x_wconf 89' lang='lat' dir='ltr'>his</span> <span class='ocrx_word' id='word_1_619' title='bbox 1531 1485 1688 1537; x_wconf 87' lang='lat' dir='ltr'>tribus,</span> <span class='ocrx_word' id='word_1_620' title='bbox 1712 1500 1808 1543; x_wconf 76' lang='lat' dir='ltr'>quae</span> <span class='ocrx_word' id='word_1_621' title='bbox 1838 1489 1892 1532; x_wconf 84' lang='lat' dir='ltr'>ad</span> <span class='ocrx_word' id='word_1_622' title='bbox 1925 1490 2125 1534; x_wconf 82' lang='lat' dir='ltr'>timorem</span> <span class='ocrx_word' id='word_1_623' title='bbox 2146 1496 2343 1546; x_wconf 87' lang='lat' dir='ltr'>spectare</span> <span class='ocrx_word' id='word_1_624' title='bbox 2367 1492 2572 1543; x_wconf 80' lang='lat' dir='ltr'>diximus,</span> <span class='ocrx_word' id='word_1_625' title='bbox 2599 1494 2684 1537; x_wconf 84' lang='lat' dir='ltr'>alia</span> 
     </span>
     <span class='ocr_line' id='line_1_83' title="bbox 1438 1559 2686 1621; baseline 0.007 -20"><span class='ocrx_word' id='word_1_626' title='bbox 1438 1559 1710 1614; x_wconf 85' lang='lat' dir='ltr'>opposueris,</span> <span class='ocrx_word' id='word_1_627' title='bbox 1739 1566 1786 1604; x_wconf 88' lang='lat' dir='ltr'>ut</span> <span class='ocrx_word' id='word_1_628' title='bbox 1807 1561 1909 1605; x_wconf 90' lang='lat' dir='ltr'>dum</span> <span class='ocrx_word' id='word_1_629' title='bbox 1932 1562 1976 1604; x_wconf 90' lang='lat' dir='ltr'>in</span> <span class='ocrx_word' id='word_1_630' title='bbox 2000 1562 2069 1606; x_wconf 85' lang='lat' dir='ltr'>his</span> <span class='ocrx_word' id='word_1_631' title='bbox 2099 1561 2310 1616; x_wconf 78' lang='lat' dir='ltr'>intuetur,</span> <span class='ocrx_word' id='word_1_632' title='bbox 2330 1566 2451 1621; x_wconf 83' lang='lat' dir='ltr'>quod</span> <span class='ocrx_word' id='word_1_633' title='bbox 2473 1572 2621 1617; x_wconf 87' lang='lat' dir='ltr'>terret,</span> <span class='ocrx_word' id='word_1_634' title='bbox 2641 1567 2686 1611; x_wconf 88' lang='lat' dir='ltr'>in</span> 
     </span>
    </p>
   </div>
   <div class='ocr_carea' id='block_1_38' title="bbox 1403 1630 2686 1690">
    <p class='ocr_par' dir='ltr' id='par_1_40' title="bbox 1403 1630 2686 1690">
     <span class='ocr_line' id='line_1_84' title="bbox 1403 1630 2686 1690; baseline 0.005 -15"><span class='ocrx_word' id='word_1_635' title='bbox 1403 1664 1405 1666; x_wconf 85' lang='lat'>-</span> <span class='ocrx_word' id='word_1_636' title='bbox 1438 1630 1525 1675; x_wconf 80' lang='lat' dir='ltr'>illis</span> <span class='ocrx_word' id='word_1_637' title='bbox 1549 1639 1692 1678; x_wconf 80' lang='lat' dir='ltr'>autem</span> <span class='ocrx_word' id='word_1_638' title='bbox 1712 1634 1827 1690; x_wconf 87' lang='lat' dir='ltr'>quod</span> <span class='ocrx_word' id='word_1_639' title='bbox 1845 1634 2086 1688; x_wconf 81' lang='lat' dir='ltr'>demulcet;</span> <span class='ocrx_word' id='word_1_640' title='bbox 2119 1637 2182 1679; x_wconf 81' lang='lat' dir='ltr'>sic</span> <span class='ocrx_word' id='word_1_641' title='bbox 2198 1637 2244 1679; x_wconf 82' lang='lat' dir='ltr'>in</span> <span class='ocrx_word' id='word_1_642' title='bbox 2263 1649 2315 1681; x_wconf 88' lang='lat' dir='ltr'>eo</span> <span class='ocrx_word' id='word_1_643' title='bbox 2333 1637 2394 1681; x_wconf 81' lang='lat' dir='ltr'>ihi-</span> <span class='ocrx_word' id='word_1_644' title='bbox 2414 1650 2686 1684; x_wconf 85' lang='lat' dir='ltr'>commovea-</span> 
     </span>
    </p>
   </div>
   <div class='ocr_carea' id='block_1_39' title="bbox 1439 1704 2686 2268">
    <p class='ocr_par' dir='ltr' id='par_1_41' title="bbox 1439 1704 2686 2268">
     <span class='ocr_line' id='line_1_85' title="bbox 1440 1704 2686 1760; baseline 0.006 -14"><span class='ocrx_word' id='word_1_645' title='bbox 1440 1709 1511 1746; x_wconf 89' lang='lat' dir='ltr'>tur</span> <span class='ocrx_word' id='word_1_646' title='bbox 1533 1704 1619 1760; x_wconf 72' lang='grc'>39</span> <span class='ocrx_word' id='word_1_647' title='bbox 1654 1709 1785 1758; x_wconf 88' lang='lat' dir='ltr'>ter-ra,</span> <span class='ocrx_word' id='word_1_648' title='bbox 1810 1712 1853 1749; x_wconf 88' lang='lat' dir='ltr'>et</span> <span class='ocrx_word' id='word_1_649' title='bbox 1885 1707 2185 1760; x_wconf 82' lang='lat' dir='ltr'>conturbetur,</span> <span class='ocrx_word' id='word_1_650' title='bbox 2221 1715 2267 1752; x_wconf 91' lang='lat' dir='ltr'>ut</span> <span class='ocrx_word' id='word_1_651' title='bbox 2300 1715 2344 1754; x_wconf 85' lang='lat' dir='ltr'>et</span> <span class='ocrx_word' id='word_1_652' title='bbox 2381 1710 2452 1753; x_wconf 87' lang='lat' dir='ltr'>bic</span> <span class='ocrx_word' id='word_1_653' title='bbox 2479 1712 2686 1755; x_wconf 85' lang='lat' dir='ltr'>contritio</span> 
     </span>
     <span class='ocr_line' id='line_1_86' title="bbox 1440 1776 2686 1840; baseline 0.007 -21"><span class='ocrx_word' id='word_1_654' title='bbox 1440 1776 1534 1832; x_wconf 83' lang='lat' dir='ltr'>ejus</span> <span class='ocrx_word' id='word_1_655' title='bbox 1565 1783 1755 1822; x_wconf 88' lang='lat' dir='ltr'>sanetur.</span> <span class='ocrx_word' id='word_1_656' title='bbox 1792 1778 2016 1831; x_wconf 84' lang='lat' dir='ltr'>Quatenus</span> <span class='ocrx_word' id='word_1_657' title='bbox 2050 1780 2150 1824; x_wconf 89' lang='lat' dir='ltr'>dum</span> <span class='ocrx_word' id='word_1_658' title='bbox 2178 1782 2238 1824; x_wconf 87' lang='lat' dir='ltr'>ita</span> <span class='ocrx_word' id='word_1_659' title='bbox 2259 1795 2357 1826; x_wconf 90' lang='lat' dir='ltr'>cum</span> <span class='ocrx_word' id='word_1_660' title='bbox 2389 1795 2441 1827; x_wconf 89' lang='lat' dir='ltr'>eo</span> <span class='ocrx_word' id='word_1_661' title='bbox 2469 1784 2624 1840; x_wconf 81' lang='lat' dir='ltr'>agitur,</span> <span class='ocrx_word' id='word_1_662' title='bbox 2643 1791 2686 1828; x_wconf 85' lang='lat' dir='ltr'>et</span> 
     </span>
     <span class='ocr_line' id='line_1_87' title="bbox 1440 1848 2686 1912; baseline 0.004 -17"><span class='ocrx_word' id='word_1_663' title='bbox 1440 1851 1670 1895; x_wconf 79' lang='lat' dir='ltr'>commotio</span> <span class='ocrx_word' id='word_1_664' title='bbox 1689 1863 1768 1896; x_wconf 84' lang='lat' dir='ltr'>sua</span> <span class='ocrx_word' id='word_1_665' title='bbox 1783 1865 1905 1903; x_wconf 86' lang='lat' dir='ltr'>sana,</span> <span class='ocrx_word' id='word_1_666' title='bbox 1925 1859 1966 1896; x_wconf 83' lang='lat' dir='ltr'>et</span> <span class='ocrx_word' id='word_1_667' title='bbox 1984 1855 2148 1897; x_wconf 78' lang='lat' dir='ltr'>sanitas</span> <span class='ocrx_word' id='word_1_668' title='bbox 2174 1855 2231 1897; x_wconf 89' lang='lat' dir='ltr'>sit</span> <span class='ocrx_word' id='word_1_669' title='bbox 2247 1864 2460 1898; x_wconf 86' lang='lat' dir='ltr'>commota</span> <span class='ocrx_word' id='word_1_670' title='bbox 2479 1871 2488 1899; x_wconf 91' lang='lat'>:</span> <span class='ocrx_word' id='word_1_671' title='bbox 2514 1848 2686 1912; x_wconf 82' lang='lat' dir='ltr'>potum-</span> 
     </span>
     <span class='ocr_line' id='line_1_88' title="bbox 1439 1922 2683 1983; baseline 0.006 -20"><span class='ocrx_word' id='word_1_672' title='bbox 1439 1933 1522 1978; x_wconf 90' lang='lat' dir='ltr'>que</span> <span class='ocrx_word' id='word_1_673' title='bbox 1546 1922 1755 1978; x_wconf 87' lang='lat' dir='ltr'>percipiat</span> <span class='ocrx_word' id='word_1_674' title='bbox 1786 1923 1829 1966; x_wconf 91' lang='lat' dir='ltr'>in</span> <span class='ocrx_word' id='word_1_675' title='bbox 1858 1924 2079 1981; x_wconf 85' lang='lat' dir='ltr'>lacrymis,</span> <span class='ocrx_word' id='word_1_676' title='bbox 2114 1925 2187 1969; x_wconf 86' lang='lat' dir='ltr'>sed</span> <span class='ocrx_word' id='word_1_677' title='bbox 2229 1926 2274 1968; x_wconf 83' lang='lat' dir='ltr'>in</span> <span class='ocrx_word' id='word_1_678' title='bbox 2306 1939 2508 1970; x_wconf 86' lang='lat' dir='ltr'>mensura</span> <span class='ocrx_word' id='word_1_679' title='bbox 2546 1926 2683 1983; x_wconf 80' lang='lat' dir='ltr'>(Psal.</span> 
     </span>
     <span class='ocr_line' id='line_1_89' title="bbox 1441 1993 2683 2052; baseline 0.003 -15"><span class='ocrx_word' id='word_1_680' title='bbox 1441 2007 1591 2045; x_wconf 63' lang='lat' dir='ltr'>mxxix,</span> <span class='ocrx_word' id='word_1_681' title='bbox 1617 1993 1678 2050; x_wconf 88' lang='lat'>6).</span> <span class='ocrx_word' id='word_1_682' title='bbox 1722 1994 1934 2046; x_wconf 78' lang='lat' dir='ltr'>Diximus,</span> <span class='ocrx_word' id='word_1_683' title='bbox 1961 1997 2062 2052; x_wconf 89' lang='lat' dir='ltr'>quia</span> <span class='ocrx_word' id='word_1_684' title='bbox 2100 1998 2285 2052; x_wconf 86' lang='lat' dir='ltr'>primum</span> <span class='ocrx_word' id='word_1_685' title='bbox 2323 1999 2493 2040; x_wconf 86' lang='lat' dir='ltr'>illorum</span> <span class='ocrx_word' id='word_1_686' title='bbox 2534 1998 2683 2050; x_wconf 86' lang='lat' dir='ltr'>trium,</span> 
     </span>
     <span class='ocr_line' id='line_1_90' title="bbox 1440 2067 2686 2122; baseline 0.005 -13"><span class='ocrx_word' id='word_1_687' title='bbox 1440 2079 1535 2122; x_wconf 83' lang='lat' dir='ltr'>quae</span> <span class='ocrx_word' id='word_1_688' title='bbox 1555 2072 1777 2122; x_wconf 83' lang='lat' dir='ltr'>perspecta</span> <span class='ocrx_word' id='word_1_689' title='bbox 1803 2067 2038 2111; x_wconf 83' lang='lat' dir='ltr'>infundunt</span> <span class='ocrx_word' id='word_1_690' title='bbox 2061 2069 2278 2120; x_wconf 86' lang='lat' dir='ltr'>timorem,</span> <span class='ocrx_word' id='word_1_691' title='bbox 2306 2071 2597 2114; x_wconf 76' lang='lat' dir='ltr'>consideratio</span> <span class='ocrx_word' id='word_1_692' title='bbox 2621 2077 2686 2115; x_wconf 79' lang='lat' dir='ltr'>est</span> 
     </span>
     <span class='ocr_line' id='line_1_91' title="bbox 1441 2137 2685 2197; baseline 0.006 -18"><span class='ocrx_word' id='word_1_693' title='bbox 1441 2137 1627 2192; x_wconf 75' lang='lat' dir='ltr'>propriae</span> <span class='ocrx_word' id='word_1_694' title='bbox 1659 2138 1915 2194; x_wconf 78' lang='lat' dir='ltr'>iniquitatis.</span> <span class='ocrx_word' id='word_1_695' title='bbox 1949 2140 2001 2182; x_wconf 86' lang='lat' dir='ltr'>Et</span> <span class='ocrx_word' id='word_1_696' title='bbox 2033 2141 2077 2183; x_wconf 85' lang='lat' dir='ltr'>in</span> <span class='ocrx_word' id='word_1_697' title='bbox 2109 2153 2159 2184; x_wconf 87' lang='lat' dir='ltr'>ea</span> <span class='ocrx_word' id='word_1_698' title='bbox 2185 2142 2287 2197; x_wconf 84' lang='lat' dir='ltr'>quid</span> <span class='ocrx_word' id='word_1_699' title='bbox 2324 2154 2411 2185; x_wconf 88' lang='lat' dir='ltr'>non</span> <span class='ocrx_word' id='word_1_700' title='bbox 2447 2141 2608 2186; x_wconf 79' lang='lat' dir='ltr'>foedum</span> <span class='ocrx_word' id='word_1_701' title='bbox 2643 2150 2685 2188; x_wconf 83' lang='lat' dir='ltr'>ct</span> 
     </span>
     <span class='ocr_line' id='line_1_92' title="bbox 1442 2208 2685 2268; baseline 0.006 -17"><span class='ocrx_word' id='word_1_702' title='bbox 1442 2208 1654 2261; x_wconf 86' lang='lat' dir='ltr'>foetidum,</span> <span class='ocrx_word' id='word_1_703' title='bbox 1683 2223 1734 2253; x_wconf 90' lang='lat' dir='ltr'>ac</span> <span class='ocrx_word' id='word_1_704' title='bbox 1756 2224 1830 2267; x_wconf 86' lang='lat' dir='ltr'>per</span> <span class='ocrx_word' id='word_1_705' title='bbox 1863 2212 1944 2255; x_wconf 88' lang='lat' dir='ltr'>hoc</span> <span class='ocrx_word' id='word_1_706' title='bbox 1980 2212 2083 2268; x_wconf 87' lang='lat' dir='ltr'>quid</span> <span class='ocrx_word' id='word_1_707' title='bbox 2114 2225 2206 2255; x_wconf 85' lang='lat' dir='ltr'>nou</span> <span class='ocrx_word' id='word_1_708' title='bbox 2226 2214 2420 2259; x_wconf 88' lang='lat' dir='ltr'>horroris</span> <span class='ocrx_word' id='word_1_709' title='bbox 2450 2227 2500 2258; x_wconf 86' lang='lat' dir='ltr'>ac</span> <span class='ocrx_word' id='word_1_710' title='bbox 2531 2216 2685 2259; x_wconf 81' lang='lat' dir='ltr'>confu-</span> 
     </span>
    </p>
   </div>
   <div class='ocr_carea' id='block_1_40' title="bbox 1429 2282 2687 2341">
    <p class='ocr_par' dir='ltr' id='par_1_42' title="bbox 1429 2282 2687 2341">
     <span class='ocr_line' id='line_1_93' title="bbox 1429 2282 2687 2341; baseline 0.006 -15"><span class='ocrx_word' id='word_1_711' title='bbox 1429 2283 1610 2339; x_wconf 71' lang='lat' dir='ltr'>sionis?</span> <span class='ocrx_word' id='word_1_712' title='bbox 1627 2282 1710 2327; x_wconf 88' lang='lat' dir='ltr'>Sed</span> <span class='ocrx_word' id='word_1_713' title='bbox 1733 2297 1788 2327; x_wconf 89' lang='lat' dir='ltr'>ne</span> <span class='ocrx_word' id='word_1_714' title='bbox 1808 2286 1939 2327; x_wconf 84' lang='lat' dir='ltr'>nimia</span> <span class='ocrx_word' id='word_1_715' title='bbox 1966 2287 2037 2335; x_wconf 85' lang='lat' dir='ltr'>sit,</span> <span class='ocrx_word' id='word_1_716' title='bbox 2058 2286 2223 2341; x_wconf 75' lang='lat' dir='ltr'>mitiget</span> <span class='ocrx_word' id='word_1_717' title='bbox 2240 2300 2334 2331; x_wconf 86' lang='lat' dir='ltr'>eam</span> <span class='ocrx_word' id='word_1_718' title='bbox 2352 2288 2535 2332; x_wconf 89' lang='lat' dir='ltr'>intuitus</span> <span class='ocrx_word' id='word_1_719' title='bbox 2554 2289 2687 2333; x_wconf 86' lang='lat' dir='ltr'>mise-</span> 
     </span>
    </p>
   </div>
   <div class='ocr_carea' id='block_1_41' title="bbox 1434 2355 2686 4455">
    <p class='ocr_par' dir='ltr' id='par_1_43' title="bbox 1438 2355 2686 2706">
     <span class='ocr_line' id='line_1_94' title="bbox 1442 2355 2686 2418; baseline 0.006 -21"><span class='ocrx_word' id='word_1_720' title='bbox 1442 2355 1638 2400; x_wconf 80' lang='lat' dir='ltr'>ricordiae</span> <span class='ocrx_word' id='word_1_721' title='bbox 1674 2355 1765 2408; x_wconf 83' lang='lat' dir='ltr'>Dei,</span> <span class='ocrx_word' id='word_1_722' title='bbox 1802 2358 1900 2413; x_wconf 86' lang='lat' dir='ltr'>quia</span> <span class='ocrx_word' id='word_1_723' title='bbox 1925 2359 2157 2414; x_wconf 84' lang='lat' dir='ltr'>desperare</span> <span class='ocrx_word' id='word_1_724' title='bbox 2184 2372 2269 2402; x_wconf 91' lang='lat' dir='ltr'>non</span> <span class='ocrx_word' id='word_1_725' title='bbox 2288 2367 2430 2415; x_wconf 85' lang='lat' dir='ltr'>potest</span> <span class='ocrx_word' id='word_1_726' title='bbox 2449 2362 2502 2406; x_wconf 85' lang='lat' dir='ltr'>de</span> <span class='ocrx_word' id='word_1_727' title='bbox 2525 2361 2686 2418; x_wconf 82' lang='lat' dir='ltr'>iniqui-</span> 
     </span>
     <span class='ocr_line' id='line_1_95' title="bbox 1442 2430 2683 2488; baseline 0.007 -18"><span class='ocrx_word' id='word_1_728' title='bbox 1442 2433 1528 2472; x_wconf 83' lang='lat' dir='ltr'>tate</span> <span class='ocrx_word' id='word_1_729' title='bbox 1546 2431 1747 2486; x_wconf 78' lang='lat' dir='ltr'>propr1a;</span> <span class='ocrx_word' id='word_1_730' title='bbox 1771 2430 1873 2474; x_wconf 89' lang='lat' dir='ltr'>dum</span> <span class='ocrx_word' id='word_1_731' title='bbox 1906 2432 1950 2474; x_wconf 89' lang='lat' dir='ltr'>in</span> <span class='ocrx_word' id='word_1_732' title='bbox 1978 2433 2135 2487; x_wconf 88' lang='lat' dir='ltr'>pietate</span> <span class='ocrx_word' id='word_1_733' title='bbox 2164 2439 2308 2488; x_wconf 85' lang='lat' dir='ltr'>sperat</span> <span class='ocrx_word' id='word_1_734' title='bbox 2328 2433 2489 2477; x_wconf 83' lang='lat' dir='ltr'>divina.</span> <span class='ocrx_word' id='word_1_735' title='bbox 2515 2433 2683 2488; x_wconf 72' lang='lat' dir='ltr'>Videat,</span> 
     </span>
     <span class='ocr_line' id='line_1_96' title="bbox 1441 2503 2680 2562; baseline 0.006 -17"><span class='ocrx_word' id='word_1_736' title='bbox 1441 2503 1542 2558; x_wconf 85' lang='lat' dir='ltr'>quia</span> <span class='ocrx_word' id='word_1_737' title='bbox 1565 2515 1718 2559; x_wconf 85' lang='lat' dir='ltr'>magna</span> <span class='ocrx_word' id='word_1_738' title='bbox 1750 2504 1924 2560; x_wconf 84' lang='lat' dir='ltr'>quidem</span> <span class='ocrx_word' id='word_1_739' title='bbox 1962 2511 2004 2548; x_wconf 86' lang='lat' dir='ltr'>et</span> <span class='ocrx_word' id='word_1_740' title='bbox 2039 2504 2294 2549; x_wconf 83' lang='lat' dir='ltr'>admiranda</span> <span class='ocrx_word' id='word_1_741' title='bbox 2322 2518 2453 2562; x_wconf 86' lang='lat' dir='ltr'>opera</span> <span class='ocrx_word' id='word_1_742' title='bbox 2478 2506 2680 2552; x_wconf 85' lang='lat' dir='ltr'>Domini:</span> 
     </span>
     <span class='ocr_line' id='line_1_97' title="bbox 1441 2574 2684 2635; baseline 0.004 -17"><span class='ocrx_word' id='word_1_743' title='bbox 1441 2574 1523 2618; x_wconf 78' lang='lat' dir='ltr'>sed</span> <span class='ocrx_word' id='word_1_744' title='bbox 1546 2576 1831 2619; x_wconf 78' lang='lat' dir='ltr'>miserationes</span> <span class='ocrx_word' id='word_1_745' title='bbox 1856 2584 1992 2620; x_wconf 82' lang='lat' dir='ltr'>tamen</span> <span class='ocrx_word' id='word_1_746' title='bbox 2014 2577 2103 2634; x_wconf 81' lang='lat' dir='ltr'>ejus</span> <span class='ocrx_word' id='word_1_747' title='bbox 2132 2585 2230 2622; x_wconf 81' lang='lat' dir='ltr'>suut</span> <span class='ocrx_word' id='word_1_748' title='bbox 2253 2592 2374 2633; x_wconf 78' lang='lat' dir='ltr'>super</span> <span class='ocrx_word' id='word_1_749' title='bbox 2403 2582 2542 2623; x_wconf 79' lang='lat' dir='ltr'>omnia</span> <span class='ocrx_word' id='word_1_750' title='bbox 2561 2593 2684 2635; x_wconf 82' lang='lat' dir='ltr'>opera</span> 
     </span>
     <span class='ocr_line' id='line_1_98' title="bbox 1438 2646 2012 2706; baseline 0.007 -17"><span class='ocrx_word' id='word_1_751' title='bbox 1438 2646 1529 2702; x_wconf 79' lang='lat' dir='ltr'>ejus</span> <span class='ocrx_word' id='word_1_752' title='bbox 1557 2646 1694 2704; x_wconf 76' lang='lat' dir='ltr'>(Psat.</span> <span class='ocrx_word' id='word_1_753' title='bbox 1714 2660 1921 2701; x_wconf 79' lang='lat' dir='ltr'>cxxxxtv,</span> <span class='ocrx_word' id='word_1_754' title='bbox 1950 2649 2012 2706; x_wconf 88' lang='grc'>9).</span> 
     </span>
    </p>

    <p class='ocr_par' dir='ltr' id='par_1_44' title="bbox 1437 2718 2684 3796">
     <span class='ocr_line' id='line_1_99' title="bbox 1495 2718 2681 2781; baseline 0.004 -20"><span class='ocrx_word' id='word_1_755' title='bbox 1495 2718 1565 2763; x_wconf 78' lang='lat' dir='ltr'>tx.</span> <span class='ocrx_word' id='word_1_756' title='bbox 1599 2719 1818 2765; x_wconf 81' lang='lat' dir='ltr'>intueatur</span> <span class='ocrx_word' id='word_1_757' title='bbox 1840 2722 2002 2766; x_wconf 87' lang='lat' dir='ltr'>sontem</span> <span class='ocrx_word' id='word_1_758' title='bbox 2026 2723 2143 2766; x_wconf 88' lang='lat' dir='ltr'>illum</span> <span class='ocrx_word' id='word_1_759' title='bbox 2170 2725 2486 2781; x_wconf 80' lang='lat' dir='ltr'>patentem&#39;qui</span> <span class='ocrx_word' id='word_1_760' title='bbox 2511 2725 2681 2781; x_wconf 81' lang='lat' dir='ltr'>profluit</span> 
     </span>
     <span class='ocr_line' id='line_1_100' title="bbox 1437 2794 2679 2855; baseline 0.004 -19"><span class='ocrx_word' id='word_1_761' title='bbox 1437 2794 1481 2836; x_wconf 73' lang='lat' dir='ltr'>in</span> <span class='ocrx_word' id='word_1_762' title='bbox 1502 2794 1751 2838; x_wconf 77' lang='lat' dir='ltr'>ablutionem</span> <span class='ocrx_word' id='word_1_763' title='bbox 1779 2797 2007 2851; x_wconf 80' lang='lat' dir='ltr'>peccatoris</span> <span class='ocrx_word' id='word_1_764' title='bbox 2022 2829 2033 2848; x_wconf 92' lang='lat'>‚</span> <span class='ocrx_word' id='word_1_765' title='bbox 2055 2805 2094 2839; x_wconf 82' lang='lat' dir='ltr'>et</span> <span class='ocrx_word' id='word_1_766' title='bbox 2116 2806 2384 2842; x_wconf 69' lang='lat' dir='ltr'>menstruales</span> <span class='ocrx_word' id='word_1_767' title='bbox 2405 2798 2549 2855; x_wconf 79' lang='lat' dir='ltr'>(Zach.</span> <span class='ocrx_word' id='word_1_768' title='bbox 2573 2811 2679 2850; x_wconf 83' lang='lat' dir='ltr'>xm,</span> 
     </span>
     <span class='ocr_line' id='line_1_101' title="bbox 1441 2865 2682 2924; baseline 0.005 -16"><span class='ocrx_word' id='word_1_769' title='bbox 1441 2865 1507 2923; x_wconf 81' lang='lat' dir='ltr'>i);</span> <span class='ocrx_word' id='word_1_770' title='bbox 1533 2872 1581 2909; x_wconf 89' lang='lat' dir='ltr'>ut</span> <span class='ocrx_word' id='word_1_771' title='bbox 1603 2867 1744 2911; x_wconf 90' lang='lat' dir='ltr'>videat</span> <span class='ocrx_word' id='word_1_772' title='bbox 1777 2869 1991 2924; x_wconf 86' lang='lat' dir='ltr'>quomodo</span> <span class='ocrx_word' id='word_1_773' title='bbox 2035 2868 2167 2913; x_wconf 87' lang='lat' dir='ltr'>David</span> <span class='ocrx_word' id='word_1_774' title='bbox 2209 2871 2252 2913; x_wconf 91' lang='lat' dir='ltr'>in</span> <span class='ocrx_word' id='word_1_775' title='bbox 2289 2883 2340 2914; x_wconf 91' lang='lat' dir='ltr'>eo</span> <span class='ocrx_word' id='word_1_776' title='bbox 2370 2871 2567 2915; x_wconf 86' lang='lat' dir='ltr'>adulterii</span> <span class='ocrx_word' id='word_1_777' title='bbox 2591 2884 2682 2914; x_wconf 68' lang='lat' dir='ltr'>ma*-</span> 
     </span>
     <span class='ocr_line' id='line_1_102' title="bbox 1439 2941 2682 3000; baseline 0.003 -17"><span class='ocrx_word' id='word_1_778' title='bbox 1439 2941 1558 2984; x_wconf 82' lang='lat' dir='ltr'>culas</span> <span class='ocrx_word' id='word_1_779' title='bbox 1588 2941 1748 2992; x_wconf 89' lang='lat' dir='ltr'>abluit,</span> <span class='ocrx_word' id='word_1_780' title='bbox 1777 2947 1817 2985; x_wconf 89' lang='lat' dir='ltr'>et</span> <span class='ocrx_word' id='word_1_781' title='bbox 1841 2941 2061 2990; x_wconf 85' lang='lat' dir='ltr'>homicidii</span> <span class='ocrx_word' id='word_1_782' title='bbox 2093 2941 2161 2999; x_wconf 91' lang='lat'>(11</span> <span class='ocrx_word' id='word_1_783' title='bbox 2192 2941 2289 2998; x_wconf 68' lang='grc' dir='ltr'>Περ.</span> <span class='ocrx_word' id='word_1_784' title='bbox 2326 2956 2414 2994; x_wconf 76' lang='lat' dir='ltr'>xii,</span> <span class='ocrx_word' id='word_1_785' title='bbox 2445 2945 2530 3000; x_wconf 78' lang='lat'>15).</span> <span class='ocrx_word' id='word_1_786' title='bbox 2567 2943 2682 2996; x_wconf 81' lang='lat' dir='ltr'>Qua-</span> 
     </span>
     <span class='ocr_line' id='line_1_103' title="bbox 1438 3010 2680 3069; baseline 0.004 -17"><span class='ocrx_word' id='word_1_787' title='bbox 1438 3010 1536 3054; x_wconf 86' lang='lat' dir='ltr'>liter</span> <span class='ocrx_word' id='word_1_788' title='bbox 1559 3010 1602 3053; x_wconf 89' lang='lat' dir='ltr'>in</span> <span class='ocrx_word' id='word_1_789' title='bbox 1626 3010 1757 3054; x_wconf 83' lang='lat' dir='ltr'>Maria</span> <span class='ocrx_word' id='word_1_790' title='bbox 1799 3011 2075 3068; x_wconf 72' lang='lat' dir='ltr'>magdalena,</span> <span class='ocrx_word' id='word_1_791' title='bbox 2111 3018 2176 3057; x_wconf 88' lang='lat' dir='ltr'>tot</span> <span class='ocrx_word' id='word_1_792' title='bbox 2207 3014 2251 3056; x_wconf 84' lang='lat' dir='ltr'>iu</span> <span class='ocrx_word' id='word_1_793' title='bbox 2274 3026 2322 3056; x_wconf 90' lang='lat' dir='ltr'>ea</span> <span class='ocrx_word' id='word_1_794' title='bbox 2358 3014 2680 3069; x_wconf 78' lang='lat' dir='ltr'>inquinamenta</span> 
     </span>
     <span class='ocr_line' id='line_1_104' title="bbox 1438 3083 2678 3142; baseline 0.004 -18"><span class='ocrx_word' id='word_1_795' title='bbox 1438 3083 1670 3141; x_wconf 82' lang='lat' dir='ltr'>abluuntur</span> <span class='ocrx_word' id='word_1_796' title='bbox 1697 3118 1707 3136; x_wconf 97' lang='lat'>,</span> <span class='ocrx_word' id='word_1_797' title='bbox 1750 3091 1854 3139; x_wconf 89' lang='lat' dir='ltr'>quot</span> <span class='ocrx_word' id='word_1_798' title='bbox 1901 3086 1939 3127; x_wconf 85' lang='lat' dir='ltr'>ci</span> <span class='ocrx_word' id='word_1_799' title='bbox 1985 3091 2173 3140; x_wconf 62' lang='lat' dir='ltr'>peccata&gt;</span> <span class='ocrx_word' id='word_1_800' title='bbox 2211 3085 2500 3129; x_wconf 85' lang='lat' dir='ltr'>remittuntur.</span> <span class='ocrx_word' id='word_1_801' title='bbox 2552 3085 2678 3142; x_wconf 83' lang='lat' dir='ltr'>(Luc.</span> 
     </span>
     <span class='ocr_line' id='line_1_105' title="bbox 1437 3149 2682 3214; baseline 0.002 -15"><span class='ocrx_word' id='word_1_802' title='bbox 1437 3167 1528 3206; x_wconf 75' lang='lat' dir='ltr'>vu,</span> <span class='ocrx_word' id='word_1_803' title='bbox 1561 3151 1656 3214; x_wconf 76' lang='lat'>57).</span> <span class='ocrx_word' id='word_1_804' title='bbox 1695 3156 1887 3208; x_wconf 77' lang='lat' dir='ltr'>Qualiter</span> <span class='ocrx_word' id='word_1_805' title='bbox 1912 3157 2065 3201; x_wconf 84' lang='lat' dir='ltr'>Petrus</span> <span class='ocrx_word' id='word_1_806' title='bbox 2103 3169 2126 3199; x_wconf 89' lang='lat' dir='ltr'>a</span> <span class='ocrx_word' id='word_1_807' title='bbox 2163 3158 2291 3201; x_wconf 84' lang='lat' dir='ltr'>sorde</span> <span class='ocrx_word' id='word_1_808' title='bbox 2328 3149 2567 3213; x_wconf 82' lang='lat' dir='ltr'>negationis</span> <span class='ocrx_word' id='word_1_809' title='bbox 2608 3171 2682 3201; x_wconf 79' lang='lat' dir='ltr'>ex·</span> 
     </span>
     <span class='ocr_line' id='line_1_106' title="bbox 1437 3227 2683 3286; baseline 0.001 -17"><span class='ocrx_word' id='word_1_810' title='bbox 1437 3228 1581 3284; x_wconf 81' lang='lat' dir='ltr'>piatur</span> <span class='ocrx_word' id='word_1_811' title='bbox 1641 3227 1837 3286; x_wconf 77' lang='grc' dir='ltr'>(ΜαιιΙι,</span> <span class='ocrx_word' id='word_1_812' title='bbox 1881 3242 1981 3271; x_wconf 75' lang='lat' dir='ltr'>xxvi</span> <span class='ocrx_word' id='word_1_813' title='bbox 2010 3229 2054 3286; x_wconf 92' lang='lat'>)‚</span> <span class='ocrx_word' id='word_1_814' title='bbox 2096 3229 2280 3284; x_wconf 79' lang='lat' dir='ltr'>qualiter</span> <span class='ocrx_word' id='word_1_815' title='bbox 2332 3227 2596 3284; x_wconf 81' lang='lat' dir='ltr'>deprebensa</span> <span class='ocrx_word' id='word_1_816' title='bbox 2640 3229 2683 3270; x_wconf 89' lang='lat' dir='ltr'>in</span> 
     </span>
     <span class='ocr_line' id='line_1_107' title="bbox 1438 3300 2682 3354; baseline 0.001 -11"><span class='ocrx_word' id='word_1_817' title='bbox 1438 3301 1647 3345; x_wconf 89' lang='lat' dir='ltr'>adulterio</span> <span class='ocrx_word' id='word_1_818' title='bbox 1670 3314 1756 3344; x_wconf 87' lang='lat' dir='ltr'>nou</span> <span class='ocrx_word' id='word_1_819' title='bbox 1780 3302 2105 3346; x_wconf 81' lang='lat' dir='ltr'>condemnatur.</span> <span class='ocrx_word' id='word_1_820' title='bbox 2147 3301 2338 3354; x_wconf 84' lang='lat' dir='ltr'>Qualiter</span> <span class='ocrx_word' id='word_1_821' title='bbox 2369 3301 2547 3343; x_wconf 87' lang='lat' dir='ltr'>mutatio</span> <span class='ocrx_word' id='word_1_822' title='bbox 2579 3300 2682 3344; x_wconf 85' lang='lat' dir='ltr'>dex-</span> 
     </span>
     <span class='ocr_line' id='line_1_108' title="bbox 1439 3373 2684 3431; baseline -0.001 -15"><span class='ocrx_word' id='word_1_823' title='bbox 1439 3379 1542 3418; x_wconf 82' lang='lat' dir='ltr'>terae</span> <span class='ocrx_word' id='word_1_824' title='bbox 1579 3373 1770 3425; x_wconf 73' lang='lat' dir='ltr'>Excelsi‚</span> <span class='ocrx_word' id='word_1_825' title='bbox 1798 3375 1850 3419; x_wconf 86' lang='lat' dir='ltr'>dc</span> <span class='ocrx_word' id='word_1_826' title='bbox 1875 3376 2041 3418; x_wconf 88' lang='lat' dir='ltr'>latrone</span> <span class='ocrx_word' id='word_1_827' title='bbox 2062 3374 2189 3418; x_wconf 81' lang='lat' dir='ltr'>efficit</span> <span class='ocrx_word' id='word_1_828' title='bbox 2223 3381 2469 3431; x_wconf 84' lang='lat' dir='ltr'>martyrem,</span> <span class='ocrx_word' id='word_1_829' title='bbox 2494 3379 2536 3415; x_wconf 86' lang='lat' dir='ltr'>et</span> <span class='ocrx_word' id='word_1_830' title='bbox 2557 3385 2684 3429; x_wconf 83' lang='lat' dir='ltr'>para-</span> 
     </span>
     <span class='ocr_line' id='line_1_109' title="bbox 1439 3434 2682 3503; baseline -0.002 -13"><span class='ocrx_word' id='word_1_831' title='bbox 1439 3447 1581 3491; x_wconf 86' lang='lat' dir='ltr'>disum</span> <span class='ocrx_word' id='word_1_832' title='bbox 1618 3448 1769 3490; x_wconf 86' lang='lat' dir='ltr'>tribuit</span> <span class='ocrx_word' id='word_1_833' title='bbox 1813 3454 1910 3503; x_wconf 88' lang='lat' dir='ltr'>post</span> <span class='ocrx_word' id='word_1_834' title='bbox 1938 3434 2109 3490; x_wconf 84' lang='lat' dir='ltr'>crucem</span> <span class='ocrx_word' id='word_1_835' title='bbox 2152 3445 2305 3503; x_wconf 83' lang='lat' dir='ltr'>(Joan.</span> <span class='ocrx_word' id='word_1_836' title='bbox 2350 3457 2461 3497; x_wconf 83' lang='lat' dir='ltr'>vm,</span> <span class='ocrx_word' id='word_1_837' title='bbox 2494 3444 2562 3501; x_wconf 24' lang='lat'>5⁴).</span> <span class='ocrx_word' id='word_1_838' title='bbox 2607 3444 2682 3488; x_wconf 84' lang='lat' dir='ltr'>His</span> 
     </span>
     <span class='ocr_line' id='line_1_110' title="bbox 1439 3516 2682 3576; baseline -0.005 -12"><span class='ocrx_word' id='word_1_839' title='bbox 1439 3520 1583 3576; x_wconf 83' lang='lat' dir='ltr'>itaque</span> <span class='ocrx_word' id='word_1_840' title='bbox 1620 3526 1661 3564; x_wconf 88' lang='lat' dir='ltr'>et</span> <span class='ocrx_word' id='word_1_841' title='bbox 1701 3520 1822 3571; x_wconf 83' lang='lat' dir='ltr'>aliis,</span> <span class='ocrx_word' id='word_1_842' title='bbox 1862 3533 1957 3575; x_wconf 75' lang='lat' dir='ltr'>quae</span> <span class='ocrx_word' id='word_1_843' title='bbox 2000 3521 2043 3562; x_wconf 86' lang='lat' dir='ltr'>iu</span> <span class='ocrx_word' id='word_1_844' title='bbox 2081 3521 2194 3561; x_wconf 86' lang='lat' dir='ltr'>hunc</span> <span class='ocrx_word' id='word_1_845' title='bbox 2237 3518 2411 3561; x_wconf 86' lang='lat' dir='ltr'>modum</span> <span class='ocrx_word' id='word_1_846' title='bbox 2450 3521 2580 3568; x_wconf 85' lang='lat' dir='ltr'>sunt,</span> <span class='ocrx_word' id='word_1_847' title='bbox 2616 3516 2682 3559; x_wconf 86' lang='lat' dir='ltr'>in-</span> 
     </span>
     <span class='ocr_line' id='line_1_111' title="bbox 1441 3579 2679 3649; baseline -0.003 -13"><span class='ocrx_word' id='word_1_848' title='bbox 1441 3592 1630 3649; x_wconf 84' lang='lat' dir='ltr'>spectis:</span> <span class='ocrx_word' id='word_1_849' title='bbox 1668 3579 1851 3647; x_wconf 85' lang='lat' dir='ltr'>respiret</span> <span class='ocrx_word' id='word_1_850' title='bbox 1878 3593 1924 3642; x_wconf 82' lang='lat' dir='ltr'>in</span> <span class='ocrx_word' id='word_1_851' title='bbox 1957 3605 2032 3647; x_wconf 87' lang='lat' dir='ltr'>spe</span> <span class='ocrx_word' id='word_1_852' title='bbox 2067 3591 2372 3635; x_wconf 73' lang='lat' dir='ltr'>misericordiae</span> <span class='ocrx_word' id='word_1_853' title='bbox 2404 3590 2583 3639; x_wconf 79' lang='lat' dir='ltr'>divinae,</span> <span class='ocrx_word' id='word_1_854' title='bbox 2609 3592 2679 3646; x_wconf 82' lang='lat' dir='ltr'>qui</span> 
     </span>
     <span class='ocr_line' id='line_1_112' title="bbox 1440 3661 2680 3722; baseline -0.004 -13"><span class='ocrx_word' id='word_1_855' title='bbox 1440 3665 1629 3722; x_wconf 84' lang='lat' dir='ltr'>suspirat</span> <span class='ocrx_word' id='word_1_856' title='bbox 1652 3666 1696 3708; x_wconf 87' lang='lat' dir='ltr'>in</span> <span class='ocrx_word' id='word_1_857' title='bbox 1719 3664 2061 3710; x_wconf 85' lang='lat' dir='ltr'>consideratione</span> <span class='ocrx_word' id='word_1_858' title='bbox 2081 3664 2283 3719; x_wconf 76' lang='lat' dir='ltr'>nequitiae</span> <span class='ocrx_word' id='word_1_859' title='bbox 2307 3663 2503 3719; x_wconf 80' lang='lat' dir='ltr'>propriae.</span> <span class='ocrx_word' id='word_1_860' title='bbox 2532 3661 2680 3712; x_wconf 81' lang='lat' dir='ltr'>Sciens</span> 
     </span>
     <span class='ocr_line' id='line_1_113' title="bbox 1439 3734 2624 3796; baseline -0.004 -15"><span class='ocrx_word' id='word_1_861' title='bbox 1439 3739 1538 3796; x_wconf 86' lang='lat' dir='ltr'>plus</span> <span class='ocrx_word' id='word_1_862' title='bbox 1572 3750 1699 3793; x_wconf 88' lang='lat' dir='ltr'>posse</span> <span class='ocrx_word' id='word_1_863' title='bbox 1722 3750 1819 3780; x_wconf 90' lang='lat' dir='ltr'>eum</span> <span class='ocrx_word' id='word_1_864' title='bbox 1834 3750 1840 3756; x_wconf 87' lang='lat'><strong>·</strong></span> <span class='ocrx_word' id='word_1_865' title='bbox 1857 3737 2073 3780; x_wconf 89' lang='lat' dir='ltr'>remittere</span> <span class='ocrx_word' id='word_1_866' title='bbox 2093 3769 2103 3788; x_wconf 97' lang='lat'>‚</span> <span class='ocrx_word' id='word_1_867' title='bbox 2128 3748 2257 3791; x_wconf 83' lang='lat' dir='ltr'>quam</span> <span class='ocrx_word' id='word_1_868' title='bbox 2295 3748 2341 3779; x_wconf 85' lang='lat' dir='ltr'>se</span> <span class='ocrx_word' id='word_1_869' title='bbox 2364 3734 2624 3790; x_wconf 75' lang='lat' dir='ltr'>delinquere.</span> 
     </span>
    </p>

    <p class='ocr_par' dir='ltr' id='par_1_45' title="bbox 1434 3803 2684 4455">
     <span class='ocr_line' id='line_1_114' title="bbox 1495 3803 2680 3865; baseline -0.003 -11"><span class='ocrx_word' id='word_1_870' title='bbox 1495 3810 1548 3858; x_wconf 86' lang='lat' dir='ltr'>X.</span> <span class='ocrx_word' id='word_1_871' title='bbox 1579 3803 1805 3857; x_wconf 81' lang='lat' dir='ltr'>Animatus</span> <span class='ocrx_word' id='word_1_872' title='bbox 1848 3811 1979 3865; x_wconf 82' lang='lat' dir='ltr'>igitur</span> <span class='ocrx_word' id='word_1_873' title='bbox 2023 3822 2099 3865; x_wconf 89' lang='lat' dir='ltr'>per</span> <span class='ocrx_word' id='word_1_874' title='bbox 2140 3809 2262 3859; x_wconf 82' lang='lat' dir='ltr'>haec,</span> <span class='ocrx_word' id='word_1_875' title='bbox 2307 3813 2350 3851; x_wconf 89' lang='lat' dir='ltr'>et</span> <span class='ocrx_word' id='word_1_876' title='bbox 2381 3806 2680 3857; x_wconf 85' lang='lat' dir='ltr'>confortatus,</span> 
     </span>
     <span class='ocr_line' id='line_1_115' title="bbox 1441 3880 2679 3938; baseline -0.002 -11"><span class='ocrx_word' id='word_1_877' title='bbox 1441 3897 1610 3927; x_wconf 71' lang='lat' dir='ltr'>uranum</span> <span class='ocrx_word' id='word_1_878' title='bbox 1645 3897 1764 3926; x_wconf 73' lang='lat' dir='ltr'>suam</span> <span class='ocrx_word' id='word_1_879' title='bbox 1800 3883 1937 3925; x_wconf 86' lang='lat' dir='ltr'>mittat</span> <span class='ocrx_word' id='word_1_880' title='bbox 1980 3881 2034 3924; x_wconf 81' lang='lat' dir='ltr'>ad</span> <span class='ocrx_word' id='word_1_881' title='bbox 2071 3882 2200 3938; x_wconf 77' lang='lat' dir='ltr'>sortia</span> <span class='ocrx_word' id='word_1_882' title='bbox 2238 3881 2382 3938; x_wconf 78' lang='lat' dir='ltr'>(Prov.</span> <span class='ocrx_word' id='word_1_883' title='bbox 2426 3893 2526 3923; x_wconf 76' lang='lat' dir='ltr'>xxxi</span> <span class='ocrx_word' id='word_1_884' title='bbox 2547 3911 2558 3933; x_wconf 90' lang='lat'>,</span> <span class='ocrx_word' id='word_1_885' title='bbox 2594 3880 2679 3935; x_wconf 77' lang='lat'>19).</span> 
     </span>
     <span class='ocr_line' id='line_1_116' title="bbox 1440 3946 2683 4009; baseline -0.003 -9"><span class='ocrx_word' id='word_1_886' title='bbox 1440 3957 1543 4003; x_wconf 83' lang='lat' dir='ltr'>Post</span> <span class='ocrx_word' id='word_1_887' title='bbox 1583 3957 1673 4000; x_wconf 85' lang='lat' dir='ltr'>baec</span> <span class='ocrx_word' id='word_1_888' title='bbox 1705 3967 1881 4000; x_wconf 86' lang='lat' dir='ltr'>necesse</span> <span class='ocrx_word' id='word_1_889' title='bbox 1922 3961 2019 4009; x_wconf 89' lang='lat' dir='ltr'>est,</span> <span class='ocrx_word' id='word_1_890' title='bbox 2068 3963 2112 3998; x_wconf 86' lang='lat' dir='ltr'>ut</span> <span class='ocrx_word' id='word_1_891' title='bbox 2146 3961 2188 3999; x_wconf 90' lang='lat' dir='ltr'>et</span> <span class='ocrx_word' id='word_1_892' title='bbox 2223 3946 2593 3998; x_wconf 83' lang='lat' dir='ltr'>ferrumtollatur</span> <span class='ocrx_word' id='word_1_893' title='bbox 2631 3955 2683 3997; x_wconf 87' lang='lat' dir='ltr'>de</span> 
     </span>
     <span class='ocr_line' id='line_1_117' title="bbox 1440 4027 2684 4086; baseline -0.005 -14"><span class='ocrx_word' id='word_1_894' title='bbox 1440 4042 1552 4086; x_wconf 87' lang='lat' dir='ltr'>aqua</span> <span class='ocrx_word' id='word_1_895' title='bbox 1592 4029 1685 4086; x_wconf 66' lang='lat' dir='ltr'>(lob</span> <span class='ocrx_word' id='word_1_896' title='bbox 1730 4041 1889 4079; x_wconf 76' lang='lat' dir='ltr'>xxviii,</span> <span class='ocrx_word' id='word_1_897' title='bbox 1922 4028 1996 4086; x_wconf 72' lang='lat'>2),</span> <span class='ocrx_word' id='word_1_898' title='bbox 2030 4033 2072 4071; x_wconf 89' lang='lat' dir='ltr'>et</span> <span class='ocrx_word' id='word_1_899' title='bbox 2095 4027 2200 4071; x_wconf 86' lang='lat' dir='ltr'>silex</span> <span class='ocrx_word' id='word_1_900' title='bbox 2224 4027 2349 4071; x_wconf 88' lang='lat' dir='ltr'>detur</span> <span class='ocrx_word' id='word_1_901' title='bbox 2373 4039 2451 4082; x_wconf 85' lang='lat' dir='ltr'>pro</span> <span class='ocrx_word' id='word_1_902' title='bbox 2485 4033 2614 4075; x_wconf 85' lang='lat' dir='ltr'>terra,</span> <span class='ocrx_word' id='word_1_903' title='bbox 2643 4033 2684 4067; x_wconf 79' lang='lat' dir='ltr'>ct</span> 
     </span>
     <span class='ocr_line' id='line_1_118' title="bbox 1439 4097 2682 4158; baseline -0.006 -13"><span class='ocrx_word' id='word_1_904' title='bbox 1439 4115 1518 4158; x_wconf 86' lang='lat' dir='ltr'>pro</span> <span class='ocrx_word' id='word_1_905' title='bbox 1559 4098 1678 4145; x_wconf 85' lang='lat' dir='ltr'>silice</span> <span class='ocrx_word' id='word_1_906' title='bbox 1714 4107 1925 4145; x_wconf 87' lang='lat' dir='ltr'>torrentes</span> <span class='ocrx_word' id='word_1_907' title='bbox 1969 4101 2089 4144; x_wconf 89' lang='lat' dir='ltr'>aurei</span> <span class='ocrx_word' id='word_1_908' title='bbox 2129 4098 2235 4156; x_wconf 83' lang='lat' dir='ltr'>(Job</span> <span class='ocrx_word' id='word_1_909' title='bbox 2274 4111 2386 4150; x_wconf 82' lang='lat' dir='ltr'>xxu,</span> <span class='ocrx_word' id='word_1_910' title='bbox 2426 4097 2530 4155; x_wconf 68' lang='lat'>24).</span> <span class='ocrx_word' id='word_1_911' title='bbox 2571 4098 2682 4149; x_wconf 82' lang='lat' dir='ltr'>Qua-</span> 
     </span>
     <span class='ocr_line' id='line_1_119' title="bbox 1440 4164 2683 4230; baseline -0.007 -12"><span class='ocrx_word' id='word_1_912' title='bbox 1440 4181 1564 4224; x_wconf 83' lang='lat' dir='ltr'>tenus</span> <span class='ocrx_word' id='word_1_913' title='bbox 1602 4173 1675 4230; x_wconf 83' lang='lat' dir='ltr'>qui</span> <span class='ocrx_word' id='word_1_914' title='bbox 1703 4173 1904 4224; x_wconf 82' lang='lat' dir='ltr'>effrenis,</span> <span class='ocrx_word' id='word_1_915' title='bbox 1950 4164 2140 4217; x_wconf 79' lang='lat' dir='ltr'>eatenus</span> <span class='ocrx_word' id='word_1_916' title='bbox 2168 4172 2213 4214; x_wconf 87' lang='lat' dir='ltr'>in</span> <span class='ocrx_word' id='word_1_917' title='bbox 2256 4171 2433 4213; x_wconf 87' lang='lat' dir='ltr'>mollitie</span> <span class='ocrx_word' id='word_1_918' title='bbox 2473 4170 2683 4212; x_wconf 79' lang='lat' dir='ltr'>enerviter</span> 
     </span>
     <span class='ocr_line' id='line_1_120' title="bbox 1434 4241 2682 4309; baseline -0.008 -18"><span class='ocrx_word' id='word_1_919' title='bbox 1434 4249 1572 4309; x_wconf 82' lang='lat' dir='ltr'>jacuit</span> <span class='ocrx_word' id='word_1_920' title='bbox 1614 4248 1733 4292; x_wconf 86' lang='lat' dir='ltr'>carni</span> <span class='ocrx_word' id='word_1_921' title='bbox 1754 4248 2029 4293; x_wconf 78' lang='lat' dir='ltr'>substratus:</span> <span class='ocrx_word' id='word_1_922' title='bbox 2069 4246 2122 4290; x_wconf 90' lang='lat' dir='ltr'>de</span> <span class='ocrx_word' id='word_1_923' title='bbox 2158 4249 2312 4287; x_wconf 79' lang='lat' dir='ltr'>caetero</span> <span class='ocrx_word' id='word_1_924' title='bbox 2349 4242 2402 4284; x_wconf 91' lang='lat' dir='ltr'>ad</span> <span class='ocrx_word' id='word_1_925' title='bbox 2443 4241 2599 4285; x_wconf 86' lang='lat' dir='ltr'>bonam</span> <span class='ocrx_word' id='word_1_926' title='bbox 2636 4251 2682 4282; x_wconf 87' lang='lat' dir='ltr'>se</span> 
     </span>
     <span class='ocr_line' id='line_1_121' title="bbox 1436 4317 2678 4371; baseline -0.01 -5"><span class='ocrx_word' id='word_1_927' title='bbox 1436 4321 1637 4366; x_wconf 75' lang='lat' dir='ltr'>extendat</span> <span class='ocrx_word' id='word_1_928' title='bbox 1674 4321 1904 4371; x_wconf 85' lang='lat' dir='ltr'>actionem,</span> <span class='ocrx_word' id='word_1_929' title='bbox 1939 4319 2069 4363; x_wconf 77' lang='lat' dir='ltr'>ctiam</span> <span class='ocrx_word' id='word_1_930' title='bbox 2092 4322 2241 4361; x_wconf 83' lang='lat' dir='ltr'>contra</span> <span class='ocrx_word' id='word_1_931' title='bbox 2279 4326 2452 4358; x_wconf 83' lang='lat' dir='ltr'>carnem</span> <span class='ocrx_word' id='word_1_932' title='bbox 2494 4317 2678 4359; x_wconf 80' lang='lat' dir='ltr'>erectus,</span> 
     </span>
     <span class='ocr_line' id='line_1_122' title="bbox 1438 4386 2678 4455; baseline -0.009 -17"><span class='ocrx_word' id='word_1_933' title='bbox 1438 4399 1478 4438; x_wconf 88' lang='lat' dir='ltr'>ct</span> <span class='ocrx_word' id='word_1_934' title='bbox 1511 4405 1640 4455; x_wconf 84' lang='lat' dir='ltr'>supra</span> <span class='ocrx_word' id='word_1_935' title='bbox 1664 4404 1836 4436; x_wconf 85' lang='lat' dir='ltr'>carnem</span> <span class='ocrx_word' id='word_1_936' title='bbox 1860 4391 2065 4443; x_wconf 65' lang='lat' dir='ltr'>clexatuS,</span> <span class='ocrx_word' id='word_1_937' title='bbox 2092 4394 2132 4438; x_wconf 88' lang='lat' dir='ltr'>et</span> <span class='ocrx_word' id='word_1_938' title='bbox 2154 4389 2351 4434; x_wconf 76' lang='lat' dir='ltr'>exhibeat</span> <span class='ocrx_word' id='word_1_939' title='bbox 2369 4387 2457 4441; x_wconf 76' lang='lat' dir='ltr'>Jam</span> <span class='ocrx_word' id='word_1_940' title='bbox 2494 4386 2678 4430; x_wconf 65' lang='lat' dir='ltr'>memb-rs</span> 
     </span>
    </p>
   </div>
  </div>
 </body>
</html>
