2924 4588
0 0 25 151 f

0 145 150 196 1601

691 138 947 184 HISTORIA
980 140 1368 190 SCHOLASTtCA.
1399 169 1453 177 -—
1481 144 1535 190 ΙΝ
1563 146 1882 198 ΕΥΑΝΟΕΠΑ.

2481 165 2587 208 1602

0 213 219 318 {quidem
228 224 351 286 illae,
357 242 452 287 quae
489 230 638 274 eadem
677 229 748 274 die
780 229 1086 275 Dominiealem
1113 246 1286 288 proces·
1308 242 1342 286 Α
1366 247 1452 290 quo
1475 237 1699 283 credamus
1719 241 1797 284 tibi
1821 243 2062 290 hoclicere.
2088 247 2139 290 Et
2162 251 2417 303 respondit:
2445 269 2459 293 ‹
2493 255 2587 296 Sol-

8 309 204 352 sionem
241 304 311 348 isti
347 303 632 359 praemittunt,
653 303 815 347 rectius
846 302 1024 354 faciunt,
1061 305 1162 360 qnia
1194 318 1282 350 nou

0 345 119 443 Jpro
138 379 191 421 ist
198 388 223 419 a
242 377 314 419 illa
346 381 413 420 est
442 374 714 419 dimittenda.
737 372 946 416 Similiter
969 375 1050 418 illae
1069 389 1163 431 quae
1181 390 1284 432 pon·

0 450 145 494 tilici
168 460 265 501 suo,
285 453 406 491 extra
426 446 578 492 urbem
596 447 755 501 posito,
778 446 820 488 in
847 447 1051 501 praedicto
1069 448 1164 491 loco
1187 463 1282 492 ciu-

0 524 22 571 fs·
40 524 106 567 cis
137 522 176 565 ei
201 523 455 568 occurrunt,
492 524 535 562 et
574 518 668 573 ipso
694 518 896 572 populum
927 520 1206 573 praecedente,
1238 521 1278 564 in

0 511 29 678 ἒ
41 595 256 642 civitatem
279 592 598 650 regrediuntur,
624 591 865 636 ordinatius
883 591 1061 635 iaciunt.

22 683 140 730 (211³.
173 681 318 730 CXIX
350 681 413 727 De
435 680 614 724 secunda
634 682 828 734 eJ'ectione
852 681 1068 723 ementium
1103 687 1144 725 et
1187 695 1279 725 ven-

425 737 611 780 dentium
630 736 681 780 de
705 739 871 791 templo.
1031 756 1034 759 v

23 804 34 851 :J
91 823 122 851 ,ι
147 809 210 852 Ει
243 808 418 852 intravit
453 807 579 851 Jesus
625 807 669 850 in
714 809 918 862 templum
959 807 1076 862 (Luc.
1122 808 1229 863 xtx).
1260 823 1274 849 ι

22 884 200 930 Φοὶιιάε
232 881 421 926 ostendit
450 881 621 923 ruinam
658 880 803 930 urbis,
852 893 930 935 pro
965 893 1047 935 qua
1089 881 1275 934 fleverat,

29 957 226 1002 'maxime
252 967 302 998 cx
333 953 606 999 sacerdotum
632 954 756 1008 culpa
781 966 1096 1008 processuram.
1127 955 1279 999 Sacer-

35 1046 37 1049 *
69 1035 160 1076 otes
190 1026 322 1078 enim,
346 1025 537 1069 avaritia:
557 1037 646 1069 suae
662 1026 952 1076 consulentes,
975 1027 1016 1068 in
1041 1028 1278 1080 porticibus

30 1102 183 1156 tetiipli
207 1090 371 1143 hostias
398 1098 643 1142 vendebant
674 1098 886 1154 cujusque
912 1099 1097 1154 generis,
1132 1111 1186 1142 ne
1208 1113 1277 1143 ve·

27 1175 204 1220 'niente-s
222 1173 275 1216 dc
293 1171 544 1227 longinquo,
565 1171 625 1213 nil
645 1170 860 1220 offerrent,
884 1172 918 1214 si
941 1171 1104 1214 hostias
1122 1178 1278 1226 praesto

20 1247 124 1310 „juon
167 1243 425 1287 invenirent.
466 1242 518 1285 Et
550 1254 604 1285 ne
640 1243 766 1286 etiam
801 1255 1029 1298 pauperes,
1074 1245 1147 1298 qui
1171 1245 1278 1287 nibil

20 1435 33 1442 „
69 1392 121 1434 iae
145 1401 232 1432 non
270 1388 439 1438 habitae,
473 1392 717 1443 posuerunt
748 1387 904 1431 ibidem
944 1390 1274 1440 nunnnulariosv

0 1454 111 1517 ''qui
136 1466 330 1512 mutuam
371 1458 452 1503 sub
496 1458 694 1501 cautione
729 1458 882 1502 darent
922 1460 1160 1514 pecuniam.
1196 1461 1278 1505 Sed

30 1519 138 1590 {fluia
165 1531 231 1574 lex
258 1542 343 1574 non
367 1530 626 1586 patiebatur,
663 1536 709 1573 ιιι
732 1543 755 1573 a
780 1531 984 1576 iratribus
1010 1534 1100 1577 suis
1127 1547 1279 1579 usuras

37 1604 297 1667 temperent,
323 1603 691 1664 excogitaverunt,
717 1610 763 1646 ut
793 1603 1032 1648 collibistas
1070 1604 1276 1650 facerent.

0 1664 219 1739 ξ’·ἷὲοιιὶιιὶιι
245 1677 360 1721 enim
391 1677 503 1732 apud
537 1689 612 1720 cos
641 1677 845 1721 dicuntur
883 1677 983 1720 vilia
1007 1681 1277 1733 munuscula,

2 1749 283 1806 stussciceris,
300 1756 343 1792 et
365 1761 459 1792 uva:
481 1762 632 1804 passae,
659 1754 700 1795 et
722 1762 946 1804 pomorum
971 1750 1128 1793 diversi
1153 1764 1281 1807 gene-

4 1831 41 1881 i'J'j
63 1823 267 1880 is‚,quasi
300 1822 416 1878 quod
454 1823 498 1865 in
529 1833 704 1864 nummo
729 1835 816 1864 non
851 1823 1006 1865 licebat
1047 1823 1087 1865 in
1124 1825 1279 1868 talibus

4 1887 41 1948 ,ξ
69 1893 346 1946 cetet.:Quod
371 1893 588 1948 probibuit
613 1893 810 1945 Ezechiel
829 1898 935 1950 (cap.
961 1895 1069 1950 xxti)
1095 1895 1242 1939 dicens
1266 1911 1276 1940 t

15 1955 59 2012 ’ἢ
74 1965 290 2023 Mauram,
316 1973 359 2009 et
381 1978 552 2015 omnem
575 1965 1013 2022 superabundantiam
1037 1979 1124 2010 non
1164 1968 1277 2010 acci*

8 2027 180 2099 sapietis.
207 2054 222 2081 ι
251 2038 324 2083 Sic
346 2047 388 2082 et
411 2039 538 2083 hodie
558 2038 732 2094 quidam
756 2040 837 2082 sub
857 2039 1033 2082 nomine
1057 2040 1281 2084 charitatis

8 2094 214 2174 ¹³<3<sm¹am
254 2108 447 2168 palliant.
499 2107 550 2148 Ει
590 2106 703 2149 sacto
747 2106 914 2163 flagello
933 2099 1004 2151 ⁴de
1048 2107 1277 2162 funiculis,

11 2188 35 2260 ἵ,
51 2181 236 2238 liciebat
267 2180 502 2233 vendentes
531 2186 574 2222 et
596 2179 788 2224 ementes
811 2192 908 2223 cum
931 2180 1085 2223 hostiis
1113 2183 1203 2224 suis
1228 2181 1280 2225 de

51 2261 55 2267 ’
84 2255 215 2310 mplo'
238 2259 282 2299 et
304 2265 477 2298 mensas
507 2253 811 2308 trapezitarum
836 2253 1005 2303 evertit,
1032 2259 1073 2297 et
1095 2254 1202 2296 dixit
1226 2267 1280 2298 ne

14 2322 211 2382 sitientum
234 2325 376 2386 Patris
406 2326 491 2377 sui,
514 2338 609 2382 quae
632 2332 724 2368 erat
748 2326 902 2369 domus
934 2327 1142 2370 orationis
1169 2326 1275 2382 (Isa.

20 2395 41 2451 [22
67 2398 150 2458 vt),
194 2398 387 2444 facerent
429 2399 680 2454 speluncam.
726 2398 959 2442 latronum.
993 2400 1076 2442 Nec
1113 2401 1280 2443 sinebat

18 2463 310 2532 sasaliquod
349 2472 434 2518 nisi
469 2473 558 2518 Deo
586 2471 776 2516 dicatum
808 2471 1036 2515 transferri
1066 2485 1140 2527 per
1174 2479 1282 2515 tem-

20 2535 171 2589 ¹‘'lutn.
199 2543 249 2587 Et
278 2544 453 2588 tradunt
476 2544 677 2601 quidam,
706 2544 807 2600 quia
839 2544 1011 2599 quidam
1043 2543 1185 2598 fulgur
1213 2557 1284 2586 ra-

22 2613 188 2678 ὶιίἰοειιε
228 2618 537 2676 egredicbatur.
564 2631 615 2663 ex
657 2619 796 2662 oculis
836 2619 989 2674 ipsius.
1033 2631 1117 2674 quo
1142 2618 1278 2661 territi

30 2678 298 2743 &acer-dotes>
330 2697 374 2734 et
422 2691 562 2735 levitae
597 2703 692 2734 non
736 2697 937 2747 poterant
978 2693 1016 2734 ei
1061 2691 1278 2734 resistere.

0 2782 3 2802 t
28 2750 287 2825 Secundum
328 2763 560 2817 boerecte
584 2762 748 2811 faciunt
781 2763 854 2818 qui
876 2774 1024 2806 cereas
1054 2762 1216 2805 faculas
1235 2762 1278 2803 in

0 2837 236 2891 lkcclesiis
275 2837 400 2881 tendi
443 2849 530 2880 non
579 2836 849 2892 permittunt,
898 2835 983 2878 nisi
1026 2833 1136 2877 sorte
1179 2834 1279 2888 quia

0 2911 6 2949 ὲ
32 2911 224 2962 maxime
245 2923 324 2966 pro
350 2912 561 2967 mysterio
596 2909 696 2952 fecit
721 2908 802 2951 hoe
837 2907 1057 2950 Dominus.
1090 2921 1104 2946 ι
1135 2906 1185 2947 Ει
1209 2917 1282 2948 ac·

0 2970 8 3020 Ξ
32 2990 260 3044 §esserunt
280 2984 332 3027 ad
355 2996 454 3033 cum
478 2984 594 3034 caeci,
614 2988 657 3026 ct
675 2981 842 3025 claudi
831 2993 874 3024 ιη
893 2979 1065 3037 templo,
1092 2988 1135 3022 et
1153 2990 1280 3021 sana-

0 3108 8 3177 Ξ
95 3114 349 3182 ἱ4ἀάἱιὶο1.
371 3130 431 3174 De
459 3129 674 3186 audibus‚
697 3097 739 3172 et
771 3127 894 3182 quasi
934 3126 1127 3168 oratione
1158 3124 1279 3168 exbi-

6 3249 10 3256 .
41 3202 127 3253 bita
156 3207 225 3250 die
249 3205 487 3256 Dentinica‚
515 3214 664 3250 omnes
693 3200 963 3255 evangelistae
985 3198 1276 3247 consentiunt,

14 3281 290 3341 ejectionem
316 3291 418 3323 vero
445 3276 594 3320 eadem
632 3275 701 3318 die
746 3274 903 3316 saetam
949 3271 1197 3320 Matthaeus,
1237 3274 1279 3312 et

41 3347 179 3412 {aucas
221 3352 414 3412 tradunt.
443 3349 613 3393 Marcus
650 3359 752 3391 vero
789 3345 985 3403 sequenti
1020 3344 1089 3387 die
1121 3342 1277 3385 saetam

2 3511 3 3514 ’
45 3498 247 3548 Similiter
270 3500 379 3543 forte
399 3497 604 3546 Ecclesiae
623 3495 770 3538 laudes
792 3492 990 3548 sequenti
1007 3492 1076 3533 die
1099 3491 1276 3539 iteiatae,

15 3580 18 3581 ’
66 3609 68 3611 -
99 3574 141 3620 ia
164 3573 317 3618 Glossa
343 3584 472 3627 super
487 3568 680 3629 Exodum
700 3566 805 3619 dicit
825 3563 1022 3620 ‚sequenti
1042 3563 1110 3605 die
1129 3562 1277 3609 lactas,

8 3672 12 3686 ι
43 3632 81 3700 ⁷,
95 3660 170 3704 per
203 3648 321 3690 illum
347 3646 505 3697 locum,
545 3642 618 3685 ubi
649 3641 736 3696 agit
756 3638 827 3684 ⁴de
850 3637 979 3691 Agno-
1009 3636 1174 3683 decima
1213 3632 1282 3674 die

57 3744 61 3753 =
105 3719 245 3770 lendo,
269 3722 311 3761 et
333 3718 409 3768 ita,
436 3715 593 3772 inquit,
618 3725 705 3758 non
726 3717 792 3762 est
815 3709 1017 3765 obJeetio,
1045 3705 1279 3750 secundum

132 3773 217 3847 am,
241 3793 621 3845 demaledictione
644 3789 1006 3841 fi'culneae,-quam
1032 3781 1136 3825 dicit
1170 3778 1281 3821 Mar-

21 3861 72 3908 ‘w
101 3883 134 3920 s
161 3861 318 3919 factam
358 3873 458 3912 ante
493 3865 746 3920 eJ'ectionem
777 3857 1069 3903 vendentium.
1108 3853 1213 3895 Nam
1239 3857 1281 3894 et

7 3961 18 3984 ι
56 3945 195 3990 ectio
218 3942 407 3989 secunda
430 3941 499 3985 die
516 3939 629 3983 sacta
646 3942 735 3986 est,
762 3940 810 3978 ut
838 3933 964 3976 babet
982 3931 1113 3975 series
1132 3926 1277 3970 Marci.

0 4020 19 4027 ”
68 4010 81 4038 ⁷
120 4017 199 4064 sic,
226 4018 380 4072 inquit,
405 4009 701 4068 omniapiana
723 4013 841 4052 sunt.

29 4069 35 4087 ¹
143 4087 261 4134 Car.
282 4084 411 4130 CXX.
440 4085 498 4127 De
515 4082 766 4129 excitatione
788 4077 927 4132 templi
950 4076 991 4117 in
1016 4073 1166 4115 triduo.

11 4179 13 4199 ⁴
34 4187 37 4213 z
90 4175 112 4210 ι
137 4161 189 4210 Et
214 4161 478 4244 admirantes
500 4155 718 4214 principes
741 4150 1012 4239 sacerdotum
1037 4155 1079 4190 et
1105 4142 1277 4234 Sci-ibae,

0 4284 39 4336 ‘J
69 4308 230 4355 ὃιιίεἳι
258 4299 401 4363 (Ιοιιη.
429 4316 458 4346 ιι
465 4302 496 4359 ..)
513 4300 649 4354 Quasi
675 4300 856 4343 dicant:
884 4245 1165 4348 significasne
1204 4251 1283 4329 ali-

32 4382 40 4413 Ἀ
64 4377 152 4430 uid
172 4378 256 4423 hoc
288 4370 419 4432 opere
443 4372 686 4430 inusitato?
718 4369 788 4416 Vel
826 4367 1003 4422 potius:
1029 4361 1134 4404 ton
1145 4358 1282 4403 credi-

34 4445 37 4501 s
72 4494 78 4497 ,
121 4497 123 4499 ,
150 4451 246 4496 tibi
285 4450 366 4496 hoc
397 4450 542 4501 licere,
576 4458 678 4501 ergo
714 4441 892 4488 ostende
930 4437 1060 4485 nobis
1097 4435 1280 4489 signum,

31 1328 183 1361 secum
206 1315 454 1364 attulerant,
473 1314 792 1357 excusationem
818 1315 1129 1370 praetenderent
1148 1328 1277 1370 pecn-
1302 1308 1334 1350 Β

1359 308 1446 350 vite
1486 311 1684 363 templum
1731 313 1826 363 lioc,
1868 320 1911 358 et
1954 318 1997 360 in
2037 319 2174 362 tribus
2217 322 2367 364 diebus
2394 326 2558 368 cxcital
2551 340 2586 369 ο

1361 379 1478 423 illud.
1512 380 1573 423 llli
1615 389 1754 426 autem
1798 387 2331 445 dixeruntzQuadraginta
2357 406 2428 436 sex
2463 398 2585 439 anilis

1359 452 1611 495 aedilicatum
1651 462 1715 498 est
1756 459 1955 512 templum
1994 460 2091 511 hoc,
2134 463 2241 504 etin
2276 465 2413 508 tribus
2437 467 2586 512 diebus

1359 524 1567 568 excitabis
1594 526 1727 569 illud?
1750 528 1819 572 ille
1841 536 1978 573 autem
2003 534 2170 578 dicebat
2188 538 2239 580 dc
2263 540 2416 592 templo
2434 551 2586 594 corpo-

1358 596 1419 638 ris
1443 597 1526 639 sui.
1552 613 1566 637 »
1592 597 1904 643 salomonicum
1922 606 2123 658 templum
2143 616 2303 661 septem
2329 611 2450 653 annis
2467 623 2586 654 cotn-

1360 670 1516 721 pletum
1555 676 1635 714 est.
1667 670 1905 717 Secundum
1949 683 2087 720 autem
2128 681 2327 734 templum
2354 683 2435 724 sub
2474 683 2586 740 Cyro

1357 741 1530 794 triginta
1549 743 1672 786 annis
1689 744 1940 789 aedificatum
1959 754 2037 798 est,
2058 751 2131 793 sed
2155 764 2238 795 non
2260 766 2386 807 super
2409 760 2584 806 terram,

1357 816 1442 857 nisi
1467 823 1671 870 quantum
1698 820 1942 863 sacerdotes
1964 829 2172 875 poterant,
2200 837 2334 879 usque
2357 826 2407 867 ad
2429 828 2586 870 medic-

1357 891 1488 928 tatem
1513 886 1630 931 dorsi
1653 890 1923 944 superinniti.
1951 891 2158 937 Finitima>
2182 896 2293 937 enim
2321 903 2464 951 gentes
2484 898 2587 940 aedi·

1359 958 1599 1001 ficationem
1626 960 1925 1014 impediebant.
1957 963 2056 1007 Post
2080 965 2368 1010 intermissum
2393 975 2456 1010 est
2477 982 2585 1022 opus

1358 1029 1410 1071 ad
1436 1029 1658 1084 imperium
1694 1029 1924 1085 Cambyses
1944 1040 2101 1086 septem
2138 1036 2275 1084 annis,
2301 1042 2342 1078 et
2372 1043 2467 1090 post
2501 1049 2585 1079 uno

1358 1115 1470 1145 anno
1494 1103 1574 1146 snb
1597 1103 1765 1146 duobus
1788 1103 1937 1159 Magis,
1966 1107 2119 1148 iterum
2148 1120 2231 1150 uno
2255 1120 2366 1151 anno
2390 1110 2470 1152 sub
2505 1110 2586 1152 Da-

1362 1174 1427 1215 rio
1466 1173 1553 1216 filio
1571 1172 1811 1230 Hystaspis,
1844 1175 2030 1217 secundo
2053 1180 2191 1217 autem
2215 1188 2325 1218 anno
2356 1179 2471 1231 regni
2493 1178 2586 1231 ejus

1357 1253 1527 1300 recepta
1558 1246 1729 1289 licentia
1757 1247 1810 1287 ab
1845 1257 1912 1297 eo,
1939 1247 1983 1288 in
2003 1258 2077 1289 sex
2102 1247 2224 1290 annis
2246 1254 2585 1292 consummatum

1357 1323 1420 1360 est
1446 1329 1567 1372 opus.
1591 1315 1713 1368 Quod
1737 1317 1908 1372 legitur,
1931 1317 2044 1360 hunc
2065 1330 2289 1360 numerum
2310 1317 2474 1360 dicrum
2498 1319 2586 1360 lor—

1357 1390 1535 1431 mationi
1556 1389 1766 1431 Dominici
1798 1389 1990 1445 corporis
2013 1390 2277 1445 congruisse,
2302 1397 2508 1444 quantum
2531 1391 2584 1432 ad

1356 1461 1674 1504 distinctionem
1714 1461 2018 1513 membrorum,
2065 1474 2148 1504 non
2195 1462 2246 1504 ad
2290 1463 2585 1504 formationem

1358 1535 1516 1576 dictum
1543 1540 1621 1576 cst.
1657 1534 1721 1575 Ab
1745 1534 1849 1576 bora
1878 1534 1990 1576 enim
2023 1535 2312 1589 conceptionis
2346 1534 2472 1578 simul
2506 1534 2587 1576 for-

1357 1611 1470 1647 mata
1508 1604 1680 1647 suerunt
1714 1604 1857 1647 omnia
1888 1605 2098 1654 membra,
2137 1617 2222 1650 non
2264 1618 2339 1660 per
2363 1607 2586 1648 intervalla

1358 1677 1470 1719 sicut
1502 1675 1688 1718 hominis
1712 1676 1825 1731 puri,
1859 1675 1932 1719 sed
1961 1675 2069 1718 sorte
2106 1676 2229 1718 etiam
2257 1677 2291 1719 si
2323 1677 2582 1727 viderentur,

1357 1761 1442 1790 non
1463 1749 1521 1791 ita
1547 1754 1721 1803 possent
1741 1749 1962 1803 distingui,
1990 1759 2124 1802 usque
2143 1748 2195 1790 ad
2215 1754 2379 1791 tantum
2402 1754 2580 1804 tempus.

1359 1820 1447 1862 Hoc
1469 1828 1608 1862 autem
1635 1831 1720 1862 non
1745 1820 1852 1862 dixit
1878 1818 2002 1863 Jesus
2035 1819 2299 1874 imperando,
2335 1820 2400 1863 vel
2430 1832 2586 1866 consu-

1358 1892 1499 1943 lendo,
1527 1893 1592 1935 vel
1617 1892 1842 1943 hortando,
1878 1892 1950 1935 sed
1982 1891 2249 1946 praedicendo
2297 1901 2339 1935 et
2361 1898 2426 1936 est
2445 1907 2459 1934 ‹
2491 1891 2586 1936 Sol-

1359 1967 1461 2016 vite,
1495 1981 1510 2006 ι
1538 1966 1578 2008 id
1605 1972 1673 2013 est
1691 1965 1881 2009 solvetis.

1416 2037 1603 2080 *Additio
1634 2038 1674 2080 1.
1701 2037 1920 2092 Templum
1961 2037 2129 2082 Domini
2147 2070 2159 2090 ,
2185 2038 2397 2093 quomodo
2421 2044 2503 2087 cst,
2544 2043 2587 2080 et

1357 2109 1502 2152 Bethel
1543 2109 1714 2159 dicitur,
1740 2109 1836 2163 quis
1867 2108 2136 2152 aedificaverit
2167 2109 2371 2152 nescitur.
2406 2108 2584 2161 Quidam

1359 2187 1498 2224 autem
1527 2181 1676 2224 dicunt
1697 2173 1951 2223 aedificatum
1985 2181 2037 2223 ab
2062 2179 2217 2223 Uelena
2240 2185 2335 2234 post
2361 2181 2500 2223 crucis
2522 2181 2586 2221 in-

1357 2255 1616 2297 ventionem.
1643 2253 1821 2306 Quidam
1850 2253 1905 2296 ab
1942 2252 2152 2303 Heraclio,
2187 2265 2282 2296 cum
2327 2253 2377 2295 de
2411 2251 2585 2294 Persida

1362 2331 1638 2386 triumphans
1674 2343 1845 2374 crucem
1883 2331 2044 2374 retulit.
2086 2330 2264 2382 Quidam
2302 2342 2323 2371 a
2347 2330 2586 2372 Justiniano

1360 2404 1569 2458 Augusto.
1605 2401 1786 2454 Quidam
1827 2413 1850 2443 a
1885 2402 2066 2456 quodam
2091 2413 2188 2456 rege
2217 2400 2387 2456 AEgypti
2418 2400 2586 2443 nomine

1360 2476 1609 2525 Allachibis,
1632 2475 1675 2517 id
1692 2478 1758 2518 est
1780 2474 1931 2516 summi
1950 2473 2043 2516 Dei.

1526 2585 1624 2628 Car.
1651 2581 1793 2626 CXXI.
1819 2581 1879 2624 De
1901 2581 2057 2625 duobus
2082 2582 2248 2624 nzinutis
2270 2579 2417 2624 viduae.

1415 2689 1465 2731 Et
1489 2688 1746 2743 respiciebat
1769 2686 1938 2736 divites,
1965 2689 2037 2740 qui
2064 2685 2285 2729 mittebant
2308 2696 2480 2727 munera
2505 2695 2583 2727 sua

1359 2764 1403 2805 in
1443 2761 1789 2816 gazophylacium
1825 2758 1977 2815 (Μανσ.
2013 2770 2096 2809 x113
2139 2757 2235 2800 Luc.
2270 2755 2374 2811 xxi).
2399 2755 2583 2812 Phylaxe

1358 2834 1518 2883 Graece,
1557 2833 1702 2875 Latine
1725 2844 1888 2874 servare
1917 2830 2087 2880 dicitur,
2110 2841 2213 2885 gaza
2244 2830 2384 2884 lingua
2411 2827 2581 2871 Persica

1358 2921 1468 2962 epea.
1495 2907 1611 2951 Erat.
1637 2910 1777 2947 autem
1813 2915 1930 2953 arca,
1970 2902 2152 2956 desuper
2186 2901 2374 2944 foramen
2404 2901 2578 2951 babens,

1358 2982 1494 3036 posita
1519 2980 1572 3022 ad
1607 2979 1822 3022 dexteram
1859 2975 2184 3030 ingredientium
2223 2975 2335 3016 circa
2360 2975 2505 3023 altare,
2537 2973 2580 3016 in

1358 3067 1439 3111 qua
1481 3053 1725 3096 inittebatur
1754 3051 1932 3105 pecunia
1970 3046 2231 3090 offerentium
2268 3047 2318 3088 ad
2357 3052 2580 3089 sartatecta

1357 3125 1502 3180 templi
1538 3121 1834 3171 restauranda,
1865 3125 1908 3162 et
1929 3119 2193 3163 servabatur.
2216 3117 2382 3160 »Tamen
2408 3124 2497 3160 erat
2523 3117 2578 3159 ibi

1358 3199 1548 3254 quaedam
1575 3194 1772 3250 specialis
1795 3204 1910 3242 arca,
1936 3193 1977 3233 in
2001 3203 2085 3246 qua
2107 3190 2184 3232 soli
2218 3191 2458 3233 sacerdotes
2488 3191 2582 3232 mit·

1358 3270 1502 3313 tebant
1527 3268 1704 3309 dor'taria
1741 3276 1834 3313 sua,
1866 3274 1959 3317 quae
1993 3261 2223 3304 vocabatur
2256 3260 2496 3303 corbanam.
2530 3259 2579 3302 Et

1358 3347 1450 3385 erat
1475 3340 1532 3383 ibi
1560 3338 1700 3385 tertia,
1726 3336 1768 3377 in
1796 3346 1879 3389 qua
1904 3344 1994 3382 rex,
2018 3331 2082 3375 vel
2114 3329 2327 3385 principes
2375 3330 2577 3372 tributum

42 3423 184 3476 traua.
227 3410 354 3470 Forte
378 3425 464 3468 illis
491 3423 662 3470 duobus
684 3420 836 3468 diebus
871 3419 1026 3462 iterato
1050 3417 1160 3461 sacta
1194 3420 1274 3459 est.
1301 3429 1335 3471 Ι)
1358 3413 1596 3462 mittebant,
1626 3421 1719 3465 qua:
1761 3407 1982 3450 dicebatur
2015 3416 2176 3447 musac.
2220 3402 2374 3444 Tamen
2409 3402 2576 3456 qnidam

1359 3489 1480 3529 aliter
1503 3485 1785 3537 distinguunt,
1824 3477 1923 3533 quia
1965 3476 2218 3531 quandoque
2252 3474 2400 3528 legitur
2432 3485 2578 3515 musac

1360 3559 1550 3603 Sabbati.
1576 3555 1628 3598 Et
1650 3555 1799 3598 dicunt.
1820 3553 1860 3594 in
1884 3551 1956 3592 illa
1976 3561 2073 3592 arca
2105 3555 2265 3590 tantum
2299 3546 2444 3601 reponi
2467 3546 2579 3587 obla-

1359 3635 1496 3677 tiones
1534 3628 1785 3674 soicmnium
1817 3625 1979 3667 dierum
2002 3655 2012 3672 ,
2037 3627 2077 3664 et
2110 3620 2208 3676 quia
2240 3619 2410 3661 corbam
2442 3625 2576 3659 votum

1357 3713 1498 3754 sonat,
1524 3701 1741 3751 dieuntjn
1770 3698 1996 3741 corbanam
2020 3693 2180 3749 reponi
2202 3692 2355 3734 votiva.
2383 3689 2427 3731 ln
2452 3702 2577 3745 gazo·

1357 3778 1553 3835 pliylacio
1587 3775 1767 3817 aliorum
1803 3770 1968 3812 dierum
2005 3777 2203 3815 munera,
2240 3771 2280 3808 et
2325 3770 2574 3817 spontanea.

1359 3852 1517 3893 'sannen
1539 3845 1735 3904 quaelibet
1758 3853 1902 3885 earum
1927 3837 2110 3895 generali
2129 3836 2298 3879 nomine
2323 3835 2573 3889 gazophyla-

1358 3925 1468 3968 cium
1489 3920 1723 3966 dicebatur,
1743 3914 1923 3958 etetiam
1948 3913 2082 3961 locus,
2103 3909 2146 3952 in
2170 3921 2253 3963 quo
2270 3914 2388 3950 erant
2411 3906 2573 3960 positae.

1358 3994 1478 4038 Unde
1500 3992 1679 4034 habetur
1704 4003 1713 4030 ε
1745 4002 1757 4026 ι
1783 3985 2063 4028 Haeclocutus
2082 3987 2145 4023 est
2164 3979 2286 4022 Jesus
2307 3979 2346 4019 in
2365 3977 2576 4032 gazophy-

1358 4067 1466 4110 lacio
1491 4063 1633 4120 (Joan.
1654 4059 1766 4115 vm).
1794 4075 1807 4100 ι
1831 4057 1875 4099 ln
1891 4054 2115 4098 Ezechiele-
2134 4051 2239 4107 (cap.
2266 4050 2376 4103 xmv)
2408 4059 2575 4103 quoqne

1362 4138 1533 4182 thalami
1553 4134 1821 4179 sacerdotum
1846 4130 2045 4172 dicuntur
2078 4122 2391 4180 gazophylacia.
2420 4135 2434 4159 ι
2463 4118 2576 4160 Vidit

1359 4217 1514 4260 autem,
1541 4215 1583 4251 et
1605 4205 1829 4261 quamdam
1848 4201 2016 4245 viduam
2053 4194 2374 4252 pauperculam,
2401 4191 2572 4232 mitten·
2605 4223 2609 4227 .

1359 4293 1442 4328 tem
1467 4293 1549 4326 <era
1584 4280 1746 4322 minuta
1777 4276 1877 4324 duo,
1909 4291 1923 4314 ι
1951 4270 2061 4327 quod
2093 4275 2157 4312 est
2181 4265 2419 4321 quadrans,
2446 4261 2485 4303 id
2511 4265 2574 4303 cst

1360 4357 1466 4398 duos
1501 4363 1635 4395 aeieos
1673 4346 1932 4395 nummulos,
1973 4343 2161 4385 valentes
2195 4342 2389 4391 quartam
2412 4338 2573 4387 par-tem

1362 4427 1472 4478 sicli,
1499 4425 1662 4469 scilicet
1683 4419 1831 4464 obolos
1854 4417 2055 4472 quinque,
2082 4418 2123 4455 et
2144 4409 2249 4454 dixit
2282 4418 2372 4452 eam
2408 4403 2573 4447 misisse
