2924 4588
43 323 49 372 l

129 141 239 214 tots

759 134 1022 187 HISTORIA
1054 139 1451 216 scttQLAsrtGA.
1479 169 1537 183 -r
1561 144 1723 191 LIBER
1755 140 2005 195 GENEstsi

2575 154 2686 198 1006

129 234 227 277 ideo
250 231 482 290 quaeritur:
500 226 1003 286 Sicomplereesttinale
1024 231 1244 296 quidpiam
1267 245 1365 290 opa-
1384 244 1424 287 Α
1446 237 1494 277 ut
1515 233 1643 276 modo
1664 231 1826 279 faciunt
1844 248 1944 279 cum
1964 235 2169 291 paulatim
2210 238 2417 285 beneflcio
2459 241 2579 284 roris
2619 241 2662 283 in
2677 263 2694 275 -

129 306 188 348 ris
212 304 368 357 iacere,
391 303 610 361 quomodo
631 315 780 362 verum
805 310 872 348 est
895 304 1012 368 quod
1035 297 1233 365 sequitur
1254 320 1266 349 z
1287 305 1370 349 Re-

126 376 280 433 quievit
308 376 416 422 Deus
443 375 510 420 die
527 375 718 430 septimo,
742 381 823 420 ete.
846 374 1007 423 Verum
1031 377 1228 432 estquod
1254 377 1367 421 diem

62 460 63 473 *
128 450 355 506 septimum
376 449 490 503 feeit,
518 458 560 492 et
578 449 719 504 ipsum
743 451 873 493 etiam
914 450 1152 504 benedixit,
1189 457 1231 494 et
1261 456 1370 507 post

126 514 350 585 requievit.
380 521 454 565 Vel
480 522 715 578 complevit,
740 521 786 566 id·
806 528 872 566 est
915 511 1179 578 completum
1216 529 1367 566 osten·

125 587 325 650 din-cum
355 593 463 649 nibil
487 606 647 637 novum
668 593 712 637 in
738 606 788 636 eo
814 593 977 645 fecerit,
1002 601 1040 636 et
1078 602 1180 638 tuno
1207 595 1367 650 requie-

127 669 182 712 rit
206 669 260 711 ab
279 680 455 726 operum
482 667 712 724 generibus
733 667 874 724 novis.
890 665 1006 710 Nihil
1026 667 1139 712 enim
1156 666 1369 722 post't'eeit

127 742 378 797 eujustune
408 751 495 786 non
517 739 691 787 fecisset
728 739 972 790 materiam,
1015 745 1063 781 ut
1105 726 1362 795 corporum;

123 815 190 858 vel
209 814 555 866 similitudinem,
585 818 632 856 ut
657 812 918 855 animarum.
959 810 1055 855 Non
1098 813 1212 858 enim
1242 814 1364 869 quasi

125 887 266 944 tessus
282 880 441 931 dieitur
461 885 695 942 quievisse,
728 883 801 928 sed
824 883 925 939 quia
953 883 1153 928 cessavit.
1178 872 1299 928 Sicut
1322 884 1366 929 in

123 958 233 1005 Isaia
258 960 416 1003 eicitur
439 957 555 1015 quod
586 957 802 1012 seraphim
823 956 1014 1012 requiem
1041 966 1127 998 non
1152 947 1368 1000 habebant

125 1033 336 1077 dicentia:
367 1032 564 1090 Sanctus,
588 1038 773 1081 stenelus,
797 1036 968 1073 sanctus
991 1028 1097 1083 (Isa.
1127 1019 1206 1085 vi),
1227 1029 1268 1072 id
1301 1035 1367 1073 est

127 1118 210 1149 non
235 1106 479 1154 cessabant.
504 1103 580 1147 Vel
606 1104 803 1160 requievit
828 1103 877 1146 ab
901 1114 1034 1158 opere,
1063 1103 1130 1146 vel
1177 1102 1221 1144 in
1260 1106 1366 1158 opes

123 1179 262 1232 ribus,
282 1178 323 1222 id
341 1185 406 1223 est
426 1191 511 1222 non
547 1182 643 1232 eget
665 1176 870 1231 operibus
895 1174 1011 1225 suis,
1048 1181 1100 1218 et·
1118 1180 1184 1218 est
1204 1173 1366 1218 dictum

123 1250 814 1311 quasinegative,velrequievitab
830 1262 949 1305 opere
968 1248 1011 1293 in
1032 1254 1168 1292 semet
1189 1248 1298 1303 ipso,
1323 1246 1365 1290 id

123 1335 189 1373 est
207 1342 231 1372 a
250 1327 538 1372 mutabilitate
551 1338 729 1382 operum
743 1324 836 1381 'eius
854 1323 1134 1367 immutabilis
1150 1322 1363 1378 apparuit.
1391 1306 1424 1351 Β

179 1398 290 1442 Nam
315 1391 478 1442 stabilis
502 1411 675 1452 manens
691 1398 764 1440 dat
789 1405 937 1440 cuncta
958 1397 1126 1441 neoveri.

705 1460 855 1530 (Beer.
884 1471 943 1514 De
966 1484 1079 1515 cons.
1097 1470 1279 1528 philos.)

177 1547 302 1602 Quod
347 1553 490 1590 autem
544 1544 702 1590 dicitur
722 1578 735 1600 ‚
784 1545 835 1588 ab
892 1545 1004 1588 armti
1060 1558 1204 1601 opere,
1255 1545 1366 1603 quod

119 1630 341 1679 patrarat,
395 1620 535 1672 innuit
577 1631 673 1664 esse
712 1629 822 1676 opus
864 1617 978 1674 quod
1021 1617 1212 1661 nondum
1253 1615 1367 1661 sece-

119 1702 200 1747 rat,
224 1708 248 1739 a
272 1707 357 1751 quo
381 1695 571 1737 nondum
591 1692 790 1748 quiescit.
820 1680 922 1735 Tria
953 1690 1068 1735 enim
1097 1702 1225 1746 opera
1260 1690 1370 1734 fece·

122 1776 206 1817 rat,
248 1769 436 1820 creavit,
475 1766 704 1822 disposuit,
736 1771 778 1810 et
814 1767 1001 1810 ornavit.
1024 1763 1235 1816 Quartum
1256 1775 1366 1820 opus

118 1841 439 1897 propagationis
481 1851 568 1883 non
617 1838 776 1885 desinit
819 1837 1007 1893 operari.
1052 1834 1260 1890 Quintum
1296 1835 1364 1880 sa-

118 1915 234 1966 ciet,
273 1922 311 1957 et
355 1915 575 1970 proeeinqet
621 1925 663 1956 se
681 1946 696 1967 ,
748 1919 788 1956 et
843 1912 1050 1957 transiens
1108 1910 1364 1953 ministrabit

121 1987 241 2045 (Luc.
266 1987 361 2044 xit),
396 1987 468 2030 ubi
493 1987 707 2042 praecipue
730 1986 812 2034 erit
839 1984 1029 2040 requies.
1059 1982 1112 2025 Et
1157 1982 1366 2035 benedixit

119 2061 203 2104 diei
226 2061 416 2116 septimo,
437 2060 476 2104 id
493 2066 559 2104 cst
578 2057 865 2104 sanctificavit
882 2069 998 2109 eum,
1022 2055 1065 2100 id
1085 2062 1151 2100 est
1167 2063 1364 2098 sanctum

119 2141 161 2179 et
177 2134 388 2179 celebrem
409 2147 505 2178 eum
525 2145 623 2178 esse
640 2132 790 2176 voluit.
822 2128 1003 2187 Semper
1042 2128 1157 2172 enim
1202 2128 1256 2172 ab
1285 2127 1365 2170 ali-

119 2209 276 2266 quibus
298 2208 550 2252 nationibus
574 2215 673 2250 ante
693 2206 828 2262 legem
847 2205 977 2250 etiam
1009 2202 1168 2247 dieitur
1194 2193 1363 2244 Sabba-·

118 2289 210 2334 tum
231 2282 364 2326 fuisse
384 2281 678 2325 observatum.
702 2277 842 2335 Huius
855 2276 1177 2321 observantiam
1201 2275 1245 2318 in
1270 2275 1364 2330 lege

118 2354 245 2398 etiam
264 2345 791 2403 dixit'sanetificationem,
826 2349 886 2394 ibi
913 2362 924 2393 t
964 2348 1168 2392 Memento
1190 2354 1235 2390 ut
1252 2347 1363 2391 diem

120 2425 295 2470 Sabbati
315 2427 549 2482 sanctifices
571 2424 728 2482 (Exod.
763 2424 854 2480 xx).
1001 2478 1004 2482 .

177 2500 369 2544 'Addicto
400 2501 440 2544 l.
466 2499 617 2544 Partes
650 2498 744 2543 illas
778 2497 948 2542 numeri
971 2495 1156 2542 dicimus
1180 2509 1365 2553 quarum

120 2574 320 2631 quaelibet
371 2573 585 2629 assignari
635 2577 778 2629 potest
808 2578 940 2628 quota
976 2571 1033 2616 sit
1069 2571 1112 2614 in
1139 2583 1207 2616 eo.
1246 2570 1366 2615 Licet

120 2642 236 2692 enim
261 2647 460 2700 senarius
499 2659 550 2691 ex
575 2658 680 2700 uno,
709 2653 753 2690 et
790 2647 981 2701 quinque
1019 2650 1209 2698 constet,
1232 2651 1277 2688 et
1311 2656 1365 2688 ex

120 2723 223 2776 duo,
242 2729 284 2766 et
302 2727 506 2778 quatuor,
540 2728 672 2777 quota
694 2727 838 2767 tamen
862 2719 915 2763 sit
938 2719 1035 2775 ejus
1054 2719 1172 2775 pars,
1191 2725 1368 2774 quarta,

119 2804 194 2842 aut
216 2798 365 2855 quinta
381 2797 466 2843 dici
489 2809 575 2847 non
597 2802 754 2853 potest.

622 2871 840 2928 Epitoqtts.

177 2950 280 2995 Iatae
321 2956 419 2994 sum
463 2947 745 3005 petierationes
777 2944 884 2998 coeli,
911 2952 950 2987 et
992 2952 1113 2988 terrai
1140 2942 1264 2999 (Gen.
1292 2942 1360 3001 tt).

121 3023 303 3077 Quidam
324 3024 394 3067 hie
415 3021 707 3066 determinant
723 3031 855 3074 opera
876 3029 950 3061 sex
968 3015 1362 3071 dierumi‘quiuam

122 3097 211 3140 ibi:
238 3095 438 3152 Coqnovit
475 3094 612 3139 Adam
652 3103 829 3135 uxorem
867 3103 988 3134 suam
1016 3088 1140 3145 (Gen.-
1166 3091 1251 3144 tv);
1289 3087 1364 3131 aiii

121 3170 196 3223 ibi,
226 3168 308 3212 Hic
329 3167 511 3219 esttiber
527 3166 805 3223 generationis
828 3163 934 3207 Adae
960 3160 1080 3218 (Gen.
1103 3162 1161 3218 v).
1191 3160 1366 3204 Praeter-

122 3247 258 3289 misso
285 3250 427 3288 autem
450 3241 565 3298 qnod
606 3239 787 3284 dubium
809 3243 895 3292 est,
932 3236 1087 3279 litterae
1128 3233 1360 3278 instamus.

122 3316 230 3370 Quia
250 3316 303 3361 tle
324 3315 541 3360 creatione
563 3314 715 3366 maris,
731 3319 776 3356 et
795 3304 965 3355 se'minae
1001 3307 1134 3353 simul
1179 3307 1362 3360 dixerat,

122 3404 218 3448 qnae
235 3399 377 3435 tamen
403 3389 532 3434 sin'iul
556 3388 666 3431 sacta
690 3397 773 3429 non
796 3382 895 3437 tuit,
938 3388 987 3427 ut
1020 3384 1208 3439 explicet
1249 3378 1366 3436 quod

1448 305 1551 359 susi,
1576 313 1619 349 et
1661 306 1810 350 labore
1852 308 2075 353 bominum
2114 305 2329 365 adhibito,
2370 314 2423 356 ad
2459 320 2601 356 ortum
2651 321 2695 357 et

1449 378 1740 423 maturitatem
1766 381 2035 434 perveniunt.
2063 381 2186 427 Tunc
2210 384 2324 426 enim
2366 384 2464 430 fons
2489 384 2696 440 irrigabat

1448 457 1624 502 terram,
1643 458 1690 499 ut
1707 449 1829 495 Nilus
1877 452 2106 510 AEgyptum
2130 455 2272 510 (Dent.
2298 469 2339 499 ,u
2360 471 2371 509 ;
2414 456 2521 499 lsai.
2546 457 2690 510 xxiii),

1448 522 1643 566 vicissim
1662 535 1737 577 per
1768 531 1911 578 partes
1935 525 2145 587 diversas,
2172 529 2284 572 sicut
2306 529 2463 572 dicitur
2491 529 2693 574 «Iordanis
2731 557 2732 560 =

1451 599 1549 636 ante
1572 594 1899 638 subversionem
1923 599 2127 652 irrigasse
2166 606 2298 644 totam
2342 600 2606 656 Pentapol'nn
2631 602 2687 644 vi·

1447 665 1614 718 cissim,
1657 667 1820 710 scilicet
1843 668 1956 712 sicut
1987 672 2040 714 de
2072 674 2330 727 quibusdam
2377 674 2569 719 fontibus
2593 677 2694 720 dicit

1446 733 1735 792 Augustinus,
1759 740 1860 795 quia
1899 743 2008 786 mira
2042 744 2338 791 vicissitudine
2382 755 2516 791 totam
2541 761 2694 804 quam-

1446 808 1543 850 dam
1567 810 1747 868 irrigant
1770 813 2006 868 regionem,
2031 829 2086 858 ne
2107 817 2145 860 si
2184 818 2314 862 simul
2362 825 2495 863 totam
2530 825 2691 863 terram

1449 886 1553 924 tunc
1571 881 1689 952 l'onte
1707 883 1932 940 irrigatam
1958 886 2214 943 dixerimus,
2236 889 2445 934 diluvium
2469 891 2604 934 fuisse
2624 891 2691 934 di-

1447 963 1614 998 camus.
1659 953 1735 999 Vel
1771 959 1873 1012 quia
1915 960 2073 1015 legitur
2118 962 2178 1005 ibi
2216 962 2332 1017 fotis,
2372 970 2415 1007 et
2453 976 2690 1016 nonunus,

1447 1028 1763 1073 multitudinem
1785 1031 1938 1086 innuit,
1959 1040 2006 1077 ut
2028 1034 2115 1079 ibi:
2139 1034 2258 1080 Venit
2281 1036 2610 1095 locustafflxod.
2630 1042 2688 1095 x).

1557 1115 1660 1160 Car.
1682 1117 1774 1162 ΧΠ.
1802 1118 1863 1161 De
1897 1123 2104 1167 creatione
2133 1125 2284 1167 animae
2315 1126 2578 1180 protoplasti.

1507 1187 1546 1229 F
1547 1190 1726 1232 armavit
1759 1191 1888 1246 igitur
1909 1191 2113 1236 Dominus
2135 1194 2247 1238 Deus
2272 1196 2476 1238 hominem
2521 1197 2570 1239 de
2592 1191 2691 1240 ἰίηιο

1450 1268 1571 1304 terroe
1596 1260 1717 1317 (Gen.
1739 1263 1804 1319 n).
1826 1262 1905 1307 llic
1931 1267 2072 1319 primo
2113 1273 2238 1310 vocat
2270 1267 2405 1311 Deum
2442 1268 2690 1322 Dominum,

1448 1334 1548 1390 quia
1577 1342 1682 1379 tunc
1698 1337 1838 1390 primo
1863 1336 2014 1382 habuit
2036 1341 2206 1395 proprie
2230 1352 2418 1393 servum,
2443 1341 2606 1385 scilicet
2624 1342 2690 1385 la³

1422 1407 1671 1452 >borantem
1721 1407 1843 1464 (Sap.
1896 1409 1959 1466 x).
2014 1409 2116 1455 Post
2169 1412 2586 1467 recapitulationem,
2637 1415 2692 1459 de

1447 1482 1674 1537 utriusque
1692 1482 1883 1528 bominis
1903 1483 2160 1528 formatione
2174 1485 2373 1530 diffusius
2387 1487 2489 1542 agit,
2510 1496 2551 1531 et
2572 1488 2691 1542 prius

1448 1555 1501 1599 de
1519 1555 1629 1598 viroi
1652 1553 1707 1597 Et
1725 1556 1823 1609 quia
1851 1557 1947 1600 duae
1966 1563 2066 1600 sunt
2085 1557 2276 1600 hominis
2310 1565 2470 1614 partes,
2503 1560 2554 1602 de
2574 1567 2679 1602 utra-

1446 1642 1531 1685 que
1549 1629 1650 1685 ugit.
1691 1627 1758 1672 Ad
1788 1641 1963 1673 carnem
2000 1630 2113 1674 enim
2155 1636 2317 1686 spectat
2354 1632 2470 1686 quod
2514 1633 2688 1682 dicitur,

1446 1703 1645 1758 formavit
1669 1703 1875 1745 hominem
1900 1704 1949 1745 de
1988 1702 2088 1745 limo
2117 1710 2257 1746 terroe.
2279 1701 2348 1749 Ad
2371 1705 2558 1758 animam
2591 1718 2688 1748 cunt

1446 1776 1620 1827 dicitur,
1641 1778 1880 1833 inspiravit,
1901 1782 1986 1819 etc.
2010 1777 2134 1831 quasi
2154 1775 2269 1820 dicat
2289 1790 2299 1820 ε
2319 1776 2485 1832 Corpus
2521 1777 2620 1823 fecit
2638 1781 2692 1822 do

1444 1860 1575 1901 terra,
1603 1850 1791 1893 animam
1810 1849 1861 1891 de
1886 1849 2036 1890 nihilo.
2058 1847 2152 1891 Alia
2172 1849 2397 1892 translatio
2441 1848 2583 1901 habet,
2625 1852 2692 1894 iii-³

1445 1922 1638 1976 sufflavit,
1663 1922 1727 1964 vel
1745 1921 1937 1976 sufflavit,
1966 1919 2082 1975 quod
2106 1933 2193 1964 non
2231 1920 2515 1976 incongruum
2547 1927 2613 1965 est
2637 1924 2690 1966 dc

1445 1993 1549 2046 Deo,
1575 2001 1622 2037 ut
1654 1982 1828 2048 quidam
1849 1997 2120 2048 putaverunt,
2141 2002 2237 2034 cum
2262 1990 2408 2035 fauces
2429 2001 2470 2035 et
2491 1993 2688 2047 spiritum

1445 2075 1530 2110 non
1552 2066 1724 2109 habeat.
1748 2064 1862 2108 Deus
1902 2064 2017 2107 enim
2055 2062 2294 2117 inspiravit,
2329 2063 2374 2105 id
2404 2070 2468 2107 est
2489 2064 2688 2119 spiritum

1445 2138 1561 2182 fecit.
1590 2138 1799 2181 Similiter
1821 2137 2069 2190 insufflavit,
2094 2136 2135 2180 id
2156 2142 2223 2180 est
2245 2135 2389 2180 statim
2407 2137 2568 2180 seilicet
2589 2137 2686 2180 ani-

1444 2223 1559 2254 nam
1586 2210 1702 2254 fecit.
1726 2209 1850 2253 Unde
1875 2211 1918 2251 in
1941 2209 2082 2252 isaia:
2112 2209 2284 2254 Omnem
2319 2209 2468 2264 flatum
2514 2222 2586 2264 eqo
2605 2203 2688 2265 feci

1446 2283 1573 2339 (lsai.
1599 2283 1720 2340 svn).
1747 2282 1868 2335 Quod
1891 2290 2034 2326 autem
2052 2282 2226 2334 dicitur,
2249 2282 2293 2324 in
2328 2279 2497 2333 faciem,
2529 2293 2604 2336 per
2625 2293 2688 2338 εγω

1407 2412 1419 2427 Δ
1447 2357 1712 2408 nccdoehen‚
1738 2364 1897 2412 aparte
1934 2362 2068 2399 totum
2097 2355 2364 2410 intelligitur.
2390 2353 2425 2397 T
2429 2362 2547 2397 otum
2573 2354 2686 2398 enim

1445 2429 1664 2473 hominem
1703 2429 1923 2471 animavit.
1951 2426 2033 2470 Sed
2072 2426 2242 2478 faciem,
2288 2431 2493 2482 tanqu-am
2522 2433 2687 2482 partem

1444 2503 1703 2558 digniorem,
1730 2501 1831 2557 qula
1855 2511 2060 2544 sensuum
2078 2511 2298 2554 capacem,
2321 2499 2456 2542 solam
2487 2499 2686 2544 nomina-

1444 2577 1523 2621 vit.
1543 2576 1749 2619 Eamdem
1770 2581 1912 2619 autem
1940 2574 2128 2617 animam
2153 2572 2279 2616 etiam
2319 2572 2576 2627 spiraculum
2592 2573 2687 2616 vitm

1444 2653 1585 2700 vocat,
1603 2646 1705 2702 quia
1735 2657 1812 2702 per
1849 2656 1942 2688 eam
1968 2645 2096 2687 bomo
2119 2644 2254 2698 spirat
2271 2650 2316 2687 et
2355 2644 2475 2687 vivit.
2511 2643 2566 2687 Et
2592 2653 2689 2699 post

1445 2721 1566 2772 dicit,
1585 2718 1772 2764 animani
1792 2717 2053 2761 viventemin
2082 2728 2141 2769 se,
2163 2717 2205 2760 id
2227 2723 2293 2760 est
2321 2715 2363 2759 in
2402 2717 2688 2772 perpetuitate

1443 2795 1542 2839 vitae
1560 2795 1793 2846 viventem,
1814 2803 1899 2835 non
1921 2789 2184 2841 motabilem,
2210 2794 2256 2830 ut
2274 2787 2465 2836 animam
2489 2788 2682 2844 pecudis.

1443 2864 1569 2912 Hunc
1585 2866 1730 2910 locum
1757 2877 1842 2910 non
1867 2875 1971 2907 sane
2000 2862 2205 2906 intellexit
2222 2860 2357 2913 Plate,
2381 2860 2527 2905 dicens
2548 2859 2684 2918 Deum

1446 2941 1614 2984 animas
1634 2950 1820 2991 creasse,
1842 2937 1916 2982 sed
1941 2935 2116 2991 angelos
2132 2944 2290 2989 corpus
2323 2931 2565 2985 formasse,
2598 2930 2683 2977 ibi:

1450 3029 1466 3057 t
1493 3013 1559 3057 Dii
1594 3014 1789 3064 deorum,
1830 3022 2014 3066 quorum
2039 3006 2178 3063 opifex
2206 3014 2410 3062 paterque
2432 3017 2528 3061 ego,
2554 3019 2569 3046 ι
2599 3008 2683 3048 etc.

1444 3086 1567 3139 Quod
1586 3092 1729 3129 autem
1753 3084 1929 3140 quitiam
1949 3087 2147 3125 asserunt
2187 3080 2374 3122 animam
2410 3077 2463 3120 de
2497 3076 2686 3120 essentia

1445 3161 1591 3204 divina
1621 3158 1916 3202 fact-amslarc
1961 3165 2049 3196 non
2090 3158 2244 3207 potest,
2281 3150 2382 3206 quia
2423 3156 2526 3193 tunc
2566 3149 2683 3192 nullo

1445 3233 1575 3277 modo
1595 3243 1775 3288 peecare
1807 3232 1967 3285 posset.
1986 3225 2070 3285 Alii
2094 3225 2366 3281 distinguunt
2388 3222 2501 3266 inter
2543 3221 2680 3277 spira-

1445 3306 1590 3349 culum
1612 3304 1725 3357 vitae,
1749 3308 1794 3345 et
1810 3300 2019 3350 animam,
2048 3296 2239 3340 dicentes
2277 3293 2541 3349 spiraculum
2583 3292 2681 3334 vitae

1446 3378 1662 3434 spiritum,
1685 3374 1760 3419 sed
1780 3383 1907 3428 quem
1926 3359 2241 3412 etiamhoniini
2264 3372 2367 3408 tune
2396 3364 2540 3406 datum
2561 3372 2682 3404 asse--

123 3466 204 3510 sub
225 3465 435 3511 brevitate
458 3462 747 3512 concluserat,
775 3457 928 3514 repetit
949 3457 1003 3500 de
1026 3457 1258 3512 aliquibus.
1285 3453 1365 3497 Ge·
1391 3469 1425 3512 D
1447 3455 1549 3493 runt
1567 3449 1623 3491 ad
1644 3443 2002 3505 prophetandum,
2029 3440 2204 3497 quando
2227 3437 2333 3482 dixit
2355 3451 2366 3480 :
2396 3424 2618 3478 llocnnnc
2638 3446 2681 3476 os

123 3540 370 3590 iterationes,
394 3537 478 3580 hoc
511 3546 668 3578 nomen
695 3538 834 3588 potest
873 3530 1008 3585 accipi
1023 3530 1183 3581 active,
1219 3525 1264 3570 id
1299 3532 1364 3569 est

123 3612 393 3668 operationes
413 3610 503 3662 Dei,
525 3608 588 3653 vel
613 3606 802 3663 passive,
839 3604 881 3648 id
919 3615 984 3647 est
1021 3609 1239 3656 genet-ata.
1275 3595 1363 3640 Nec

123 3694 188 3732 est
214 3685 553 3742 praetereundum
589 3682 702 3738 quod
735 3681 811 3730 ait,-
851 3678 950 3732 fecit
985 3682 1103 3717 enine
1134 3670 1363 3727 virgultum

125 3767 344 3815 antequam
362 3758 542 3801 oriretur
559 3758 600 3796 in
620 3759 749 3804 tenu,-
764 3758 801 3794 et
815 3747 985 3793 herbam
1004 3747 1252 3804 priusquam
1270 3758 1364 3801 yer-

123 3834 318 3882 ma‘naret,
343 3842 441 3874 eum
467 3826 665 3883 superius
705 3824 813 3869 dixit
853 3820 1083 3879 riv-pultum
1125 3830 1255 3876 quam
1278 3818 1366 3861 cito>

126 3907 285 3952 iactum
300 3905 446 3949 statim
485 3901 679 3946 adultum
704 3897 932 3943 etbabens
961 3894 1168 3947 fructum,
1187 3901 1231 3936 et
1266 3891 1365 3935 ber-

125 3982 223 4026 bam
248 3987 389 4025 ortam
419 3985 460 4022 et
501 3976 708 4020 ferentem
750 3985 915 4016 semen.
955 3968 1019 4013 Ad
1063 3967 1178 4024 quod
1206 3963 1365 4010 dicitur

127 4055 237 4099 duos
267 4053 401 4098 tuisse
437 4051 590 4095 modes
609 4046 876 4105 operationis
897 4044 1070 4096 divinae,
1116 4047 1167 4084 ut
1202 4038 1362 4083 dietum

127 4133 209 4179 est,-
229 4125 504 4171 materialem¹
525 4122 688 4167 scilieet
713 4128 756 4165 et
771 4116 1062 4164 essentialem.
1104 4112 1230 4158 Fecit
1262 4122 1365 4166 ergo

127 4211 176 4248 ea
199 4198 493 4250 materialiter,
514 4196 770 4252 priusquam
791 4190 1028 4242 orirentur,
1065 4193 1109 4231 et
1148 4184 1364 4242 germina·

128 4280 221 4317 rent
242 4270 545 4316 essentialiter.
577 4266 806 4326 Velaliter,
835 4261 955 4323 quod
1002 4259 1144 4304 innuit
1181 4267 1366 4313 sequens

129 4343 270 4389 littera
292 4354 391 4394 eum
407 4341 593 4388 dicitur:
619 4338 719 4382 Non
741 4337 851 4380 cotim
874 4334 1037 4390 pluerat
1066 4329 1272 4384 Dominus
1291 4340 1364 4369 su-

130 4429 202 4461 ver
231 4425 402 4461 terram.
428 4414 545 4458 Fecit
564 4412 761 4470 equidem
784 4417 887 4454 tunc
908 4407 980 4450 illa
1004 4402 1207 4461 perfecta,
1230 4408 1273 4443 et
1293 4411 1364 4443 es·-

131 4491 366 4535 sentialite‘r
410 4490 661 4546 prinsquam
694 4486 929 4536 orirentur,
966 4486 1011 4524 et
1055 4475 1363 4535 germinarent,

286 4566 471 4588 n.....,..
532 4561 771 4588 evvvnt

1448 3535 1498 3565 ea:
1516 3521 1676 3563 ossibus
1699 3517 1817 3560 meis.
1839 3516 1923 3557 Alii
1943 3515 2070 3557 etiam
2107 3512 2232 3555 aliter
2268 3510 2554 3564 distinguunt.
2591 3506 2681 3563 spi--

1446 3594 1641 3638 raculum
1663 3597 1868 3634 vocantes
1891 3588 2118 3643 quemdam
2143 3583 2341 3639 spiritum
2357 3581 2679 3638 coi-pereuntia

1445 3677 1625 3721 corpore
1645 3661 1861 3711 animalis,
1887 3658 1962 3715 qui
1987 3664 2028 3701 et
2051 3657 2242 3713 quinque
2280 3665 2434 3699 sensus
2479 3658 2682 3707 operatur

1445 3742 1487 3784 in
1512 3751 1581 3791 eo,
1600 3738 1673 3793 qui
1694 3735 1822 3779 etiam
1837 3731 2041 3789 paulatim
2060 3729 2346 3785 exstinguitur
2366 3729 2407 3770 in
2433 3738 2499 3778 ee,
2517 3732 2560 3769 et
2578 3725 2680 3769 dum

1445 3814 1627 3865 moritur
1643 3809 1804 3854 animal
1827 3808 1869 3849 in
1891 3806 2033 3861 aliqua
2051 3810 2172 3859 parte
2190 3800 2401 3856 corporis,
2430 3798 2571 3842 adhuc
2590 3809 2683 3842 seu-

1445 3890 1549 3932 titur
1571 3884 1751 3942 spiritus
1772 3881 1857 3931 iile,
1878 3890 1976 3922 eum
2003 3877 2045 3920 in
2071 3877 2153 3919 alia
2175 3876 2412 3918 exstinctus
2431 3870 2502 3913 sit.
2524 3869 2680 3913 Faetus

1445 3966 1511 4005 est
1533 3965 1676 4003 autem
1702 3955 1830 3999 homo
1856 3951 1898 3994 in
1921 3949 2036 3993 virili
2058 3954 2199 3998 aetate,
2227 3943 2420 4008 mortalis
2438 3948 2480 3985 ct
2500 3941 2678 3985 immor-

1446 4034 1561 4085 talis,
1588 4030 1629 4073 id
1653 4035 1720 4073 est
1749 4032 1902 4083 potens
1939 4022 2066 4069 mori.
2099 4029 2142 4064 et
2165 4025 2316 4076 potens
2351 4027 2438 4060 non
2476 4014 2603 4065 mori,
2639 4019 2682 4055 et

1445 4105 1590 4149 :mima
1611 4099 1782 4155 corpori
1805 4097 1925 4153 prius
1948 4093 2134 4138 formato
2164 4090 2326 4135 infusa.
2364 4085 2448 4133 Sed
2474 4086 2681 4143 quaeritur

1445 4186 1589 4222 utrum
1617 4175 1663 4219 in
1689 4173 1781 4229 ipso
1819 4180 1998 4224 corpore
2034 4167 2136 4210 dum
2174 4162 2483 4213 infunderetur,
2522 4165 2678 4210 creata,

1443 4253 1512 4296 vel
1536 4257 1657 4295 extra
1681 4252 1823 4297 creata
1844 4244 1916 4296 sit,
1940 4248 1982 4286 et
2000 4242 2057 4285 sit
2074 4241 2112 4283 ei
2130 4240 2276 4283 datum
2299 4234 2554 4281 naturaliter
2572 4233 2680 4275 velle

1445 4321 1730 4377 incorporari,
1753 4314 1967 4372 Quidquid
1987 4312 2100 4356 circa
2124 4311 2241 4355 illam
2257 4317 2397 4353 actum
2422 4307 2493 4359 sit,
2511 4306 2562 4349 de
2582 4308 2681 4360 post

1445 4396 1603 4442 creatis
1628 4393 1801 4442 dicitur,
1827 4388 1940 4445 quoti
1969 4386 2013 4429 in
2037 4386 2143 4442 ipsis
2184 4382 2439 4438 corporibus
2477 4378 2576 4423 dum
2618 4375 2682 4419 in-

1446 4470 1702 4519 funduntur,
1728 4469 1947 4508 creantur.

2370 4521 2428 4573 'at
