2924 4588
359 151 463 199 1515

309 247 556 305 diderunt

355 318 507 363 rebant
531 317 571 361 ei
595 312 804 366 auxilium
836 307 1037 354 omnibus
1067 305 1236 349 diebus.
1274 301 1395 344 Tunc
1420 310 1600 353 congre-

355 390 471 447 gavit
493 402 568 432 rex
587 369 836 430 Alexandef
840 380 1095 427 exercituin
1120 382 1163 420 et
1186 374 1318 418 movit
1337 378 1481 416 castra
1496 381 1600 412 con-

354 470 422 504 tra
454 436 733 507 Demetrium,
751 459 792 498 et
815 451 924 507 sugit
944 439 1161 494 exercitus
1181 442 1402 491 Demetrii,
1429 447 1471 485 et
1488 439 1601 484 ceci

354 535 417 577 dit
440 511 685 576 Demetrffis
710 530 755 571 in
784 527 857 570 illa
877 521 1111 567 die.'1’unc
1134 518 1252 562 misit
1280 514 1523 559 Alexandei
1547 511 1601 554 ad

355 605 649 652 Ptolemaeum,
668 609 812 654 regem
836 592 1181 651 AEgypt1,dicens
1201 603 1209 630 :
1231 602 1245 626 1
1263 587 1324 628 Da
1339 584 1446 627 mihi
1471 582 1600 624 filiam

357 683 470 716 tuam
501 683 693 715 uxorem.
730 667 781 711 Et
819 664 1033 721 acquievit
1055 661 1313 704 Ptolemaeus
1334 654 1598 710 significans,

356 754 402 789 ut
428 749 675 788 occurreret
695 741 735 784 ei
747 737 1028 782 Ptolemaide.
1055 733 1108 776 Et
1131 730 1263 776 exirit
1279 728 1537 771 Ptolemaeus
1550 723 1602 769 'de

359 814 559 869 AEgypto,
598 817 640 855 et
674 810 760 852 fitia
784 810 878 863 ejus
901 805 1146 861 Cleopatra,
1179 807 1222 846 et
1248 794 1493 843 occurrenti
1519 796 1602 840 sibi

357 885 600 930 Alexandro
619 884 661 926 in
687 879 968 930 Ptolemaide,
998 877 1114 920 dedit
1138 874 1178 920 ei
1204 884 1403 918 uxorem.
1433 888 1447 913 ι
1479 870 1603 914 Tunc

359 956 599 1001 Alexander
613 955 782 999 vocavit
803 953 857 995 ad
878 964 924 997 se
947 949 1194 998 Ionatham,
1210 951 1252 991 et
1274 946 1451 989 veniens
1473 941 1603 986 Jona-

357 1030 455 1072 thas
478 1026 785 1071 Ptolemaidem
811 1020 1166 1078 invenitgratiam
1191 1018 1235 1061 in
1253 1011 1487 1072 conspectu
1502 1014 1606 1058 duo-

357 1113 454 1143 rum
487 1110 656 1154 regum.
682 1095 734 1139 Et
755 1099 967 1139 venerunt
988 1091 1161 1147 quidam
1195 1089 1444 1145 pestilentes
1466 1098 1517 1130 ex
1543 1083 1605 1129 ls-

356 1172 446 1215 rael
476 1175 572 1227 post
596 1181 709 1219 eum,
736 1175 779 1211 et
809 1165 1087 1210 accusabant.
1116 1162 1198 1206 Sed
1222 1174 1310 1205 non
1341 1158 1522 1204 attendit
1551 1158 1604 1200 ad

358 1255 432 1288 eos
468 1256 561 1294 rex,
589 1241 665 1285 sed
687 1239 991 1296 magnificabat
1013 1236 1246 1286 Jonathan,
1272 1239 1315 1277 et
1342 1233 1482 1276 induit
1506 1242 1604 1274 eum

1366 135 1532 182 PETm
1564 135 1594 175 s.
1600 130 1916 177 OMESTORIS

626 257 674 287 )
692 240 744 283 Et
767 234 1026 294 complacuit
1044 233 1106 277 eis
1130 233 1175 275 in
1201 229 1459 279 Alexandro,
1473 234 1517 271 et
1541 225 1602 269 fe·
1625 227 1660 271 A
1683 234 1783 277 rege
1808 232 1945 278 usque
1963 221 2016 263 ad
2042 218 2219 265 fluvium
2252 214 2548 267 Eleutherum,
2573 219 2615 260 et
2636 214 2761 260 rediit
2786 213 2831 257 in
2852 211 2924 259 Je«

2819 84 2924 170 tm

1682 293 1888 337 rusalem.
1919 292 2116 348 Cumque
2153 289 2411 333 Ptolemaeus
2435 287 2693 331 obtinuisset
2732 285 2924 332 civitate!

1681 374 1818 418 usque
1830 362 1883 405 ad
1898 361 2139 405 Seleuciam
2153 359 2431 410 maritimam,
2445 357 2567 402 misit
2579 356 2632 400 ad
2646 355 2924 408 Demetrium

1681 434 1831 478 dicens
1857 449 1867 476 z
1897 448 1912 474 ι
1943 431 2052 476 Veni
2086 443 2398 487 componamus
2422 435 2614 486 pactum,
2638 434 2682 472 et
2705 427 2818 472 (labo
2850 427 2924 473 tibi

1682 506 1811 547 tiliam
1831 517 1988 549 meam.
2003 503 2190 548 Paenitet
2200 502 2331 546 ‘enim
2354 514 2439 555 me,
2464 500 2579 557 quod
2598 500 2788 543 dederim
2813 496 2924 544 inani

1680 575 1943 618 Alexandro
1978 590 1992 616 ι
2020 574 2071 618 Et
2097 574 2256 618 tollens
2281 573 2411 616 liliam
2436 584 2559 617 suam
2581 571 2699 615 dedit
2730 582 2826 614 eam
2848 567 2924 619 Dee·

1682 646 1853 698 metrio‚
1881 651 1924 689 et
1958 645 2142 694 recessit
2166 645 2220 688 ab
2250 642 2497 688 Alexandro
2521 643 2764 686 manifeste.
2789 640 2841 684 Et
2864 639 2924 700 ini¹

1682 717 1812 761 travit
1837 715 2094 761 Ptolemaeus
2118 715 2410 765 Antiochiam,
2439 720 2481 758 et
2511 713 2717 778 imposuit
2740 695 2924 775 5111111111

1683 790 1929 835 diademata
1964 788 2137 846 AEgypti
2165 795 2208 833 et
2233 788 2362 845 Asiae.
2399 786 2522 830 Tunc
2545 785 2789 836 Alexander
2815 769 2924 833 venit

1684 868 1834 904 centra
1857 874 1957 906 eum
1991 861 2037 904 in
2068 859 2283 916 praelium,
2318 865 2360 902 et
2382 859 2524 904 victus
2548 863 2614 902 est
2637 870 2662 901 a
2683 856 2924 923 Ptolemnd

1685 940 1725 976 ct
1750 933 1891 990 sugit
1882 946 1925 976 in
1958 931 2164 975 Arabiam
2187 932 2242 975 ad
2266 937 2468 987 parentes
2489 936 2708 974 maternos
2724 941 2822 973 cum
2843 927 2924 995 An!

1685 1006 1831 1049 tiocho
1857 1005 2055 1049 filiosuo
2079 1003 2171 1048 Rex
2193 1010 2336 1048 autem
2347 1004 2538 1047 Arabum
2555 1003 2712 1047 timens
2731 991 2924 1049 virtutefl

1684 1079 1920 1131 Ptolemaei,
1946 1077 2106 1122 oceidit
2131 1077 2438 1128 Alexandrum,
2465 1083 2507 1120 et
2533 1051 2924 1137 1656116111111111ιῆ

1685 1158 1726 1195 et
1750 1151 1867 1196 misit
1886 1157 2017 1206 caput
2035 1150 2266 1194 Alexandri
2285 1149 2533 1201 Ptolemaeo,
2561 1149 2636 1206 qui
2660 1149 2836 1207 gavisus
2849 1142 2924 1199 esfl

1689 1223 1772 1268 Sed
1787 1223 1955 1267 factum
1978 1230 2061 1274 cst,
2088 1232 2135 1267 ut
2160 1225 2289 1268 tertia
2300 1223 2371 1268 die
2393 1230 2653 1277 moreretur,
2676 1229 2720 1268 ct
2740 1221 2924 1281 regnavi

359 1327 567 1373 purpura
591 1321 632 1358 e,
652 1314 827 1368 scripsit
852 1323 949 1356 eum
972 1311 1085 1353 ,mer
1107 1308 1272 1364 primos
1298 1303 1479 1349 amicos
1495 1302 1605 1346 Sum,
1629 1294 1662 1337 B
1687 1296 1959 1340 Demetrius
1948 1308 1991 1339 in
2014 1296 2124 1340 solio
2144 1302 2318 1352 patrum
2335 1307 2530 1340 suorum.
2898 1302 2924 1330 11

358 1395 502 1432 autem
524 1393 710 1443 quatuor
732 1385 919 1441 insignia
938 1382 1112 1438 regalia,
1138 1392 1347 1436 purpura
1372 1377 1500 1422 fibula
1526 1388 1604 1420 au-

358 1475 449 1514 rea,
476 1462 671 1506 diadema
696 1466 738 1504 et
761 1463 997 1514 sceptrum.
1013 1455 1066 1498 Et
1086 1466 1287 1500 reversus
1308 1459 1375 1498 est
1395 1451 1604 1497 Jonathas

357 1534 401 1578 in
419 1532 659 1577 Jerusalem
682 1543 779 1575 cum
809 1530 959 1586 gloria.

414 1607 624 1651 ‘Additio
652 1607 692 1650 1.
719 1627 773 1638 -·-
796 1605 860 1649 Ab
883 1616 934 1647 eo
959 1609 1166 1658 tempore,
1189 1614 1240 1646 ex
1260 1613 1346 1657 quo
1364 1598 1605 1645 Antiochus

357 1678 620 1735 Epiphanes,
641 1678 714 1734 qui
740 1678 868 1721 obses
890 1682 983 1721 erat
1005 1675 1169 1726 Romae,
1195 1679 1294 1730 post
1325 1678 1506 1716 mortem
1530 1683 1607 1727 pa-

356 1751 455 1802 tris,
477 1750 608 1795 fratre
625 1763 704 1795 suo
723 1754 886 1806 spreto,
904 1748 1120 1793 Demetrio
1133 1747 1229 1803 eius
1251 1745 1339 1789 lilio
1357 1746 1402 1789 in
1426 1754 1605 1800 regnum

357 1824 569 1876 succedit,
593 1823 814 1867 contentio
836 1826 928 1866 erat
955 1820 1009 1866 de
1031 1832 1166 1878 regno
1191 1819 1306 1864 inter
1328 1826 1607 1864 successores

358 1897 540 1942 fratrum
568 1898 757 1941 illorum.

602 1970 705 2014 Car.
732 1968 803 2013 xl.
831 1967 892 2012 De
914 1967 1124 2012 Demetrio
1150 1965 1356 2012 Cretensi.

411 2041 517 2087 Post
543 2048 630 2086 tres
661 2054 799 2085 annos
824 2042 941 2085 venit
972 2039 1231 2091 Demetrius,
1261 2039 1377 2083 iilius
1402 2037 1606 2083 Demetrii

357 2127 383 2158 a
408 2114 534 2159 Creta
571 2113 614 2171 (1
639 2113 836 2158 Machab.
853 2112 924 2171 s).
943 2111 1041 2165 Hic,
1061 2114 1207 2156 occiso
1224 2117 1348 2168 patre
1363 2111 1414 2160 iu
1441 2110 1605 2167 praelio,

360 2188 466 2242 sugit
485 2186 538 2230 ad
554 2185 782 2231 Cretenses
805 2190 1006 2242 parentes
1028 2179 1264 2229 maternos.
1284 2182 1355 2239 Et,
1376 2185 1608 2240 resumptis

355 2260 540 2311 viribus,
560 2259 686 2303 rediit
705 2260 748 2302 in
762 2258 1019 2302 maritimam
1031 2257 1396 2310 Philisthaeorum,
1410 2263 1453 2302 et
1473 2258 1518 2300 in
1534 2256 1610 2313 Sy-

358 2334 466 2377 riam
491 2333 649 2378 Coeies.
685 2333 737 2377 Et
757 2333 983 2377 constituit
1007 2332 1281 2388 Apollonium
1306 2330 1458 2376 ducem
1484 2344 1607 2375 exer-

358 2407 490 2457 citus,
517 2407 588 2462 qui
619 2406 868 2463 provocavit
891 2405 1106 2449 Jonathan
1127 2406 1172 2450 in
1195 2406 1407 2462 praelium.
1436 2404 1516 2458 Qui
1537 2418 1607 2450 as-

360 2479 544 2534 sumptis
567 2479 716 2522 decem
741 2478 933 2521 millibus
955 2479 1156 2534 egressus
1184 2484 1251 2522 est
1275 2479 1328 2521 de
1349 2476 1604 2529 Jerusalem,

359 2558 400 2594 et
424 2551 603 2594 veniens
633 2549 799 2606 Joppen
822 2550 988 2606 expulit
1018 2549 1117 2593 inde
1142 2549 1501 2606 Apollonium,·et
1525 2549 1605 2593 ol)-

359 2621 489 2670 tinuit
512 2635 623 2667 eam.
649 2622 701 2666 Et
724 2623 812 2666 ibat
842 2621 1097 2678 Apollonius
1123 2624 1167 2666 in
1191 2622 1392 2674 Azotum,
1421 2629 1469 2667 et
1492 2622 1608 2667 insc-

361 2699 487 2738 cutus
507 2699 573 2738 est
595 2706 692 2738 eum
715 2692 942 2748 Jonathas,
959 2701 1002 2739 et
1022 2695 1332 2739 commiserunt
1354 2694 1548 2750 praelium
1564 2695 1605 2737 in

359 2778 530 2823 eampo.
554 2765 607 2809 Et
630 2765 831 2822 sugerunt
851 2767 1019 2823 equites
1041 2765 1256 2822 Apollonii
1275 2765 1323 2810 in
1342 2765 1542 2819 Azotum,
1566 2774 1608 2810 ct

358 2842 630 2884 intraverunt
660 2839 805 2883 sanum
829 2839 995 2896 Dagon,
1020 2845 1068 2883 ut
1092 2851 1140 2884 se
1166 2844 1406 2884 tuerentur.
1432 2837 1485 2883 Et
1509 2852 1607 2885 suc-

359 2912 504 2956 cendit
540 2910 750 2957 Jonathas
775 2913 1011 2964 civitatem,
1050 2917 1094 2956 ct
1134 2913 1300 2965 fanum,
1325 2919 1369 2958 et
1397 2925 1490 2967 eos,
1533 2914 1607 2970 qui

358 2991 483 3028 erant
506 2985 550 3029 in
572 2997 640 3036 eo,
659 2992 700 3028 et
724 2984 898 3030 fuerunt
925 2984 978 3029 de
994 2985 1151 3030 occisis
1178 2986 1222 3029 in
1240 2997 1410 3043 campo,
1434 2991 1476 3031 et
1506 2999 1608 3032 suc-

361 3058 504 3102 censis
521 3057 565 3100 in
585 3056 684 3100 fano
705 3056 793 3101 sere
822 3062 922 3101 octo
934 3057 1084 3102 millia.
1105 3056 1157 3100 Et
1175 3057 1374 3102 transivit
1397 3058 1607 3104 Jonathas

360 3131 405 3173 in
435 3130 706 3182 Ascalonem,
720 3136 764 3173 et
782 3134 1035 3186 receperunt
1054 3142 1154 3174 eum
1175 3129 1435 3176 Ascalonitae
1455 3133 1498 3176 in
1511 3133 1607 3190 glo-

360 3203 440 3246 ria.
467 3200 662 3246 Et-rediit
679 3200 887 3246 Jonathas
905 3202 949 3245 in
972 3200 1227 3247 Jerusalem.
1254 3202 1305 3246 Et
1326 3203 1491 3248 audivit
1509 3205 1608 3248 Ale-

360 3272 526 3316 xander
556 3284 632 3316 rex
656 3272 859 3317 virtutem
881 3273 992 3329 eius,
1019 3279 1062 3317 et
1087 3274 1250 3318 addidit
1281 3274 1423 3320 adhuc
1445 3276 1608 3333 glorifi-

360 3356 462 3388 care
484 3343 714 3396 Jonathan,
734 3350 777 3389 et
798 3345 917 3390 misit
934 3346 973 3389 ei
991 3346 1166 3390 fibulam
1188 3358 1386 3400 auream,
1411 3360 1508 3405 quae
1536 3363 1608 3394 so·

1740 1368 1788 1414 ln
1810 1369 1962 1414 dicbus
1999 1369 2087 1414 illis
2119 1369 2385 1426 expugnavit
2406 1361 2619 1415 Jonatiias
2655 1381 2817 1424 arcem,
2840 1366 2924 1428 qud

1683 1449 1778 1487 erat
1801 1444 1846 1486 in
1883 1442 2143 1492 Jerusalem,
2183 1450 2226 1487 et
2264 1442 2682 1487 nuntiaverunthoc
2717 1438 2924 1510 Β6ῐιι611ᾎ

1685 1511 1863 1569 quidam
1886 1513 2025 1570 iniqui
2047 1526 2101 1557 ex
2133 1512 2280 1558 Israel.
2301 1513 2383 1566 Qui
2412 1515 2551 1559 iratus
2569 1515 2686 1560 venit
2705 1513 2924 1569 Ptolem&

1685 1585 1800 1636 dem,
1837 1591 1879 1630 et
1910 1586 2086 1642 scripsit
2109 1585 2306 1630 Jonathae
2346 1599 2402 1632 ne
2427 1588 2646 1634 obsideret
2672 1601 2834 1643 arcem,
2858 1582 2924 1643 sd

1686 1667 1935 1703 occurreret
1956 1661 1995 1704 ei
2023 1659 2242 1704 festinato.
2267 1659 2320 1704 Et
2345 1662 2471 1719 elegit
2493 1661 2706 1710 Jonathas
2728 1645 2924 1724 (165611ὶὲ

1684 1731 1807 1774 tilius
1833 1728 1982 1782 lsrael,
2007 1738 2050 1774 et
2071 1730 2192 1775 dedit
2224 1743 2270 1776 sc
2297 1734 2505 1789 periculo.
2530 1733 2584 1778 Et
2611 1736 2776 1792 accepit
2805 1727 2907 1794 pec*

1686 1804 1803 1847 niam
1830 1804 2029 1856 multam,
2054 1807 2098 1849 ct
2117 1812 2279 1857 vesteS,
2301 1813 2346 1851 et
2369 1807 2476 1852 abiit
2498 1808 2552 1852 ad
2573 1821 2734 1865 regem,
2763 1814 2806 1854 et
2826 1798 2897 1854 da*

1686 1877 1726 1920 ci
1739 1887 1919 1922 munera
1939 1870 2103 1923 inrenit
2124 1879 2309 1936 gratiam
2336 1880 2380 1925 in
2403 1886 2641 1939 conspectu
2653 1881 2863 1938 ejus.Etli

1682 1951 1810 1995 multi
1829 1957 2085 1996 accusarent
2104 1964 2218 2005 enm,
2245 1954 2535 2012 magnificavit
2556 1967 2655 2000 eum
2679 1967 2754 2001 rex
2775 1944 2924 2078 inffi

1686 2034 1835 2080 speetu
1861 2026 2074 2078 omnium.
2098 2032 2141 2070 ct
2173 2027 2325 2071 statuit
2342 2028 2382 2073 ei
2405 2028 2694 2086 principatum
2733 2041 2834 2077 sace

1686 2097 1752 2148 tii,
1768 2103 1808 2140 et
1827 2107 2097 2152 quaecunque
2116 2097 2323 2142 habuerat
2337 2099 2474 2154 prius.
2495 2098 2549 2144 Et
2563 2100 2671 2145 vidit
2692 2099 2882 2148 Demetri

1686 2170 1787 2226 quia
1821 2169 1942 2214 siluit
1965 2177 2078 2213 terra
2102 2169 2145 2213 in
2170 2176 2406 2227 conspectu
2430 2158 2541 2228 ejus,
2566 2178 2609 2217 ct
2627 2173 2791 2219 dimisit
2811 2186 2837 2220 e

1687 2246 1822 2290 citum
1848 2245 1892 2290 in
1918 2246 2011 2291 loca
2034 2258 2131 2300 sua,
2154 2254 2198 2291 ct
2226 2247 2406 2292 retinuit
2431 2259 2578 2292 secum
2601 2249 2838 2297 exercitum
2861 2235 2924 2370 [Ξ

1689 2320 1926 2375 regu-inum,
1949 2327 1993 2365 et
2019 2320 2184 2365 inimici
2206 2318 2391 2367 eraut'ei
2410 2322 2551 2367 omnis
2571 2323 2788 2369 exercitus
2800 2328 2871 2381 pat
2902 2371 2924 2377 ,,

1688 2394 1798 2449 ejus.
1822 2393 2025 2451 Tryphon
2055 2402 2200 2441 autem
2230 2403 2322 2442 crat
2341 2396 2516 2454 quidam
2539 2399 2726 2459 partium
2750 2387 2924 2450 Alexan}

1687 2468 1752 2511 (iri
1778 2469 1918 2524 prius,
1944 2470 2017 2526 qui
2036 2470 2188 2516 videns
2210 2472 2325 2527 quod
2351 2472 2493 2517 omnis
2508 2472 2724 2517 exercitus
2744 2462 2924 2526 murum}

1687 2541 1810 2586 rabat
1830 2549 1982 2586 contra
2009 2541 2292 2599 Demetrium,
2322 2543 2401 2588 ivit
2425 2545 2470 2588 in
2494 2544 2716 2598 Arabiam,
2735 2550 2783 2588 ut
2807 2543 2884 2590 red

1686 2622 1803 2659 ccrct
1819 2615 1919 2660 inde
1942 2616 2206 2662 Antiochum
2231 2616 2367 2674 lilium
2391 2606 2627 2664 Alexandri
2650 2618 2833 2663 interra
2855 2629 2883 2676 p

1686 2687 1768 2732 tris
1797 2688 1881 2732 sui.
1913 2687 1974 2733 Eo
2001 2695 2195 2746 tempore
2218 2691 2322 2735 dum
2351 2689 2594 2736 Demetrius
2630 2698 2724 2737 crat
2746 2690 2882 2737 oss'ens

1686 2760 1796 2812 suis,
1825 2761 1944 2806 misit
1981 2761 2157 2807 adeum
2191 2761 2421 2815 Jonatbas,
2464 2770 2511 2807 ut
2532 2765 2707 2820 ejiceret
2742 2775 2836 2816 eos,
2861 2777 2887 2821 q

1638 2878 1640 2880 ,
1685 2841 1811 2879 crant
1826 2834 1870 2879 in
1886 2846 1986 2880 aree
2010 2835 2053 2879 in
2071 2834 2332 2889 Jerusalem,
2358 2838 2401 2881 et
2423 2836 2496 2894 qui
2523 2837 2565 2881 in
2589 2838 2885 2894 praesidiiscra

1685 2907 1788 2964 quia
1830 2908 2147 2965 impugnabant
2169 2909 2319 2955 lsrael.
2358 2910 2412 2955 Et
2434 2912 2658 2968 rescripsit
2696 2911 2880 2956 Demetri

1684 2978 1875 3027 dicens:
1907 2993 1922 3022 ‹
1942 2978 2049 3025 lloec
2060 2987 2104 3026 et
2123 2981 2289 3038 maiora
2311 2982 2466 3028 faciam
2485 2984 2578 3035 tibi,
2595 2995 2695 3028 cum
2719 2983 2924 3030 11161116

1685 3058 1937 3109 portunum.
1957 3050 2082 3097 Nunc
2101 3060 2246 3098 autem
2274 3061 2391 3099 recte
2410 3054 2583 3115 seceriS,
2606 3055 2646 3101 si
2668 3048 2924 3102 miserisne!

1685 3125 1727 3168 hi
1748 3125 1867 3170 viros
1889 3125 1933 3169 in
1954 3125 2183 3180 auxilium,
2219 3128 2321 3185 quia
2346 3110 2548 3174 discessit
2568 3130 2785 3175 cxercitus
2812 3105 2924 3179 111611

1686 3212 1710 3242 a
1734 3211 1839 3243 me:
1867 3198 1919 3243 Et
1936 3199 2057 3244 misit
2078 3201 2119 3245 ci
2141 3199 2353 3246 Jonathas
2376 3202 2458 3245 tria
2480 3203 2616 3248 millia
2636 3182 2924 3265 electorum*

1685 3271 1980 3324 Antiochiam,
2005 3279 2048 3317 et
2070 3272 2308 3320 delectatus
2321 3282 2387 3320 cst
2401 3287 2477 3319 rex
2500 3276 2544 3319 in
2563 3277 2748 3322 adtentu
2765 3290 2871 3324 coru

1687 3341 1740 3386 Et
1762 3351 2045 3389 surrexerunt
2066 3346 2326 3393 Antiocheni
2343 3356 2516 3393 centum
2538 3350 2690 3407 viginti
2717 3267 2924 3410 1111111μῖ

361 3417 419 3459 161
435 3415 528 3459 dari
553 3416 747 3471 cognatis
772 3427 936 3473 regum,
960 3422 1002 3460 et
1021 3417 1137 3462 dedit
1159 3419 1199 3462 ei
1221 3419 1434 3471 Accaron,
1452 3427 1603 3465 610111-
1629 3434 1665 3478 Β
1687 3416 2156 3465 volebantinteriicere
2177 3420 2525 3479 regen1.Etsug1t
2543 3435 2615 3467 rex
2636 3423 2680 3468 in
2710 3425 2868 3470 aulam.
2877 3412 2924 3491 U

362 3500 439 3531 nes
454 3487 560 3532 fines
582 3489 693 3544 ejus.
719 3487 771 3530 Et
791 3501 890 3533 eum
915 3495 1109 3534 uteretur
1129 3489 1339 3535 Jonatlias
1359 3492 1554 3538 duobus
1545 3508 1606 3538 in-

362 3562 511 3616 signiis
543 3562 688 3618 regiis,
722 3562 830 3605 10116
851 3563 1020 3618 signum
1044 3567 1138 3606 erat
1154 3561 1207 3606 de
1223 3564 1503 3610 renovatione
1535 3579 1605 3611 16-

361 3634 433 3689 gni
457 3634 718 3678 Judaeonirn.
737 3632 789 3675 Et
809 3633 1004 3678 aseendit
1022 3634 1263 3679 Alexander
1292 3635 1336 3679 in
1358 3639 1603 3692 superiores

362 3711 505 3760 partes
529 3705 704 3750 Ciliciae.
735 3720 750 3746 1
780 3705 832 3749 Et
854 3719 1055 3763 egressus
1077 3715 1145 3753 est
1166 3720 1248 3757 rex
1281 3709 1457 3768 AEgypti
1478 3722 1604 3757 socer

361 3778 457 3832 ejus
482 3778 526 3820 in
548 3779 706 3821 virtute
728 3790 896 3836 magna,
921 3786 962 3823 et
980 3781 1197 3838 quaerebat
1212 3782 1407 3826 obtinere
1422 3796 1600 3840 regnum

361 3849 590 3892 Alexandri
612 3852 655 3891 in
682 3851 780 3895 dolo
810 3851 851 3907 (1
879 3851 1072 3896 Machab.
1098 3853 1204 3909 xi).›
1225 3852 1276 3897 Et
1302 3854 1603 3910 aperiebantur

362 3921 402 3964 ei
436 3922 649 3972 civitates,
674 3930 716 3966 et
749 3926 1032 3969 occurrebant
1053 3927 1118 3980 ei;
1146 3928 1210 3971 sic
1242 3929 1356 3973 enim
1383 3928 1602 3974 mandavit

362 3991 615 4036 Alexander.
642 3992 692 4036 Et
717 3997 931 4040 transiens
948 3999 991 4040 in
1014 3998 1195 4055 singulis
1209 3999 1453 4046 civitatibus
1471 4002 1602 4046 retin-

362 4063 519 4118 quebat
555 4065 788 4108 custodias.
819 4065 908 4109 «Ut
934 4070 1303 4125 appropinquabat
1337 4071 1488 4123 Azoto,
1528 4085 1601 4116 os·

362 4135 591 4179 tenderunt
618 4138 655 4179 ei
679 4138 881 4192 templum
906 4139 1051 4196 Dagon
1084 4154 1355 4196 succensum,
1378 4151 1421 4188 ct
1447 4155 1600 4190 caetera

362 4206 583 4257 demolita,
607 4214 650 4251 et
673 4220 821 4251 eorum
858 4212 1048 4254 tumulos
1071 4212 1144 4267 qui
1179 4213 1314 4258 occisi
1345 4213 1532 4268 fuerant,
1557 4222 1598 4260 et

362 4276 560 4321 dicebant
586 4294 595 4321 ι
625 4278 695 4323 Sic
721 4279 820 4324 iecit
850 4279 1072 4334 Jonathas,
1098 4289 1145 4325 ut
1178 4283 1383 4328 invidiam
1408 4285 1599 4332 facerent

360 4349 402 4392 ei
427 4364 439 4393 ε
465 4356 507 4393 61
530 4350 663 4394 tacuit
687 4363 778 4397 rex.
809 4368 823 4394 ι
858 4352 910 4395 Et
933 4356 1121 4398 occurrit
1140 4352 1347 4399 Jonathas
1370 4355 1599 4402 Ptolemaeo

360 4421 406 4464 in
429 4420 622 4478 Joppem,
637 4428 679 4467 et
699 4424 991 4470 salutaverunt
1015 4437 1076 4471 se.
1093 4425 1143 4469 Et
1161 4426 1263 4471 abiit
1280 4425 1487 4473 Jonathas
1499 4440 1597 4481 cuni

1685 3490 1808 3535 misit
1841 3490 2013 3537 Judaeos
2036 3484 2114 3549 per
2134 3493 2372 3548 civitatem,
2406 3499 2450 3539 et
2472 3497 2723 3557 occiderunt
2760 3471 2924 3543 cent&

1686 3562 1822 3605 millia
1839 3562 2083 3617 hominum,
2107 3571 2150 3609 et
2164 3563 2454 3611 liberaverunt
2478 3580 2637 3624 regem,
2655 3551 2924 3624 165111111νῶ

1685 3635 1849 3679 civium
1881 3636 2093 3681 dederunt
2114 3637 2314 3685 dexteras
2339 3641 2446 3696 regi,
2481 3646 2524 3684 et
2549 3639 2742 3686 fecerunt
2765 3625 2924 3699 paeonia

1683 3712 1727 3751 et
1748 3708 1977 3764 glorificati
2001 3710 2268 3764 suntJudaei,
2293 3718 2336 3756 et
2356 3713 2609 3757 redierunt
2599 3727 2642 3758 ιιι
2673 3695 2924 3760 Jemsaiefih

1689 3794 1704 3820 ι
1735 3779 1789 3824 Et
1806 3781 1927 3826 siluit
1950 3787 2065 3827 terra
2096 3784 2141 3828 in
2153 3791 2390 3840 conspeetu
2410 3785 2629 3834 Demetrii.
2653 3788 2703 3831 Et
2725 3776 2924 3833 iuuenum·

1683 3859 1750 3896 est
1774 3853 1937 3906 omnia,
1959 3868 2055 3911 quae
2073 3855 2245 3901 dixerat
2262 3857 2475 3912 Jonatliae,
2508 3865 2548 3903 et
2580 3861 2760 3906 recessit
2782 3860 2836 3906 ab
2857 3850 2924 3936 ψ

1682 3929 1725 3967 61
1754 3925 1937 3968 vexabat
1958 3938 2056 3970 eum
2078 3927 2264 3973 valde.»

1891 3997 1994 4042 Car.
2018 3996 2201 4051 Χ11.1>6
2222 4001 2427 4047 Antiocho
2449 4002 2722 4052 adolescente.

1739 4067 1801 4112 Eo
1834 4075 2028 4127 tempore
2061 4084 2263 4118 reversus
2282 4081 2349 4120 est
2371 4075 2575 4134 Tryphon
2599 4078 2653 4123 de
2679 4079 2839 4127 Arabis

1682 4140 1846 4187 ducens
1866 4140 2125 4187 Antiochum
2140 4144 2474 4200 adolescentem,
2494 4155 2536 4193 et
2555 4150 2762 4208 imposuit
2780 4147 2830 4197 ei
2904 4146 2924 4189 7*

1681 4214 1804 4258 dema
1830 4214 1872 4271 (Ι
1895 4214 2092 4262 Mat-hab.
2133 4217 2212 4276 τι).
2237 4217 2290 4263 Et
2326 4223 2573 4278 congregati
2607 4229 2708 4268 sunt
2735 4224 2789 4269 ad
2861 4217 2870 4224 ⁶

1680 4286 1898 4334 exercitus
1921 4301 2031 4345 quos
2070 4286 2336 4348 disperserat
2354 4292 2614 4349 DemetriuS,
2639 4302 2848 4356 etpugna
2866 4280 2886 4306 ²²
2911 4299 2913 4301 ’

1678 4364 1782 4402 runt
1808 4366 1970 4404 ‚contra
2008 4362 2317 4418 Demetriumf-
2330 4373 2373 4410 et
2399 4365 2524 4424 fugit.
2544 4363 2897 4415 Etobtinuertffi

1680 4432 1935 4489 Antiochus,
1956 4441 1998 4480 et
2020 4434 2227 4494 Tryphon
2249 4430 2537 4488 Antiochiam.
2561 4441 2614 4486 Et
2636 4443 2810 4502 scripsit
2830 4438 2911 4491 Ab?
