2924 4588
59 2758 68 2779 3

56 2783 79 2846 i

53 2853 81 2906 ιγ’,

56 2896 86 3135 i

165 153 257 197 373

170 330 271 363 eum
290 316 456 367 adiens,
480 316 759 361 aemulatione
778 314 851 359 Dei
870 315 1049 371 plenus,
1083 322 1333 359 constanter
1354 316 1408 362 de

165 390 355 446 incoepto
372 388 606 445 redarguit,
632 388 828 431 illicitum
845 399 1046 432 asserens
1071 400 1284 431 summum
1299 400 1409 443 pon-

167 460 325 505 tificem
349 473 426 516 per
451 473 627 504 manum
661 460 814 503 laicam
845 460 901 503 ad
932 460 1286 516 gubernationem
1312 462 1430 504 uni--

55 524 58 532 ²
96 542 98 544 ·
167 533 348 577 vei-salis
372 531 578 577 Ecclesiae
601 531 793 574 introire.
825 546 840 571 e
884 528 1206 583 Verumtamen,
1248 532 1405 587 inquit,

162 606 204 650 si
224 607 331 650 meis
350 605 542 650 consiliis
564 611 606 649 te
623 605 800 649 credere
822 602 1026 655 volueris,
1048 603 1213 648 efficere
1228 606 1406 660 poteris,

164 678 279 734 quod
311 691 450 733 neque
473 677 587 734 regis
605 678 808 723 ,animum
831 677 1123 728 exacerbabis,
1148 690 1286 733 neque
1308 691 1409 722 san-

164 757 247 796 ctae
267 752 471 795 Ecclcsiae
495 751 664 795 anseres
682 751 724 793 in
745 750 955 794 electione
971 749 1202 804 pontilicis,
1228 752 1407 795 liberta·-

164 828 269 868 tem.
300 840 316 865 ι
350 823 588 867 inclinatur
612 810 682 866 ille
707 822 761 865 ad
794 821 1130 866 admonitionem
1155 822 1406 867 Aldibrandi

165 896 341 953 prioris,
363 903 405 940 et
429 908 664 952 purpuram
689 895 880 950 deponit,
906 900 950 938 et
974 894 1168 938 habitum
1193 897 1406 952 peregrini

165 970 365 1019 assumit,
402 975 445 1012 et
481 968 564 1012 iter
599 967 830 1023 arripiens,
862 965 1059 1010 eumdem
1093 966 1403 1011 Aldibrandum

163 1050 310 1083 secum
335 1037 524 1082 deducit.
549 1037 683 1094 lgi'tur
709 1050 809 1079 cum
831 1037 959 1081 ambo
982 1035 1160 1080 Romam
1180 1039 1307 1082 simul
1341 1052 1408 1084 ve-

164 1111 359 1160 nisseut,
405 1110 589 1152 consilio
636 1108 890 1152 Aldibrandi
928 1105 1070 1152 Bruno
1104 1110 1147 1151 in
1187 1122 1404 1154 summum

162 1181 408 1239 pontificem
453 1182 638 1238 eligitur.
666 1180 757 1232 Qua
796 1194 944 1232 causa,
982 1182 1176 1226 Romana
1211 1182 1406 1226 Ecclesia

161 1252 517 1309 qiialitcrcunquc
536 1259 639 1296 tunc
661 1253 791 1308 coepit
815 1253 868 1294 ad
893 1255 1145 1298 electionem
1166 1255 1236 1298 sui
1258 1254 1403 1310 ponti-

161 1327 256 1370 ficis
280 1327 446 1370 noviter
469 1326 710 1369 informari.

217 1397 383 1442 Interea
401 1399 636 1454 imperator
654 1399 872 1454 ingressus
903 1400 1136 1456 Belgicam,
1161 1399 1405 1443 Goth-idum

159 1480 201 1517 ct
220 1473 475 1517 Balduinnm
497 1474 630 1518 duces
649 1466 980 1518 addeditionem
1005 1472 1275 1528 coegit.Post
1294 1474 1401 1524 haec,

169 1547 362 1604 synodus
399 1547 628 1604 Moguntiae
650 1549 904 1599 celebratur,
940 1551 984 1592 in
1017 1550 1243 1606 praesentia
1269 1549 1406 1606 ipsius

161 1633 283 1677 papae
305 1620 476 1671 Leonis,
497 1626 540 1664 et
559 1621 731 1665 ilenrici
754 1625 896 1678 quarti
919 1624 1204 1679 imperatoris.

168 1733 171 1735 .
216 1693 279 1734 Ad
305 1693 393 1736 baec
412 1694 644 1748 imperator
665 1695 873 1740 adversus
897 1696 1128 1748 Andream,
1154 1698 1243 1753 qui,
1263 1703 1309 1740 ut
1327 1710 1402 1741 su-

157 1769 235 1819 pra
274 1765 562 1817 narravimus,
604 1766 825 1811 dominum
862 1781 988 1811 suum
1026 1768 1218 1820 Petrum,
1259 1782 1400 1826 regem

159 1827 446 1893 Ungaromm,
471 1839 611 1883 oculis
641 1853 857 1896 regnoque
881 1842 1143 1896 privaverat,
1163 1845 1402 1888 exercitum

157 1914 316 1957 movet,
337 1915 380 1953 et
402 1908 669 1954 Pannoniam
695 1912 955 1968 ingreditur.
973 1912 1062 1959 Sed
1095 1916 1251 1960 incolis
1277 1924 1403 1960 terrae

156 1981 349 2038 undique
368 1983 663 2036 latitantibus,
682 1986 945 2042 'cunctisque
968 1986 1169 2044 Ungariae
1198 1984 1400 2033 victuali·

157 2055 240 2100 bus
261 2057 329 2100 vel
368 2057 652 2109 absconditis,
679 2061 745 2103 vel
769 2050 1095 2113 contaminatis,
1124 2067 1198 2104 aut
1235 2074 1402 2107 veneno

156 2128 344 2179 intectis,
387 2132 622 2175 exercitum
657 2131 745 2174 illic
782 2138 1030 2176 sustentare
1074 2146 1163 2178 non
1213 2136 1397 2187 valens,

155 2201 379 2244 Pannonia
415 2203 668 2255 devastata,
707 2217 909 2250 reversus
943 2212 1026 2250 est.
1062 2204 1167 2250 nem
1202 2209 1400 2263 sequenti

157 2287 271 2317 anno
289 2275 555 2318 Pannoniam
587 2275 805 2321 hostiliter
825 2277 1094 2334 aggrediens,
1117 2277 1303 2324 Leonem
1324 2293 1400 2337 pa-

154 2358 252 2403 pam
275 2351 423 2391 secum
446 2348 635 2402 deducit,
662 2354 704 2393 et
719 2349 935 2393 Andream
953 2350 1131 2405 fugavit,
1151 2347 1289 2407 'atque
1306 2363 1400 2396 om-
1422 2378 1458 2425 C

144 2419 228 2466 'nia
246 2421 430 2466 feliciter.
448 2422 684 2468 ordinavit.

368 2493 498 2536 Terra
522 2492 687 2538 liuberti
708 2494 933 2539 Guiscardi
955 2497 1000 2539 in
1021 2495 1191 2551 Apulia.

210 2563 490 2622 Eo'tempore
527 2579 632 2622 gens
660 2566 985 2613 Northmanniae
1011 2573 1293 2625 consurgens,
1319 2571 1400 2614 sub

153 2635 343 2681 Roberto
381 2637 637 2690 Guneus-do,
660 2641 755 2683 viro
793 2641 1115 2694 strenuissimo,
1154 2647 1197 2685 et
1230 2655 1400 2699 vmagnae

153 2711 468 2767 recordationis
491 2711 615 2763 duce,
640 2712 838 2769 Apuliam
855 2707 1114 2770 ingreditur,
1144 2716 1213 2759 ubi
1234 2717 1398 2760 incolas

153 2790 296 2835 terrae,
323 2784 456 2828 variis
489 2785 655 2839 modis,
690 2798 807 2829 nunc
830 2788 1038 2842 potentia,
1077 2800 1194 2831 nunc
1233 2788 1331 2832 dolo
1356 2794 1400 2832 et

155 2857 306 2901 fraude
328 2857 493 2901 afflixit.
518 2857 636 2910 Quos
671 2858 770 2903 alum
792 2858 878 2904 Leo
915 2873 1042 2916 papa,
1078 2859 1261 2904 Romam
1298 2874 1396 2906 cum

154 2930 310 2973 militia
354 2942 378 2972 a
410 2929 548 2974 Gallia
590 2930 779 2984 rediens,
817 2933 970 2988 incipit
1007 2946 1232 2985 coercere,
1275 2941 1317 2978 et
1344 2934 1398 2978 ab

75 3049 85 3060 ,
153 3002 307 3059 Apulia
326 3004 509 3048 intendit
541 3005 768 3060 expellere,
794 3011 998 3050 conserto
1023 3017 1121 3049 cum
1145 3007 1207 3050 eis
1230 3006 1394 3062 praelio,

154 3077 388 3132 multisque
426 3077 672 3133 prostratis,
708 3078 856 3122 *victus
891 3079 1061 3134 cogitur
1094 3078 1241 3134 fugere
1262 3078 1397 3123 Bene·

151 3155 345 3196 ventum.
374 3148 514 3193 Tanta
544 3155 688 3199 autem
711 3150 772 3193 ibi
793 3163 863 3194 ex.
884 3154 1066 3207 utraque
1100 3157 1221 3207 parte
1242 3151 1397 3195 cecidit

64 3216 91 3292 ξ’
154 3220 401 3271 multitudo,
429 3227 475 3263 ut
494 3232 672 3265 acervus
709 3219 768 3264 ibi
802 3226 952 3276 postea
986 3222 1128 3265 sactus
1149 3234 1200 3265 ex
1222 3222 1395 3266 ossibus

70 3304 81 3355 ,ζ
152 3297 440 3344 mortuorum,
467 3305 605 3350 usque
623 3291 751 3337 hodie
771 3292 825 3335 ab
853 3293 1069 3350 indigenis
1098 3295 1235 3340 soleat
1259 3296 1396 3338 viato-

72 3369 88 3398 Ti

153 3366 276 3409 ribus
294 3365 519 3410 ostentari.

1084 127 1389 199 ran-raros.
1422 179 1478 187 -
1503 155 1647 200 rans
1688 157 1810 203 xm

169 248 457 297 memoratus,
496 243 714 300 prioratus
752 243 938 286 officium
990 243 1277 287 ministrabat.
1311 243 1404 300 lpse
1427 253 1458 296 Λ
1487 245 1674 298 Casino,
1733 249 1914 294 invitum
1974 253 2030 296 ad
2074 263 2276 312 papatum
2343 265 2597 316 traxerunt;

2644 177 2727 222 9ῖό

2652 267 2725 319 qui

1489 316 1618 362 ctiam
1659 319 1760 363 dato
1792 323 1930 377 pretio
1974 329 2228 374 custodibus
2270 333 2457 392 occulte,
2502 335 2576 389 qui
2623 338 2727 380 civi-

1488 396 1618 434 tatem
1652 391 1884 438 Leoninam
1918 400 2237 452 custodiebant,
2277 404 2361 447 sub
2391 405 2563 450 silentio
2587 411 2730 455 noctis

1486 474 1584 504 eum
1621 464 1734 518 apud
1777 464 1980 512 Sanctum
2008 469 2182 516 Petrum
2222 474 2266 518 in
2292 477 2542 521 cathedram
2574 492 2728 536 posnan

1487 537 1605 579 runt,
1646 538 1690 576 et
1726 533 1942 580 Victorem
1969 551 2067 583 eum
2106 544 2454 591 nominaverunt.
2498 549 2591 602 lpse
2624 564 2727 596 vero

1486 602 1602 646 fluxu
1626 608 1791 652 ventris
1824 611 1969 654 statim
1993 612 2217 665 detentus,
2251 617 2384 661 vitam
2413 620 2566 664 linivit.
2591 623 2726 678 Cujus

1488 676 1583 720 loco
1605 680 1854 735 episcopum
1886 682 2156 729 Hostiensem
2182 687 2410 741 Othonem,
2431 692 2473 734 id
2503 701 2569 737 cst
2592 695 2726 739 Urba-

1486 763 1590 793 num
1615 763 1770 808 papam
1795 755 2127 803 constituerunt.

1543 824 1703 868 Eodem
1730 831 1921 882 tempore
1949 830 2099 875 civitas
2122 831 2359 878 Jerusalem
2384 849 2407 879 a
2426 841 2600 895 paganis
2625 855 2728 887 con-

1488 897 1656 940 culcata
1677 904 1784 948 erat,
1809 906 1936 954 atque
1970 902 2157 956 detenta;
2195 909 2437 961 sepulcrum
2478 919 2615 956 antem
2645 915 2728 958 Do-

1487 969 1594 1011 mini
1619 970 1673 1012 ab
1705 970 1767 1014 eis
1791 977 1981 1025 quaestus
2007 987 2138 1018 causa
2154 973 2456 1026 venerabiliter
2473 985 2725 1037 habebatur,

1484 1039 1658 1082 vivente
1684 1040 1824 1084 adhuc
1856 1041 2115 1097 imperatore
2143 1046 2327 1092 ilenrico
2343 1061 2495 1106 quarto
2519 1062 2560 1098 et
2581 1058 2728 1104 Alexio

1487 1123 1586 1166 rege
1605 1110 1870 1157 Graecorum.
1895 1113 2015 1158 Tunc
2029 1118 2234 1169 praefatus
2259 1119 2457 1168 Urbanus
2482 1138 2605 1181 papa.
2630 1138 2729 1184 pro·-

1488 1189 1582 1237 ptcr
1608 1184 1826 1226 miseriam
1851 1184 2219 1243 Jerosolyinorum
2244 1196 2462 1239 transiens
2487 1198 2530 1240 in
2552 1200 2725 1254 Galbas,

1487 1255 1542 1298 ad
1566 1255 1856 1300 deserisionem
1877 1260 2017 1302 sancti
2036 1262 2221 1317 sepulcri
2247 1263 2588 1314 Christianorum
2608 1285 2726 1318 arma

1485 1332 1745 1382 commovit,
1789 1337 1918 1387 atque
1951 1346 2002 1376 ex
2045 1334 2229 1380 diversis
2266 1339 2516 1386 nationibus
2555 1352 2725 1390 centum

1485 1401 1618 1443 millia
1637 1402 1862 1447 hominum
1894 1405 1947 1448 ad
1967 1417 2086 1449 arma
2102 1409 2290 1464 collegit,
2304 1411 2452 1468 eisque
2477 1415 2607 1461 duces
2628 1421 2731 1464 sub·

1485 1474 1672 1530 scriptos
1694 1476 1902 1531 praefecit,
1925 1477 2076 1520 ducem
2098 1478 2383 1538 Letharingiae
2409 1484 2650 1531 Gotfridum
2676 1491 2730 1535 de

1484 1544 1671 1597 Boillon,
1697 1550 1899 1593 comitem
1922 1549 2070 1593 Sancti
2094 1551 2272 1608 AEgidii,
2310 1555 2629 1604 Reinmundum
2654 1576 2734 1606 (50--

1484 1621 1629 1663 mitem
1650 1619 1878 1674 mandria,
1895 1621 2129 1666 Robertum
2144 1631 2187 1667 et
2205 1625 2424 1684 Hugoncm
2442 1630 2614 1677 fratrem
2628 1634 2729 1679 Phi-

1484 1691 1586 1747 lippi
1610 1693 1721 1748 regis
1762 1692 1969 1738 franciae.
2007 1694 2165 1739 Curam
2189 1705 2332 1742 autem
2368 1704 2558 1747 omnium
2577 1718 2727 1751 eorum

1483 1767 1525 1809 in
1565 1767 1738 1812 Christo
1783 1770 1988 1827 episcopo
2013 1771 2215 1817 Fodiensi
2251 1777 2481 1822 commisit.
2515 1778 2728 1828 Rumorcs

1483 1839 1591 1882 istos
1614 1841 1683 1883 alii
1709 1840 1945 1886 Christiani
1966 1844 2205 1896 audientes,
2235 1859 2285 1889 ex
2310 1849 2511 1894 omnibus
2540 1854 2728 1908 regioni-

1483 1912 1563 1956 bus
1580 1919 1621 1958 et
1638 1914 1796 1969 linguis
1819 1921 1861 1958 et
1885 1916 2037 1960 insulis
2052 1917 2396 1965 Christianorum
2417 1922 2611 1969 homines
2630 1940 2726 1971 cnm

1483 1985 1771 2030 inaestimabili
1805 1989 2076 2033 multitudine
2102 1991 2372 2044 affluxerunt,
2415 2006 2657 2043 asserentes
2679 2013 2727 2045 se
2793 1979 2795 1981 Ι

1483 2060 1702 2114 apostolos
1729 2067 1770 2103 et
1816 2060 2119 2116 praedicatores
2143 2063 2299 2108 Christi
2335 2078 2446 2114 esse,
2486 2077 2612 2124 atque
2651 2073 2727 2115 ad-

1481 2144 1632 2175 versus
1655 2149 1658 2152 ·
1676 2132 1875 2177 inimicos
1893 2134 2035 2176 crucis
2051 2134 2210 2178 Christi
2232 2144 2507 2191 pugnatores.

1530 2203 1728 2248 Gctl'rido
1745 2204 1878 2262 igitur
1902 2205 2029 2258 duce,
2065 2219 2142 2261 per
2174 2207 2418 2263 Bulgariam
2443 2219 2540 2254 cum
2568 2226 2722 2270 magna

1483 2276 1732 2321 difficultate
1750 2277 2171 2334 Constantinopolim
2195 2289 2497 2335 pervenerunt,
2525 2286 2597 2328 ubi
2620 2289 2726 2329 mul·

1483 2356 1573 2411 tum
1593 2350 1737 2394 dolum
1757 2356 1798 2394 et
1817 2350 2167 2405 impedimentum
2182 2364 2204 2393 a
2223 2364 2322 2408 rege
2340 2354 2489 2398 Alexio
2512 2361 2722 2414 perpessi.

1482 2422 1715 2465 commissa
1738 2433 1836 2464 cum
1878 2421 2040 2465 Graecis
2076 2435 2218 2477 pugna
2257 2430 2431 2479 pontem
2457 2428 2576 2472 urbis
2601 2431 2725 2485 regia>

1480 2501 1741 2551 expugnant,
1768 2499 1810 2537 et
1834 2499 2111 2538 transeuntes
2148 2496 2403 2540 suburbium
2442 2502 2720 2545 succendunt.

1479 2566 1541 2611 lbi
1563 2567 1789 2611 recensitis
1809 2567 2011 2611 trecentis
2030 2567 2219 2611 millibus
2237 2568 2489 2613 bellatorum
2515 2574 2559 2615 in
2581 2573 2715 2618 Nicae-

1480 2651 1579 2683 nam
1601 2640 1753 2682 turrim
1772 2638 1990 2694 quondam
2003 2638 2346 2683 Christianorum
2372 2643 2606 2692 venientes,
2628 2659 2720 2689 eam

1483 2724 1509 2755 a
1532 2712 1713 2768 paganis
1737 2718 2106 2773 expugnaverunt,
2137 2719 2178 2755 et
2202 2714 2448 2768 imperatori
2469 2728 2562 2758 eam
2590 2718 2720 2761 ‹letie-

1478 2789 1597 2826 runt.
1615 2783 1777 2826 Deinde
1795 2795 1871 2838 per
1892 2784 2149 2826 maritimam
2164 2783 2460 2829 Rutlienorum
2485 2792 2718 2844 progressi.

1479 2861 1639 2898 tantam
1657 2867 1801 2898 rerum
1830 2854 2137 2899 abundantiam
2162 2858 2433 2910 invenerunt,
2465 2868 2510 2902 ut
2542 2862 2618 2906 bos
2641 2877 2721 2919 pro

1478 2928 1601 2978 siclo,
1627 2932 1670 2970 et
1702 2927 1815 2971 aries
1838 2938 1917 2982 pro
1949 2940 2142 2980 nummo,
2175 2935 2286 2974 teste
2321 2929 2509 2976 Roberto
2542 2937 2715 2986 comite.

1476 2999 1758 3052 venderetur;
1783 2999 2004 3054 principes
2043 3000 2171 3044 etiam
2194 3001 2503 3047 Saracenorum
2531 3006 2610 3049 sibi
2643 3020 2718 3051 oc-

1476 3079 1699 3116 currentes
1727 3073 1838 3115 bello
1875 3077 2140 3127 presserunt.
2186 3072 2262 3117 His
2284 3075 2383 3117 elati
2425 3078 2714 3129 successibus,

1476 3145 1700 3188 obsidione
1714 3143 1986 3187 Antiochiam
2001 3145 2194 3200 cingunt,
2220 3145 2294 3188 uhi
2319 3159 2396 3201 per
2420 3160 2573 3191 norem
2596 3162 2718 3193 men-

1475 3230 1546 3261 ses
1570 3222 1805 3268 moranteS,
1826 3215 2125 3261 deficientibus
2142 3219 2295 3273 copiis,
2324 3226 2367 3262 et
2382 3221 2574 3263 exercitu
2593 3222 2718 3266 debi-

1474 3291 1614 3340 litato,
1639 3290 1763 3334 valde
1786 3289 1998 3333 humiliati
2021 3296 2136 3333 sunt.
2157 3290 2269 3335 Deus
2290 3299 2432 3336 autem
2464 3305 2610 3336 eorum
2634 3296 2716 3337 mi-

1473 3368 1632 3411 sertus,
1657 3362 1805 3405 urbem
1825 3374 1922 3405 cum
1946 3361 2063 3406 omni
2096 3363 2219 3418 copia
2255 3362 2495 3407 Turcorum
2530 3365 2711 3409 tradidit

210 3435 336 3480 Auno
356 3443 513 3480 extunc
536 3436 734 3493 proximo
769 3449 879 3496 papa
921 3438 1008 3482 Leo
1045 3439 1247 3487 moritur,
1285 3444 1327 3481 et
1351 3438 1393 3482 in
1418 3436 1455 3482 D
1477 3435 1518 3477 in
1544 3446 1698 3477 manus
1719 3446 1885 3478 eorum.

151 3509 336 3554 ecclesia
366 3507 511 3551 Sancti
536 3507 652 3552 Petri
677 3511 884 3565 sepultus,
912 3510 1136 3553 miraculis
1162 3522 1395 3554 coruscare

154 3585 438 3623 monstratur.
485 3579 563 3623 Cui
598 3581 790 3624 succedit
814 3579 1092 3624 Gebehardns
1132 3580 1393 3626 AEstetensis

153 3653 398 3708 episcopus,
425 3653 497 3709 qui
517 3653 664 3697 Victor
685 3665 794 3711 papa
810 3660 877 3698 est
892 3655 1156 3699 nominatus.
1184 3655 1245 3699 llli
1284 3668 1394 3713 quo·

154 3734 238 3781 que
264 3725 474 3769 successit
491 3723 752 3781 Stephanus,
776 3724 1073 3770 Theutonicus
1090 3728 1278 3771 natione.

208 3795 445 3854 Imperator
466 3810 618 3841 rursus
641 3796 814 3840 ltaliam
855 3798 1090 3854 ingressus,
1127 3799 1390 3843 comitissam

153 3870 410 3921 matricem,
451 3875 633 3913 matrem
677 3870 842 3913 scilicet
883 3871 1114 3915 comitissae
1162 3870 1390 3923 mathildae,

87 3961 95 3979 κ
154 3943 518 3999 consanguineam
539 3954 677 3993 suam,
701 3943 874 3985 viduam
905 3942 1114 3987 Bonisacii
1130 3943 1392 3988 marchionis

156 4017 303 4060 secum
327 4016 517 4059 deduxit}

156 4102 219 4148 De
234 4107 695 4149 recaveratione‘sanrti
720 4106 913 4160 sepulcri,
936 4094 1043 4148 amno
1067 4105 1237 4149 Domini
1259 4105 1393 4150 milie-

483 4162 587 4204 simo
605 4163 856 4219 seraqesimo
881 4162 1068 4216 septimo.

214 4230 425 4277 Defuncto
461 4230 665 4289 Gregorio
707 4233 792 4284 vn,
831 4242 939 4291 papa
981 4234 1093 4290 apud
1138 4232 1390 4283 Salernum,

83 4338 104 4362 ᾖ,
158 4302 351 4349 Gilberto
383 4315 522 4349 autezn
552 4305 699 4350 Romae
723 4318 798 4362 per
813 4306 1112 4361 imperatorem
1144 4303 1392 4347 cathedram

77 4372 96 4395 ξ*

29 4431 33 4441 «
86 4406 106 4444 {⁴5

157 4382 203 4422 et
241 4378 389 4421 urbem
436 4379 695 4434 possidente.
727 4378 850 4433 pauci
889 4377 1071 4420 Romani
1095 4382 1268 4432 propter
1303 4387 1394 4418 me—

89 4446 101 4483 ·Ϊ
156 4452 250 4493 tum
293 4449 564 4505 imperatoris
612 4450 804 4495 abbatem
834 4448 1114 4505 *Desiderium
1162 4447 1215 4490 de
1252 4446 1392 4490 Monte

1527 3505 1635 3549 Cum
1662 3506 1791 3561 igitur
1830 3512 1978 3549 rumor
2011 3518 2158 3551 eorum
2202 3505 2453 3549 universum
2491 3506 2710 3549 Orientem

1472 3584 1672 3628 terreret,
1698 3590 1770 3622 rex
1798 3577 2129 3634 Babyloniorum
2155 3577 2302 3634 dirigit
2343 3577 2395 3619 ad
2428 3589 2503 3620 eos
2530 3578 2707 3633 legatos,

1472 3661 1657 3706 poscens
1681 3650 2088 3694 confoederationem
2112 3662 2260 3693 eorum
2286 3650 2328 3692 in
2351 3650 2466 3698 dolo,
2492 3661 2588 3692 cuin
2612 3650 2710 3704 qui·

1473 3723 1553 3766 bus
1571 3723 1723 3778 legatis
1739 3730 1922 3780 pergunt
1940 3724 1981 3765 in
1995 3719 2272 3778 Babyloniam
2286 3722 2412 3776 legati
2426 3720 2456 3762 F
2461 3733 2706 3773 raucorum,

1471 3801 1514 3838 et
1533 3795 1767 3838 honorilice
1790 3795 2003 3850 suscepti,
2041 3793 2149 3837 dum¹
2178 3793 2432 3848 proceritas,
2458 3797 2499 3834 et
2518 3786 2707 3846 pulchri·

1471 3866 1576 3909 tudo
1598 3877 1745 3909 eorum
1770 3865 1992 3920 aspicitur,
2018 3862 2119 3906 dum
2141 3862 2281 3906 virtus
2307 3867 2349 3904 et
2379 3861 2705 3916 magnanimitas·

1472 3937 1663 3993 ipsorum
1692 3936 2013 3983 consideratur,
2047 3933 2149 3975 dum
2176 3931 2324 3986 vmagis
2358 3944 2455 3975 esse
2472 3943 2599 3987 quam
2625 3931 2704 3973 ho·

1473 4011 1611 4055 mines
1631 4010 1686 4052 ab
1709 4009 1823 4052 illius
1845 4013 1969 4051 terrae
1988 4005 2200 4060 indigenis
2218 4009 2491 4053 asseruntur,
2515 4016 2589 4046 rex
2624 4002 2707 4051 Ba-ae,

1473 4083 1671 4139 byloniae,
1696 4085 1872 4136 accepto
1890 4091 1914 4122 a
1936 4079 2026 4123 suis
2049 4077 2246 4127 consilio,
2274 4083 2413 4119 movet
2443 4076 2558 4118 illico
2580 4086 2706 4118 exer—

1473 4158 1625 4206 eitum,
1654 4160 1697 4199 et
1732 4153 1968 4197 Jerusalem
2008 4150 2140 4205 cingit
2176 4148 2417 4198 obsidione,
2451 4147 2602 4190 dicens
2638 4148 2702 4190 eis

1474 4241 1520 4272 se
1556 4240 1652 4271 cum
1690 4225 1870 4271 Francis
1908 4223 2049 4268 soedus
2068 4228 2110 4265 et
2137 4221 2369 4265 amicitiam
2408 4219 2698 4267 contraxisse:

1474 4312 1570 4343 cum
1608 4299 1767 4355 quibus
1788 4297 1915 4342 etiam
1950 4308 2024 4339 eos
2058 4295 2182 4338 vellet
2217 4294 2454 4342 destruere,
2479 4291 2559 4334 nisi
2585 4302 2630 4332 sa
2659 4294 2701 4332 et

1473 4374 1622 4416 urbem
1647 4371 1736 4427 regi
1763 4368 2005 4421 Babyloniae
2037 4365 2233 4410 subditos
2270 4364 2534 4408 exhiberent.
2568 4360 2697 4404 Turci

1474 4446 1617 4499 itaque
1640 4442 1786 4485 urbem
1815 4444 2026 4490 tenentes,
2044 4443 2223 4494 propter
2252 4442 2411 4479 metum
2434 4435 2699 4477 Christiano·
