2924 4588
260 79 369 123 1459

1250 65 1414 121 PETRl
1445 71 1795 119 COMESTORIS

2716 43 2881 124 itto‘.

258 180 409 217 creto:
440 188 454 212 ι
490 171 591 223 Scio
612 174 711 228 quia
737 171 921 216 lsniahel
954 171 1186 215 insidiatur
1209 173 1366 216 animae
1396 180 1496 223 tuae,
1524 194 1559 236 Α
1578 182 1677 214 rum
1702 169 1748 211 in
1770 174 1931 213 terram
1956 166 2106 219 israel,
2131 174 2175 214 et
2197 155 2502 213 habitaverunt
2529 168 2724 226 reliquiae
2743 170 2823 214 lu·-
2882 215 2885 231 1

259 245 458 288 invidens
471 245 550 287 tibi
573 245 800 287 dimid-ium
821 251 962 288 terrae.
974 244 1052 289 Vel
1066 258 1140 289 rex
1153 244 1518 301 Ammonitarumv

248 313 406 360 &uiuet
425 315 781 371 eumffiercutere
813 317 1000 359 animam
1037 322 1155 359 tuam
1170 350 1183 367 ,
1229 324 1278 360 ut
1319 322 1502 371 occupet

253 393 418 438 terram
451 378 709 431 desolatam.
735 386 811 430 ho
835 393 1030 442 agot-et
1050 389 1290 444 percutiam
1319 387 1502 431 Ismahel

256 458 378 509 nullo
406 459 587 509 sciente,
624 470 679 501 ne
717 458 958 501 interficiat·
977 466 1033 509 te,
1071 466 1115 503 et
1145 460 1435 515 dissipentur,
1457 465 1503 504 et

254 537 434 586 pereant
468 531 663 586 relimiae
680 530 807 574 Juda.
829 530 880 582 Et
911 534 970 575 ait
988 531 1193 577 Godolias
1216 549 1227 576 ε
1246 532 1341 576 Non
1366 532 1502 576 facias

260 604 442 646 verbum
479 603 578 653 hoc,
626 613 671 648 ut
712 605 886 648 occidas
914 605 1054 649 virum
1084 606 1377 650 innocentem.
1406 605 1502 650 Non

263 675 378 719 enim
392 675 624 719 verisimile
641 681 724 726 est,
741 681 787 717 nt
812 676 856 720 in
870 677 942 719 tali
960 678 1227 721 desolatione
1252 678 1500 734 huiusmodi

262 748 472 791 malitiam
503 755 718 792 exerceat.
738 749 790 790 Et
811 750 973 793 sactum
997 757 1065 795 est
1087 752 1130 794 in
1153 763 1300 795 mense
1316 753 1508 807 septimo

256 821 451 873 ejusdem
477 822 595 873 anni,
630 823 746 866 venit
770 821 971 874 ismahel,
996 830 1038 867 et
1060 824 1208 867 decem
1234 825 1315 868 viri
1328 836 1426 868 cum
1450 837 1503 868 eo

258 895 310 937 ad
340 894 565 938 Godoliarn
588 897 632 939 in
651 897 896 951 Masphatb,
913 903 955 941 et
971 899 1198 953 splendide
1219 900 1410 954 suscepit
1428 912 1503 945 eos

257 965 363 1021 (Jer.
387 968 474 1023 xm)
502 967 697 1023 Cumque
711 976 806 1024 post
822 971 1051 1026 prandium
1071 983 1223 1017 versus
1236 978 1352 1016 esset
1364 971 1504 1016 Godo-

256 1039 337 1083 lias
357 1039 401 1082 in
427 1053 645 1095 soporem,
665 1049 708 1085 et
732 1044 941 1094 convivae,
963 1045 1182 1098 per-cussit
1206 1057 1283 1088 eos
1302 1044 1501 1096 lsmalicl,

252 1122 295 1156 et
316 1125 520 1170 egressus
538 1127 614 1170 per
631 1123 798 1159 noctem
817 1115 990 1160 Judaeos
1006 1117 1083 1172 qui
1100 1123 1226 1161 erant
1243 1118 1287 1160 in
1309 1118 1506 1169 civitate,

253 1189 297 1226 et
321 1185 531 1239 quosdam
559 1186 717 1230 milites
740 1187 814 1241 qui
831 1194 954 1230 erant
979 1200 1005 1230 a
1022 1187 1271 1245 Babyloniis
1287 1189 1506 1242 derelicti,

1580 245 1636 288 da
1679 245 1724 287 in
1763 244 1950 300 AEgypto
1984 245 2028 288 in
2063 243 2283 300 Magdalo,
2318 250 2361 288 et
2397 245 2442 288 in
2460 244 2674 301 Taphnis,
2707 254 2756 296 et.
2778 247 2826 295 itt
2871 290 2886 306 ι,

1582 314 1809 370 Memphis,
1829 322 1871 358 et
1893 315 1936 357 in
1955 321 2070 359 terra
2088 314 2316 365 Pliatures,
2336 322 2379 360 et
2397 323 2465 361 est
2480 329 2639 361 nomen
2654 319 2785 373 regis,
2799 331 2828 363 a
2882 343 2887 367 ι,

1581 398 1667 441 quo
1689 386 1760 428 illa
1779 398 1880 441 pars
1903 385 2080 442 AEgypti
2111 385 2176 430 sic
2196 386 2474 431 denominata
2497 393 2579 431 est.
2630 403 2645 429 c
2680 387 2732 430 Et
2758 389 2823 431 l‘a-

1584 464 1683 503 ctus
1705 465 1772 502 est
1799 470 1943 502 sermo
1961 457 2133 502 Domini
2153 458 2207 501 ad
2230 458 2459 503 Ieremiam
2482 460 2526 503 in
2544 458 2737 515 Taphnis
2760 461 2830 504 di·
2883 502 2886 507 .

1581 544 1713 575 cens:
1743 530 1874 574 Sume
1898 531 2066 586 lapides
2097 521 2301 587 grandes,
2339 538 2382 575 et
2422 533 2641 577 absconde
2676 545 2753 578 eos
2781 535 2828 579 in

1582 611 1749 660 crypta,
1778 614 1874 659 quae
1890 610 1957 647 est
1978 604 2060 647 sub
2087 616 2212 647 muro
2235 605 2434 648 latericio
2457 606 2501 648 in
2528 595 2651 662 porta
2674 608 2831 652 domus

1581 676 1842 728 Pharaonis,
1883 685 1927 720 et
1959 678 2080 722 dices
2116 678 2168 720 ad
2194 677 2368 721 Judaeos
2391 695 2401 722 ε
2425 678 2523 723 Haec
2556 679 2661 722 dicit
2684 679 2831 724 Domi·
2884 720 2888 725 .

1582 763 1697 793 nus:
1725 749 1837 793 Ecce
1866 761 1948 806 ego
1972 762 2194 795 assumam
2222 762 2396 794 servum
2429 763 2572 796 meum
2601 751 2831 796 Nabucho-

1581 822 1788 873 donosor,
1807 828 1850 866 et
1866 835 2022 877 ponam
2047 822 2249 867 thronum
2268 823 2362 878 ejus
2383 835 2512 879 super
2527 823 2690 878 lapides
2701 824 2830 876 istos.
2885 878 2887 882 Α

1582 904 1624 940 et
1650 897 1866 951 percutiet
1902 903 2065 938 terram
2104 895 2299 951 AEgypti,
2328 903 2370 939 et
2394 897 2589 951 peribitis
2624 910 2700 942 vos
2728 909 2831 955 curn
2875 935 2877 937 ,

1583 967 1817 1023 AEgyptiis.
1851 983 1865 1008 ι
1896 967 2034 1010 Porro
2063 967 2270 1011 mulieres
2303 967 2578 1012 liebraeorum
2611 969 2832 1018 sacritica-

1579 1041 1685 1084 bant
1712 1041 1797 1090 diis
1821 1041 1992 1094 alienis,
2018 1047 2061 1090 et
2082 1041 2243 1097 reginae
2272 1042 2388 1095 coeli,
2414 1042 2527 1086 lunae
2556 1044 2737 1096 scilicet,
2763 1045 2832 1091 vel

1580 1099 1758 1163 «lunoni,
1800 1113 1867 1155 vel
1906 1112 2171 1170 Berecyntia:
2196 1114 2432 1157 offerebant
2456 1115 2679 1170 placentas
2710 1122 2752 1160 et
2775 1117 2831 1160 li·
2886 1149 2890 1157 .

1582 1186 1772 1230 bamina.
1790 1182 1986 1242 Cumque
2012 1194 2212 1242 argueret
2235 1199 2307 1232 eas
2337 1187 2562 1240 Jeremias,
2584 1189 2787 1234 dixerunt
2815 1206 2828 1235 ς
2886 1242 2889 1257 ·

252 1257 502 1308 trucidavit,
542 1265 584 1302 et
620 1260 802 1315 projecit
838 1261 1047 1304 cadavera
1077 1274 1228 1305 eorum
1258 1263 1301 1306 in
1337 1265 1495 1315 laeum,
1523 1273 1557 1319 B
1583 1273 1597 1299 t
1625 1257 1830 1314 Nunquid
1851 1258 1945 1302 sine
1982 1258 2088 1302 viris
2127 1259 2292 1304 nostris
2333 1260 2422 1302 haec
2442 1260 2653 1305 lecimus?
2673 1277 2687 1302 t
2713 1259 2825 1318 (λιν.

252 1345 380 1387 quem
424 1332 526 1376 l'ecit
570 1345 645 1377 rex
684 1334 771 1378 Asa
795 1342 970 1390 propter
996 1336 1133 1379 Baasa
1166 1349 1311 1392 regem
1348 1336 1496 1381 lsrael.

251 1406 401 1450 Altera
422 1419 526 1450 vero
551 1407 620 1450 die
654 1420 752 1451 cum
779 1409 1036 1454 muneribus
1064 1410 1297 1454 veniebant
1322 1411 1375 1455 de
1398 1423 1501 1467 pro·

253 1480 396 1523 vincia
418 1482 636 1537 octoginta
675 1483 754 1526 viri
783 1483 836 1526 ad
859 1483 1112 1537 Godoliam3
1145 1490 1187 1528 et
1209 1498 1411 1540 egressus
1435 1492 1504 1530 est

252 1551 436 1597 lsmaliel
452 1555 495 1597 in
530 1568 758 1602 occursum
778 1569 926 1599 eornm
941 1558 1089 1601 dicens
1110 1574 1119 1601 :
1142 1574 1155 1598 ι
1178 1558 1336 1602 lntrate
1349 1559 1400 1601 ad
1413 1558 1502 1604 Go-

251 1625 427 1670 doliam.
460 1643 474 1668 ι
501 1627 669 1680 Quibus
711 1630 944 1686 ingressis,
990 1631 1151 1675 occidit
1183 1645 1258 1677 eos
1296 1633 1519 1686 Ismahel,

252 1705 410 1754 praeter
427 1702 591 1752 decem,
623 1703 697 1757 qui
719 1704 922 1747 dixerunt
951 1706 1018 1749 ei:
1042 1720 1057 1746 ‹
1082 1705 1216 1750 Parce
1230 1707 1372 1758 nobis,
1397 1708 1500 1762 quia

253 1771 486 1817 thesauros
509 1774 717 1820 habemus
743 1778 784 1818 in
810 1789 930 1834 agro,
957 1778 1179 1829 frumenti,
1209 1780 1294 1823 vini
1329 1787 1370 1824 et
1396 1780 1502 1826 hor·

252 1844 337 1895 dei,
365 1846 448 1889 olei
471 1853 514 1890 et
541 1848 697 1899 mellis,
722 1855 763 1893 et
789 1851 988 1895 dabimus
1006 1864 1081 1899 eos
1107 1853 1213 1903 tibi;
1240 1858 1281 1896 et
1305 1866 1501 1899 recesse-

251 1926 353 1962 runt
374 1921 427 1964 ab
439 1934 505 1965 eo.
540 1937 554 1962 t
582 1922 704 1966 Tunc
725 1922 909 1968 Ismahel
933 1916 1268 1982 duxitcaptivas
1292 1928 1502 1983 reliquias

252 1993 419 2047 populi,
449 1995 522 2048 qui
556 2004 647 2036 erat
677 1994 720 2038 in
764 1996 1006 2052 Masphath,
1035 1998 1146 2041 filias
1170 2011 1343 2054 quoquc
1366 2001 1497 2055 regis,

250 2076 361 2119 quas
391 2066 773 2110 commendaverat
810 2067 1098 2112 Nabuzardan
1129 2069 1336 2115 Godoliae.
1375 2071 1502 2125 Quod

251 2149 351 2180 cum
378 2137 571 2182 audisset
601 2138 800 2183 Johanan
840 2142 955 2186 lilius
981 2142 1134 2195 Caree,
1158 2146 1397 2200 assumptis
1432 2147 1504 2190 vi-

249 2210 311 2253 ris
338 2212 560 2257 insecutus
582 2220 647 2257 est
665 2213 872 2265 ,ismaheh
895 2223 938 2260 et
957 2218 1120 2260 invenit
1141 2231 1238 2262 eum
1266 2219 1318 2262 ad
1343 2232 1495 2275 aquas,

248 2295 347 2339 quae
382 2291 482 2328 sunt
511 2285 554 2327 in
579 2284 775 2339 Gabaon,
804 2295 846 2331 et
870 2289 979 2347 fugit
1010 2290 1194 2334 ismahel
1218 2303 1241 2332 a
1268 2290 1377 2335 facie
1404 2292 1506 2346 ejus

1580 1334 1716 1388 mv.)
1760 1333 1955 1388 Cumque
1992 1335 2043 1377 ad
2090 1335 2210 1378 viros
2252 1333 2404 1378 durius
2423 1334 2686 1390 loqueretur,
2706 1335 2843 1394 dixe73

1580 1413 1684 1452 runt
1710 1405 1731 1451 :⁰
1748 1422 1764 1449 t
1784 1407 1967 1461 Quando
1994 1407 2178 1452 fecimus
2198 1407 2291 1451 haec
2312 1407 2356 1451 in
2377 1408 2557 1452 urbibus
2575 1406 2686 1451 Juda
2711 1401 2831 1452 satu-‘-

1582 1484 1666 1526 rati
1694 1496 1846 1528 sumus
1868 1483 2070 1538 panibus,
2098 1490 2140 1526 et
2164 1483 2274 1527 bene
2289 1488 2383 1526 erat
2407 1483 2549 1529 nobis.
2568 1482 2629 1527 Ex
2647 1497 2734 1540 quo
2755 1497 2837 1528 au-

1581 1564 1666 1601 tem
1700 1557 1969 1601 cessavimus
2007 1558 2252 1612 indigemus
2307 1557 2525 1608 omnibus,
2553 1563 2594 1602 et
2610 1558 2768 1614 gladio.
2790 1565 2834 1604 et

1581 1629 1694 1673 fame
1725 1632 1971 1685 consumpti
2000 1642 2167 1676 sumus.
2198 1645 2214 1671 ι
2239 1629 2291 1671 Et
2327 1630 2552 1685 respondit
2580 1630 2820 1677 Jeremias:

1586 1718 1600 1743 ‹
1632 1702 1732 1747 llaec
1757 1702 1862 1746 dicit
1885 1701 2097 1746 Dominus
2124 1701 2247 1759 :Ego
2267 1701 2410 1758 juravi
2446 1704 2490 1746 in
2533 1703 2706 1747 nomine
2737 1716 2835 1750 meo

1583 1789 1756 1832 magno,
1795 1777 1897 1833 quia
1933 1789 2086 1821 omnes
2116 1777 2197 1820 viri
2232 1774 2361 1826 Juda,
2396 1777 2470 1832 qui
2509 1783 2610 1821 sunt
2638 1777 2682 1820 in
2716 1767 2835 1825 terra

1583 1847 1757 1907 AEgypti
1782 1850 1926 1906 gladio
1943 1855 1986 1894 et
2008 1849 2121 1898 sanie
2146 1849 2364 1905 peribunt,
2383 1848 2520 1893 donec
2540 1850 2712 1905 penitus
2734 1863 2836 1894 con-

1582 1929 1831 1967 sumantur.
1870 1937 1885 1964 »
1926 1922 1980 1965 Et
2020 1922 2258 1967 insurrexit
2276 1921 2462 1977 populus
2485 1923 2692 1968 adversus
2714 1921 2836 1967 Jere·
2887 1955 2893 1964 .

1582 1994 1732 2045 miam,
1766 1999 1809 2038 et
1845 1994 2147 2050 lapidaverunt
2177 2006 2275 2037 eum
2319 1993 2552 2048 lapidibus,
2593 2006 2702 2049 quos
2733 1995 2827 2039 abs-

1582 2067 1790 2111 conderat
1812 2068 1894 2112 sub
1920 2080 2044 2111 muro
2063 2067 2276 2111 latericio.
2305 2066 2502 2124 AEgyptii
2523 2079 2624 2111 vero
2648 2067 2837 2111 honora-

1582 2126 1739 2183 verunt
1767 2140 2024 2197 prophetam
2061 2139 2325 2194 sepelientes
2349 2149 2447 2183 eum
2470 2137 2594 2194 juxta
2617 2134 2832 2190 tumulum
2880 2182 2890 2197 ἢ

1583 2226 1768 2270 regum,
1823 2225 2038 2258 memores
2083 2211 2399 2262 beneficiorum
2442 2223 2536 2267 qnae
2577 2213 2836 2268 praestiterat
2887 2238 2891 2243 ·

1583 2286 1789 2344 AEgypto.
1821 2285 2028 2331 Oratione
2060 2287 2174 2331 enim
2211 2298 2289 2331 sua
2325 2285 2548 2342 fugaverat
2582 2286 2755 2341 aspides
2791 2293 2834 2330 et
2871 2329 2875 2334 .

249 2370 346 2399 enm
377 2365 476 2401 octo
500 2360 620 2412 viris,
647 2366 688 2403 et
713 2362 1074 2407 eduxitlohanan
1092 2365 1301 2419 captivos,
1322 2372 1363 2409 et
1390 2342 1557 2421 prae-C
1583 2360 1747 2405 bestias
1775 2372 2012 2418 aquarum,
2052 2373 2163 2416 quas
2194 2359 2332 2404 Graeci
2375 2360 2619 2404 crocodilos
2652 2365 2832 2410 vocant,
2887 2393 2891 2406 ,

251 2429 368 2480 dam,
391 2443 517 2485 quam
538 2432 718 2476 duxerat
742 2434 949 2481 ismahel..

249 2502 350 2547 Cn.
379 2503 447 2548 lll.
476 2505 532 2548 De
550 2507 746 2550 descensu
767 2510 1038 2564 reliquiarum
1054 2511 1178 2555 Judoe
1195 2513 1236 2556 in
1250 2511 1496 2568 AE'qyptum,

671 2571 712 2607 et
734 2565 846 2609 obitu
870 2566 1079 2612 Jeremiae.

312 2669 327 2695 ι
357 2654 408 2698 Et
440 2662 735 2700 convenerunt
759 2669 912 2702 omnes
946 2658 1141 2714 reliquiae
1162 2658 1270 2702 Juda
1304 2659 1357 2702 ad
1382 2658 1502 2703 Iere-

252 2728 382 2770 miam
416 2741 439 2771 a
484 2741 616 2785 parvo
659 2743 797 2786 usque
835 2732 887 2775 ad
939 2733 1275 2790 niagnuin(1er.
1321 2733 1443 2790 xm).
1481 2749 1496 2776 ι

252 2799 544 2857 Disponebant
579 2804 694 2847 enim
726 2805 871 2862 sugere
913 2807 958 2850 in
988 2807 1241 2864 AEgyptum,
1286 2809 1490 2852 timentes

250 2886 305 2917 ne
345 2875 682 2920 occiderentura
710 2878 922 2923 Chaldaeis
951 2892 1027 2935 pro
1052 2886 1190 2924 morte
1215 2879 1420 2925 Godoliae.
1448 2881 1501 2924 Et

252 2947 455 2992 dixerunt
484 2949 537 2991 ad
559 2951 812 3006 proplietam
839 2968 849 2997 ε
879 2968 893 2992 ι
926 2951 1009 2996 Ora
1030 2965 1108 3008 pro
1126 2954 1251 2996 nobis
1275 2953 1427 3005 Deum,
1453 2962 1498 2997 nt

254 3022 414 3065 indicet
439 3023 565 3067 nohis
597 3027 773 3069 verbum
808 3028 921 3081 quod
950 3027 1177 3079 faciemus,
1214 3034 1256 3070 et
1291 3027 1500 3083 quidquid

252 3088 410 3137 dixerit
439 3097 564 3139 nobis
592 3111 663 3152 per
704 3112 752 3142 os
782 3108 924 3151 tuum,
960 3099 1185 3144 faciemus.
1229 3115 1244 3141 ›
1281 3100 1383 3144 Post
1405 3101 1499 3144 dies

253 3175 415 3226 septem
437 3170 597 3214 sactum
622 3178 688 3216 est
711 3174 890 3216 verbum
917 3174 1088 3218 Domini
1111 3174 1164 3218 ad
1181 3174 1430 3235 Ieremiam,
1456 3182 1500 3220 et

251 3254 498 3287 convocans
532 3244 782 3290 universum
817 3247 1023 3302 populum
1052 3248 1109 3290 ait
1147 3262 1157 3290 t
1195 3261 1211 3287 ι
1255 3246 1355 3291 Haec
1393 3247 1501 3291 dicit

251 3314 488 3359 Dominus:
516 3316 559 3359 Si
585 3318 830 3361 manseritis
854 3317 896 3360 in
919 3324 1031 3361 terra
1056 3318 1148 3370 hac,
1178 3318 1380 3372 plantabo
1402 3330 1498 3371 vos,

1584 2435 1745 2491 quibus
1768 2435 1890 2490 prius
1916 2434 2131 2491 AEgyptus
2162 2433 2469 2477 infestabatur.
2491 2431 2686 2476 Tradunt
2703 2432 2834 2476 etiam
2887 2451 2891 2455 ·

1583 2508 1764 2565 quidam
1794 2508 1910 2564 quod
1943 2508 2086 2551 adhuc
2109 2507 2162 2551 de
2187 2508 2363 2563 pulvere
2394 2505 2587 2561 eiusdem
2613 2506 2693 2548 loci
2718 2505 2835 2561 aspi·
2888 2542 2893 2553 ‚

1583 2582 1686 2627 dum
1710 2595 1975 2639 percussura
1999 2587 2198 2632 sanatur,
2228 2586 2271 2625 et
2287 2579 2495 2636 sugantur
2517 2578 2740 2623 crocodili.
2774 2576 2836 2622 De

1581 2656 1734 2701 eodem
1760 2657 1820 2699 ait
1844 2656 2115 2713 Epiphanius
2140 2671 2150 2699 ε
2185 2653 2446 2698 Audivimus
2471 2667 2496 2698 a
2521 2653 2629 2714 viris
2649 2650 2839 2715 seniori-¹
2885 2684 2892 2700 ,

1582 2731 1682 2782 bus,
1711 2731 1784 2785 qui
1812 2743 1866 2774 ex
1892 2731 2114 2778 seniorum
2149 2727 2370 2784 Antigoni,
2396 2732 2439 2770 et
2453 2718 2676 2770 Ptolomaei
2700 2726 2836 2782 stirpe

1585 2790 1919 2854 descenderant,
1947 2802 2067 2858 quod
2103 2802 2349 2846 Alexander
2374 2800 2550 2845 Macedo
2583 2799 2758 2844 veniens
2781 2801 2836 2844 ad
2885 2831 2894 2857 -,

1584 2879 1826 2932 sepulcri-,m
1844 2875 2079 2932 prophetae,
2103 2883 2146 2919 et
2157 2887 2426 2932 cognoscens
2453 2874 2535 2918 loci
2552 2874 2828 2930 mysterium,
2856 2912 2858 2914 ,

1582 2951 1807 2994 transtulit
1835 2949 1978 3005 ipsum
2009 2950 2054 2993 in
2079 2939 2414 2998 Alexandriam,
2450 2945 2720 3003 et‘sepelivit
2743 2946 2835 3003 glo-
2886 2979 2897 2997 2,

1585 3023 1718 3073 riose‚
1745 3029 1787 3066 et
1826 3035 1875 3066 ex
1897 3029 2002 3065 tune
2027 3035 2050 3064 a
2086 3028 2203 3064 terra
2231 3021 2303 3063 illa
2328 3019 2540 3076 prohibiti
2564 3025 2666 3064 sunt
2682 3029 2834 3062 croco<

1582 3094 1659 3137 dili
1694 3102 1735 3138 et
1767 3095 1940 3149 aspides
1982 3096 2173 3150 penitus.
2219 3093 2327 3137 Nam
2372 3098 2414 3136 et
2446 3092 2559 3136 idem
2591 3090 2834 3155 Alexander
2887 3135 2898 3151 f

1582 3167 1705 3222 prius
1749 3168 2050 3212 introduxerat
2087 3168 2191 3211 illuc
2235 3172 2458 3223 serpentes
2492 3164 2720 3221 quosdam,
2757 3164 2833 3220 qui
2876 3212 2885 3218 ..

1581 3241 1676 3285 vice
1695 3253 1939 3285 marsorum
1964 3241 2137 3297 aspides
2167 3240 2393 3296 fugabant,
2422 3239 2494 3283 sed
2521 3250 2607 3281 non
2635 3243 2834 3294 poterant
2879 3273 2900 3306 ,3

1581 3316 1847 3370 easpenitus
1866 3315 2123 3370 exstirpare,
2142 3327 2252 3370 quos
2272 3314 2374 3370 quia
2395 3313 2450 3355 ab
2465 3311 2592 3368 Argis
2610 3309 2832 3366 peloponii

250 3394 294 3432 et
318 3401 403 3432 non
429 3390 623 3434 evellam.
649 3389 742 3432 Jam
759 3392 871 3433 enim
897 3391 1094 3445 placatus
1124 3402 1220 3432 sum
1246 3402 1377 3446 super
1405 3402 1498 3434 ma-
1524 3415 1559 3458 D
1584 3389 1839 3441 advexerat,
1874 3401 2057 3444 argones
2096 3386 2350 3430 nominavit.
2393 3384 2468 3428 llic
2500 3391 2568 3428 est
2601 3382 2830 3434 Ieremias,
2888 3437 2895 3452 Α

251 3461 341 3505 ium
363 3463 475 3518 quod
503 3463 583 3506 feci
608 3465 755 3515 vobis;
780 3465 914 3507 nolite
938 3464 1090 3507 timere
1108 3476 1130 3507 a
1156 3463 1264 3507 {acie
1287 3465 1398 3520 regis
1418 3463 1500 3506 Ba-

253 3537 440 3593 bylonis,
465 3539 563 3594 quia
599 3551 677 3594 ego
711 3539 932 3581 vobiscum
976 3551 1089 3582 sum.
1122 3536 1198 3581 Sin
1231 3544 1373 3581 autem
1401 3538 1499 3582 des·

251 3610 487 3654 «tenderitis
523 3612 564 3654 in
612 3612 862 3668 AEgyptnm,
894 3620 936 3654 ut
970 3613 1028 3655 ibi
1070 3612 1290 3663 habitetis,
1317 3612 1499 3667 gladius¹

248 3680 671 3733 Nabuchodonosor,
701 3697 828 3740 quem
853 3684 1110 3734 formidatis,
1132 3685 1191 3729 ibi
1217 3686 1500 3741 comprehen-

251 3757 435 3807 deivos,
457 3765 498 3800 et
526 3759 720 3813 peribitis
745 3759 903 3815 gladio,
933 3759 1059 3811 same,
1081 3767 1121 3804 et
1139 3767 1272 3816 peste.
1304 3777 1317 3799 ι
1343 3762 1391 3804 Et
1413 3774 1502 3805 non

251 3830 749 3881 audieruntJeremiam,
778 3833 850 3876 sed
878 3834 1105 3877 dixerunt:
1132 3849 1146 3874 t
1170 3834 1382 3884 Mentiris,
1413 3847 1499 3878 non

254 3905 374 3948 misit
399 3911 440 3947 te
474 3904 699 3950 Dominus.
734 3905 816 3949 Sed
841 3906 1009 3950 Baruch
1039 3908 1191 3950 incitat
1225 3915 1264 3951 te
1291 3907 1500 3950 adversus

252 3989 351 4028 nos,
391 3983 435 4020 ut
477 3980 619 4022 tradat
651 3993 731 4023 nos
774 3981 818 4023 in
866 3993 1020 4024 manus
1054 3979 1355 4024 Chaldaeorum
1392 3980 1497 4033 (λεν.

256 4050 393 4109 xmii).
442 4069 456 4093 »
504 4051 555 4094 Et
576 4052 895 4096 descenderunt
921 4067 1072 4098 omnes
1098 4067 1196 4097 cum
1228 4055 1498 4103 mulieribus,

250 4128 296 4162 et
311 4121 531 4175 parvulis,
573 4128 620 4165 et.
648 4124 765 4166 omni
803 4126 1048 4167 substantia
1084 4127 1227 4170 suain
1246 4126 1498 4183 AEgyptum,

254 4201 297 4238 et
315 4193 530 4238 duxerunt
559 4208 707 4239 secum
737 4197 968 4241 let-entiam
996 4206 1039 4242 et
1068 4198 1254 4243 Barucb.
1295 4200 1346 4243 Et
1373 4200 1506 4244 deso·

257 4272 343 4313 lata
377 4277 443 4314 est
480 4275 599 4314 terra
633 4277 677 4314 et
718 4271 1004 4316 sabbatizavit
1034 4273 1183 4317 multis
1229 4275 1356 4319 annis
1388 4276 1502 4321 sicut

258 4343 774 4397 przedixeratleremias‘.
809 4344 904 4388 Non
939 4346 1054 4388 enim
1079 4348 1301 4390 transtulit
1334 4350 1378 4391 in
1403 4359 1522 4396 eam*

258 4428 332 4460 rex
377 4416 606 4475 Babylonis
639 4419 832 4472 colonos,
859 4419 971 4464 sicut
1004 4418 1163 4463 fecerat
1190 4433 1261 4465 rex
1295 4413 1498 4474 Assyrio·-

1581 3464 1654 3520 (μή
1691 3464 1866 3519 regibus
1897 3462 2072 3519 AEgypti
2115 3462 2287 3518 signum
2326 3460 2475 3510 dedit,
2520 3456 2637 3514 quod
2678 3467 2832 3501 eorum
2894 3513 2901 3519 ⁶

1582 3536 1695 3579 idola
1731 3536 1870 3579 everti
1893 3540 2127 3590 oporteret,
2159 3547 2256 3578 cum
2281 3533 2403 3587 virgo
2429 3536 2612 3587 pareret.
2644 3527 2764 3573 Unde
2787 3533 2830 3572 et
2891 3578 2898 3587 s

1583 3610 1832 3655 sacerdotes
1849 3621 1999 3653 eorum
2027 3610 2068 3652 in
2094 3614 2261 3653 secreto
2285 3607 2434 3663 templi
2460 3607 2576 3654 loeo.
2596 3602 2830 3660 imaginem

1581 3684 1761 3740 virginis
1789 3691 1831 3727 et
1868 3683 1990 3739 pueri
2025 3687 2286 3729 statuentes.
2318 3679 2572 3723 adorabant.
2598 3675 2707 3720 Dum
2727 3688 2828 3721 vero
2869 3703 2898 3743 „-

1581 3757 1847 3801 Ptolomaeus
1870 3769 1946 3800 rex
1971 3756 2260 3810 interrogaret
2282 3765 2376 3803 eos,
2402 3763 2486 3807 qua
2519 3751 2611 3794 haec
2635 3749 2830 3793 facerent
2851 3809 2853 3812 .

1582 3819 1766 3881 ratione,
1813 3829 2016 3872 dixerunt
2053 3835 2242 3883 paternae
2273 3824 2519 3869 traditionis
2539 3835 2636 3868 esse
2665 3828 2832 3879 mystc-
2868 3859 2900 3892 ,Ξ

1582 3906 1715 3955 rium,
1737 3903 1852 3960 quod
1878 3916 1900 3945 a
1923 3907 2077 3946 sancto
2101 3900 2309 3956 propheta
2341 3901 2601 3952 acceperant
2624 3893 2832 3948 maiores,
2886 3952 2890 3961 ἱ

1581 3986 1624 4025 et
1650 3978 1885 4022 credebant
1928 3975 1973 4018 in
2005 3975 2135 4018 rebus
2172 3974 2232 4016 ita
2258 3971 2351 4015 l'ore
2387 3975 2635 4014 venturum.
2665 3965 2748 4011 Hic
2766 3973 2835 4012 est
2885 4016 2899 4035 =..

1580 4053 1805 4104 Jeremias,
1847 4050 1919 4106 qui
1964 4048 2173 4104 templum
2219 4043 2498 4100 evertendum
2537 4052 2833 4106 praenoscens,
2885 4071 2901 4107 4„

1583 4139 1729 4171 arcani
1752 4123 2002 4169 testamenti
2021 4133 2120 4165 cum
2143 4119 2212 4163 bis
2231 4130 2327 4175 quae
2346 4118 2391 4161 in
2413 4129 2463 4160 ea
2481 4122 2622 4164 erant.
2649 4114 2767 4165 tulit.
2793 4121 2836 4159 et

1582 4200 1786 4258 precibus
1823 4197 1916 4241 suis
1953 4209 2005 4239 ea
2029 4192 2254 4238 absorberi
2285 4190 2388 4235 fecit
2425 4190 2468 4233 in
2489 4194 2635 4243 petra;
2656 4196 2850 4243 petram,

1582 4285 1687 4323 vero
1713 4272 1851 4328 digito
1887 4268 2140 4323 designans,
2166 4277 2327 4313 nomen
2354 4261 2426 4306 Dei
2447 4267 2835 4317 tetragrammaton
2871 4266 2888 4325 3'

1584 4345 1895 4405 impressit-Et
1923 4343 2087 4387 factum
2107 4346 2175 4385 est
2206 4338 2399 4396 sigillum
2432 4336 2475 4379 in
2501 4334 2836 4393 similitudinem

1587 4421 1812 4469 scripturae
1830 4429 1926 4472 quae
1949 4415 2064 4460 ferro
2098 4412 2278 4458 curatur
2299 4426 2310 4463 ;
2334 4415 2375 4454 et
2392 4410 2532 4462 ipsum
2550 4406 2731 4455 ltouiini
2755 4417 2812 4450 no
2834 4413 2838 4418 '
2863 4459 2866 4461 ¹
