2924 4588
272 159 292 185 ἱ

201 230 284 276 899

201 402 266 436 tra
288 392 502 434 Romanos
542 399 576 427 a
569 392 666 440 §re
692 383 821 433 nolle,
850 380 923 424 sed
953 383 1104 423 contra
1134 375 1342 430 Wisogot
1363 386 1428 415 os.

203 463 420 508 Scribebat
441 460 567 502 etiam
588 455 866 510 wisogothis,
889 452 996 495 nihil
1018 456 1169 495 eontra
1190 460 1264 492 eos
1288 454 1439 503 agere,

199 536 274 579 sed
292 531 685 577 contra-Romanos.

253 606 403 648 Eutius
430 608 569 646 autem
602 607 704 643 tunc
735 598 943 654 patricius
966 596 1289 643 Romanorum,
1311 591 1430 634 frau-

198 679 293 723 dem
317 677 455 719 Attilae
473 684 823 730 praecognoscens
840 704 853 725 ,
877 668 1144 713 Theoderico
1161 663 1431 720 1831601111)-

199 763 292 794 rum
330 762 379 791 ex
418 758 601 802 persona
636 740 923 786 Valentiniani
964 739 1237 795 imperatoris
1283 736 1432 780 scribit

198 833 373 866 monens
391 819 630 873 diligenter,
656 821 868 858 utcontra
882 813 1056 854 Attilam
1074 803 1432 854 immanissimum

196 901 440 949 tyrannum,
467 890 599 931 totius
622 886 740 930 orbis
761 885 1027 932 invasorem,
1054 882 1146 936 ipse
1162 891 1259 923 cum
1275 878 1434 922 Roma·

199 965 267 1007 nis
290 961 550 1004 conveniret.
578 956 708 1012 tgtiur
730 955 858 998 Attita
884 953 1035 996 indicit
1054 950 1321 1006 wisogothis
1343 949 1434 992 hel·

198 1037 300 1079 lum.
314 1032 552 1086 wisogothi
567 1038 704 1073 antem
718 1040 794 1083 per
812 1027 974 1083 legatos
987 1031 1185 1080 rogantes
1197 1021 1431 1071 Romanos,

197 1110 367 1153 Eutium
394 1106 619 1163 patricium
642 1103 858 1158 accipiunt
875 1101 919 1143 in
940 1098 1162 1142 auxilium.
1183 1096 1262 1138 llic
1281 1093 1434 1139 Eutius

198 1190 357 1229 autem,
386 1178 531 1222 ascitis
555 1176 637 1220 sibi
662 1174 855 1223 Francis,
880 1180 922 1216 et
939 1171 1166 1220 Sarmatis,
1189 1174 1232 1213 et
1244 1167 1437 1223 Burgun-

196 1254 413 1301 dionibus,
442 1249 702 1299 saxonibus,
724 1246 974 1302 Ripariolis,
991 1242 1238 1291 brionibus,
1265 1240 1437 1283 multis·

195 1339 276 1382 que
301 1324 475 1368 Celticis
504 1335 554 1366 ae
575 1320 844 1365 Germanicis
875 1316 1142 1366 nationibus,
1166 1313 1434 1370 wisogothis

196 1399 421 1443 succurrit.

250 1470 379 1512 Attila
402 1480 502 1511 vero
521 1480 615 1510 cum
632 1464 832 1509 Aldarico
856 1475 954 1519 rege
971 1461 1247 1518 GepMarum,
1273 1464 1316 1502 et
1339 1456 1436 1500 Via-

194 1542 345 1586 lamire
380 1553 479 1595 rege
500 1540 858 1595 Ostrogothorutn
876 1569 887 1587 ‚
931 1535 1255 1588 innumerisque
1284 1543 1434 1587 regum

196 1613 441 1657 nationibus
466 1618 605 1654 movet
630 1611 914 1666 procinctum.
938 1606 1082 1662 ltaque
1101 1608 1143 1648 in
1166 1603 1327 1659 campis
1351 1600 1435 1646 Ca-

192 1684 395 1726 talauuiae
419 1688 599 1736 uterque
620 1683 834 1723 exercitus
850 1678 985 1722 sedet.
1008 1677 1139 1719 Attila
1162 1676 1206 1718 in
1224 1674 1436 1717 interiori-

197 1755 278 1798 bus
305 1753 539 1796 visceribus
564 1762 766 1806 pecorum
805 1761 881 1803 per
905 1747 1123 1805 Pythonos
1147 1750 1345 1790 eventum
1371 1745 1434 1787 rei

198 1826 429 1881 perquirit;
456 1835 585 1878 seque
603 1821 858 1864 vincendum
887 1819 1100 1874 intelligit.
1124 1817 1208 1861 Sed
1230 1830 1282 1861 ex
1302 1817 1435 1859 altera

197 1905 315 1954 parte
335 1897 567 1952 principem
594 1894 787 1956 omnium
803 1893 1085 1949 potentiorem
1103 1903 1200 1935 esse
1212 1903 1433 1941 casurum,

197 1970 239 2013 in
254 1970 503 2013 soedissimis
516 1968 736 2024 praesagiis
754 1965 1030 2022 auguriisque
1048 1963 1291 2020 praesensit.
1304 1963 1435 2007 Attila

197 2055 380 2098 pugnam
402 2041 647 2097 aggreditur
664 2071 675 2090 ,
698 2037 880 2081 Romani
901 2042 1006 2080 tunc
1022 2037 1349 2081 eminentiorem
1373 2037 1437 2079 lo-

195 2128 291 2157 cum
316 2114 545 2158 habebant.
570 2111 718 2168 itaque
754 2112 806 2154 ab
841 2111 949 2154 hora
978 2123 1093 2156 nona
1116 2122 1253 2166 usque
1287 2111 1331 2153 in
1356 2122 1437 2153 no-

196 2195 304 2231 ctem
322 2220 333 2237 ,
363 2188 619 2231 acerrimum
637 2187 796 2231 bellum
826 2186 1113 2242 protenditur.
1139 2184 1436 2229 Tiieodoricus

196 2267 336 2303 autem
375 2273 449 2303 rex
473 2259 842 2317 wisogothorum,
884 2258 995 2303 sicut
1022 2259 1211 2302 Attilain
1244 2259 1438 2315 auguriis

189 2331 446 2394 praeviderat
465 2369 476 2386 ,
507 2338 549 2378 in
573 2336 684 2379 bello
706 2335 924 2378 occubuit.
949 2335 1080 2377 Attila
1096 2347 1195 2377 vero
1217 2334 1260 2376 111
1286 2320 1430 2389 sugam

194 2421 365 2459 versus,
387 2410 549 2451 victum
573 2420 621 2451 se
645 2408 858 2463 prodidit,
881 2406 956 2450 sed
978 2406 1120 2450 nortis
1138 2406 1345 2450 beneticio
1362 2417 1437 2462 ρο-

195 2482 276 2525 tuit
297 2482 519 2525 occultari.
546 2480 667 2524 Mane
700 2481 832 2531 facto,
860 2478 1103 2538 wisogothi
1143 2492 1285 2535 regem
1311 2492 1438 2522 suum

195 2557 442 2609 requirunt;
469 2553 542 2596 sed
567 2559 736 2595 mortuo
755 2553 942 2602 invento,
970 2553 1124 2596 iterum
1148 2553 1194 2595 in
1211 2552 1357 2596 hostes
1382 2552 1440 2594 ir-

170 2612 175 2616 ’
196 2638 321 2670 ruere.
343 2638 441 2668 cum
460 2624 782 2668 ‘thurismundo
803 2625 888 2686 tilio
905 2626 1019 2682 regis
1035 2624 1168 2669 occisi
1186 2624 1437 2684 disponunt.

252 2698 403 2742 Entius
421 2706 562 2741 autem
586 2699 812 2755 patricius,
838 2699 1011 2748 timens,
1038 2711 1091 2741 ne
1115 2698 1242 2750 sorte,
1270 2700 1306 2742 si
1326 2697 1442 2741 111111-

195 2773 238 2815 ni
256 2769 426 2828 penitus
449 2772 716 2822 delerentur,
743 2768 870 2815 Gothi
902 2777 1061 2816 extunc
1079 2758 1323 2815 innimiam
1349 2772 1441 2827 glo-

197 2844 303 2886 riam
322 2845 489 2895 elevati,
518 2842 698 2887 Romam
718 2846 1034 2900 opprimerent,
1058 2845 1161 2888 dicit
1178 2844 1232 2888 ad
1253 2842 1434 2888 Thuris-

198 2918 345 2959 mundi
373 2917 503 2959 silium
526 2917 779 2961 Theoderici
802 2934 811 2961 2
831 2917 875 2960 Si
892 2918 1046 2962 tratres
1078 2920 1138 2962 tui
1163 2926 1344 2962 mortem
1371 2931 1439 2963 re-

200 2993 263 3045 gis
284 2992 588 3046 cognoverint,
619 3004 797 3046 regnum
821 2991 1039 3036 invadent.
1067 2991 1130 3035 Tu
1156 3005 1258 3049 ergo
1280 2993 1440 3037 veloci-

199 3074 263 3106 ter
285 3064 456 3106 domum
483 3071 711 3115 revertere,
737 3076 790 3108 ne
806 3066 847 3108 in
867 3066 978 3109 solio
998 3068 1113 3121 regni
1138 3066 1294 3111 debeas
1315 3079 1336 3109 a
1355 3066 1442 3110 sra-

198 3134 336 3177 tiilius
357 3135 596 3189 psan'ettiri.
610 3134 771 3177 Taliter
795 3149 817 3178 a
835 3137 1018 3191 patricio
1034 3137 1236 3180 seductus
1250 3138 1438 3189 juvenis,

200 3205 363 3249 relirtis
380 3206 574 3249 hostibus
592 3237 603 3256 ,
640 3206 812 3249 domum
839 3206 1091 3251 festinanter
1115 3207 1261 3253 abivit.
1284 3207 1441 3264 Depre-

201 3279 456 3323 hcnsurnest
475 3285 619 3335 postea
640 3280 753 3335 quod
771 3279 1095 3326 Attila.viribus
1110 3294 1287 3326 suorum
1309 3282 1444 3325 desti-

203 3357 338 3401 tutus,
356 3350 409 3394 de
421 3352 637 3394 subselliis
660 3365 835 3395 suorum
855 3354 995 3408 ignem
1014 3354 1093 3398 sibi
1115 3366 1317 3410 magnum
1342 3367 1444 3411 prae-

201 3424 432 3480 paraverit
458 3426 501 3466 lu
523 3435 678 3480 quem,
704 3426 742 3468 si
766 3426 808 3468 in
827 3438 926 3469 eum
941 3426 1124 3478 hostes
1115 3435 1343 3480 irruerent,
1371 3442 1444 3472 vo·

202 3497 538 3551 lebatimmergi.
554 3497 865 3541 Referteorum
879 3499 1439 3557 scriptorJornandcsquod
1468 3526 1503 3571 D

205 3569 249 3614 in
276 3570 424 3614 eodem
466 3571 754 3615 famosissimo
779 3585 840 3628 pr:
841 3574 925 3615 etio
965 3573 1199 3618 ceciderint
1230 3574 1327 3623 165.
1332 3575 1441 3626 000,

203 3657 257 3689 ex
281 3651 460 3700 utraque
474 3652 617 3700 parte;
639 3647 829 3701 exceptis
848 3646 927 3690 152
945 3647 1158 3700 millibus,
1183 3649 1258 3703 qui
1280 3647 1323 3692 in
1341 3661 1447 3692 con-

204 3727 354 3772 gressu
376 3714 638 3758 Francorum
661 3721 702 3759 et
741 3715 999 3773 Gepidarum
1025 3718 1158 3775 priori
1187 3725 1314 3763 nocte
1350 3731 1448 3764 cor·

205 3796 399 3833 ruerunt.

261 3859 623 3913 Thin-ismundus,
637 3860 1041 3907 occisoTheodorici
1067 3863 1179 3919 regis
1198 3863 1336 3916 tilio,a
1357 3866 1448 3909 suis

205 3943 285 3978 rex
305 3941 493 3982 creatus,
518 3934 703 3977 consilio
715 3932 828 3978 Eutii
847 3936 1018 3991 patricii
1038 3934 1272 3979 Tholosam
1298 3938 1447 3981 civita-

205 4008 296 4050 tem
316 4017 437 4048 suam
462 4006 714 4060 ingreditur.

252 4078 977 4135 AttilarecedentibusWisogotbis,
994 4094 1173 4125 securus
1186 4081 1275 4137 Jam
1292 4081 1446 4135 factus,

208 4164 362 4196 versus
393 4151 571 4194 Romam
610 4152 690 4195 iter
721 4154 954 4204 convertit,
990 4161 1031 4197 et
1056 4156 1099 4197 in
1122 4155 1189 4197 ria
1226 4154 1450 4200 obsidione

211 4224 345 4280 cingit
365 4223 512 4267 urbem
535 4222 825 4279 Aquilegiatn‚
860 4227 1131 4281 metropolim
1158 4224 1447 4273 Venetiarum.

209 4297 347 4351 Quam
368 4297 493 4352 longo
504 4301 696 4351 tempore
713 4297 932 4341 obsessam
949 4330 959 4348 ,
980 4311 1076 4340 cum
1094 4299 1268 4344 vincere
1289 4313 1383 4343 eam
1404 4313 1451 4344 se

213 4380 339 4425 posse
361 4380 445 4411 non
477 4369 694 4420 crederet,
734 4374 862 4424 atque
885 4369 938 4413 de
961 4372 1208 4416 recessione
1221 4373 1310 4427 jam
1333 4373 1452 4428 eogi-

211 4447 349 4496 taret,
389 4439 572 4495 quadam
598 4439 665 4483 die
689 4439 805 4482 circa
838 4453 985 4484 muros
1003 4442 1119 4485 urbis
1142 4442 1446 4496 denintunam,

209 4504 324 4556 ridet
348 4511 538 4557 ciconias
570 4512 709 4567 pullos
742 4523 845 4555 suos
874 4513 1074 4568 parrulos
1107 4525 1157 4557 ex
1185 4513 1297 4559 nidis
1329 4524 1448 4558 extra

1461 1381 1495 1424 B

1461 2449 1492 2494 <7

1108 207 1399 256 conamini
1430 202 1812 252 virssnntessts

204 322 489 364 Romanorum
515 311 759 368 imperatori
786 309 829 352 iu
853 305 953 351 dolo
973 264 1221 354 scribebat,
1248 315 1294 347 se
1316 312 1412 343 con·
1447 306 1483 350 Α
1505 298 1721 342 civitatem
1732 299 1972 352 portantes.
1993 292 2074 338 Ubi
2091 291 2308 337 advocans
2331 289 2489 334 milites
2506 287 2637 333 111111
2660 286 2758 333 Istae
2803 298 2807 299 ⁷

2669 179 2787 243 ωσι.

1515 386 1530 413 1
1564 383 1667 416 aves
1697 369 1889 414 futuram
1920 365 2109 425 civitatis
2137 363 2302 411 cladem
2330 361 2624 419 perpendunt,
2656 373 2816 421 pro-,j

1515 450 1662 500 «pter
1673 442 1788 500 quod
1800 441 1930 485 etiam
1946 438 2100 484 filiolos
2118 441 2466 494 exportaverunt.
2478 450 2492 477 1
2505 434 2604 478 Haec
2619 434 2756 484 aiens,
2776 426 2818 500 ³5

1511 517 1671 561 milites
1711 514 1764 558 ad
1795 513 2064 558 eversionem
2090 510 2173 553 loci
2209 507 2366 552 fortius
2391 499 2612 552 animavit.
2638 505 2761 552 Unde
2783 514 2815 570 „3²

1511 587 1740 633 instructis
1763 585 1981 629 machinis
2002 583 2222 638 variisque
2246 579 2500 630 tormentis,
2515 580 2667 623 urbem
2687 590 2760 624 re·

1512 670 1638 718 pente
1654 659 1829 709 devicit,
1848 663 1890 701 et
1911 654 2171 712 usqueadeo
2186 653 2414 706 desolavit,
2435 653 2653 720 utprioris
2673 651 2760 696 l'or·

1512 747 1593 778 mae
1610 732 1779 776 aedilicii
1803 730 1982 786 vestigia
2007 741 2094 772 non
2114 718 2285 772 micant
2319 726 2519 771 inveniri.
2549 725 2762 770 Assertmt
2806 752 2809 754 -

1514 805 1636 850 multi
1660 804 1774 862 quod
1795 801 1945 847 urbem
1967 812 2149 854 vacuam
2170 799 2399 850 invenerit,
2422 798 2523 854 quia
2551 798 2668 842 cives
2685 808 2763 855 per
2805 815 2811 818 ·

1513 890 1650 928 mare,
1680 875 1798 933 quod
1819 882 1887 920 est
1907 875 1973 918 eis
1989 873 2258 928 contiguum,
2284 871 2492 928 reliquias
2511 876 2762 915 sanctorum
2802 894 2803 899 =

1513 952 1558 995 in
1583 950 1802 1000 venetias,
1827 960 1926 991 cunt
1951 947 2070 991 omni
2093 945 2378 1001 supellectile,
2401 943 2576 999 navigio
2596 943 2764 988 detule-

1513 1029 1631 1067 runt.
1659 1022 1805 1077 ibique
1821 1019 2026 1076 deinceps
2057 1024 2263 1075 perpetuo
2284 1017 2530 1078 habitantes
2545 1049 2556 1067 ‚
2576 1015 2731 1060 Veneti
2747 1045 2761 1068 ,

1514 1096 1639 1152 quasi
1658 1095 1832 1139 advenae
1855 1100 1955 1153 sunt
1978 1091 2204 1136 nominati.
2226 1088 2348 1134 Unde
2371 1091 2482 1134 inter
2502 1087 2762 1142 Gradenses.

1514 1169 1589 1223 qui
1613 1167 1781 1224 priores
1804 1165 1941 1221 ipsius
1965 1163 2051 1208 loci
2072 1162 2354 1212 habitatores,
2375 1170 2418 1206 et
2442 1161 2763 1219 Aquileienses,

1516 1241 1570 1284 de
1593 1239 1891 1295 patriarchatu
1914 1249 2051 1302 usque
2071 1236 2200 1280 hodie
2223 1235 2519 1280 controversia
2548 1241 2762 1282 versatur.

1573 1314 1800 1362 Exercitus
1822 1311 1966 1355 Attilae
1983 1310 2043 1354 ibi
2063 1315 2212 1354 tantus
2226 1309 2330 1363 suit,
2352 1307 2468 1366 quod
2491 1310 2582 1354 suis
2603 1308 2766 1366 clypeis

1518 1397 1716 1441 aggerem
1746 1385 1797 1426 ad
1817 1382 2145 1427 similitudinem
2172 1343 2350 1424 rotundi
2375 1380 2551 1432 montIs,
2576 1380 2634 1425 ob
2656 1376 2768 1424 sutu-
2788 1397 2792 1401 ·

1516 1470 1607 1501 ram
1629 1454 2049 1508 memoriamAttilae,
2073 1453 2376 1510 comportavit.
2394 1452 2476 1496 Alii
2501 1466 2602 1498 vero
2619 1454 2770 1498 dieunt

1517 1518 1618 1574 eum
1653 1541 1733 1585 per
1767 1540 1972 1572 caesarem
2006 1526 2168 1571 Julium
2195 1526 2329 1572 tuisse
2363 1534 2631 1585 congestum.
2675 1525 2767 1586 Ego

1516 1601 1740 1646 Gott'ridus
1764 1607 1955 1644 montem
1979 1601 2101 1645 illum
2119 1600 2207 1645 vidi
2230 1602 2339 1646 meis
2371 1601 2639 1658 temporibus
2659 1603 2770 1647 bene
2810 1621 2812 1627 2

1516 1671 1729 1718 munitum
1753 1681 1795 1718 et
1813 1674 2116 1718 inhabitatum.

1571 1748 1704 1791 Attila
1727 1748 2002 1805 postmodum
2014 1748 2174 1791 talibus
2195 1747 2334 1790 elatus
2357 1747 2601 1800 eventibus,
2619 1759 2773 1810 omne.

1517 1822 1721 1868 Venetias
1743 1821 2054 1866 circumeundo
2075 1820 2277 1865 vastavit.
2304 1819 2444 1878 Atque
2482 1821 2527 1864 in
2544 1819 2767 1877 Liguriam

1517 1894 1772 1953 procedens,
1794 1893 2081 1938 Mediolanum
2107 1900 2150 1938 et
2183 1892 2360 1949 Papiam
2381 1893 2547 1938 crudeli
2573 1893 2794 1954 animad-⁴

1518 1970 1717 2015 versione
1740 1969 2028 2025 depopulatus
2058 1973 2141 2014 est.
2179 1969 2313 2010 Attila
2351 1965 2404 2011 de
2427 1966 2603 2025 Liguria
2634 1963 2775 2016 tendit

1518 2045 1727 2092 Romam.
1752 2044 1823 2087 eui
1842 2034 1929 2087 Leo
1953 2055 2064 2100 papa
2086 2043 2213 2098 longe
2239 2043 2459 2095 occurrit;
2486 2047 2560 2093 et,
2586 2054 2641 2086 ne
2665 2038 2785 2102 urb}
2819 2073 2824 2081 .

1518 2125 1688 2168 noceat,
1715 2118 1915 2174 precibus
1935 2117 2196 2173 impetravit.
2218 2114 2327 2179 Illud
2350 2116 2482 2160 etiam
2514 2115 2694 2160 Attilam
2714 2113 2775 2159 1111·
2823 2113 2829 2131 ³

1519 2191 1650 2236 Urbis
1672 2204 1852 2236 accessu
1881 2191 2069 2236 maxime
2100 2189 2338 2236 refrenavit
2357 2222 2368 2242 ,
2403 2190 2521 2248 quod
2544 2189 2771 2244 Alaricus,
2791 2231 2794 2234 i
2826 2199 2839 2230 fi

1518 2263 1640 2321 prior
1660 2276 1737 2307 rex
1761 2261 2018 2313 Gothorum,
2045 2268 2274 2319 postquam
2292 2261 2473 2313 Romam
2499 2260 2781 2319 exspoliavit.¹

1520 2338 1747 2381 subitanea
1761 2344 1899 2382 morte
1916 2335 2117 2380 decessit.
2138 2335 2214 2381 llis
2234 2337 2380 2392 itaque
2399 2336 2453 2381 de
2472 2337 2618 2382 causis
2641 2334 2774 2391 Attus
2812 2354 2816 2361 ’

1523 2410 1691 2457 [renum
1717 2415 1832 2453 retro
1856 2410 2087 2460 convertit,
2104 2408 2216 2453 etad
2238 2409 2413 2465 propria
2437 2409 2660 2454 remeavit.
2791 2398 2814 2466 ⁷,
2839 2462 2842 2470 Ι

1577 2483 1744 2526 Interea
1784 2481 2116 2525 Valentinianus
2132 2513 2144 2532 ,
2188 2482 2392 2540 vit-tutem
2433 2481 2548 2526 Eutii
2585 2478 2776 2539 praetecti
2838 2502 2841 2521 τ

1520 2556 1767 2605 aemulatus,
1791 2567 1889 2598 eum
1918 2567 2016 2616 cum
2040 2554 2192 2599 Boetio
2211 2561 2414 2600 senatore
2430 2587 2442 2605 ,
2468 2557 2671 2612 pra-,cepit
2700 2568 2776 2601 oo-
2805 2594 2811 2599 .

1522 2628 1625 2673 cidi.
1649 2627 1890 2685 Eapropter
1911 2629 2070 2686 etipse
2109 2628 2239 2685 paulo
2266 2634 2364 2686 post
2397 2628 2452 2672 ab
2486 2615 2676 2674 inimicis
2709 2635 2792 2679 est,

1522 2702 1777 2749 interfectus
1795 2735 1806 2753 ,
1847 2715 1961 2746 anno
1995 2701 2165 2759 imperii
2189 2703 2256 2747 sui
2280 2701 2517 2757 tricesimo.
2539 2700 2634 2758 Quo
2655 2700 2788 2767 111111“·ς’Ι
2818 2684 2842 2722 ‘²

1521 2781 1597 2819 tuo
1614 2807 1624 2822 .
1651 2774 1864 2820 Maximus
1886 2775 2064 2819 uxorem
2094 2770 2195 2830 eius
2218 2773 2456 2818 Eudoxiarn
2488 2773 2570 2818 sibi
2601 2771 2793 2835 copula·¹
2837 2762 2843 2820 i
2866 2831 2867 2834 Ἴ

1524 2851 1600 2901 vit,
1619 2853 1662 2893 et
1680 2848 1907 2905 imperium
1926 2848 2168 2909 usurpavit.
2194 2847 2359 2895 Deinde
2376 2847 2618 2894 Gisericum
2633 2838 2792 2908 regem
2815 2858 2866 2931 ρι’
2867 2843 2869 2851 “

1523 2919 1816 2975 Vandalorum
1837 2919 1887 2964 ad
1914 2919 2071 2965 Urbem
2089 2928 2228 2965 vocat.
2253 2919 2458 2973 Romani,
2482 2918 2834 2982 vandalorum

1523 2993 1710 3038 adventu
1735 2992 1981 3052 perterriti,
2007 2993 2282 3040 ulciscuntur
2303 2996 2346 3037 in
2372 2990 2633 3044 Maxumum,
2654 3003 2779 3042 eum·
2804 3047 2806 3050 Ι

1523 3078 1608 3122 que
1636 3070 1844 3110 necantes
1869 3065 1913 3108 in
1938 3064 2229 3115 minutissima
2252 3063 2390 3110 frusta
2423 3063 2644 3108 decidunt.
2683 3057 2839 3120 Ipsi*

1525 3145 1669 3182 autem
1704 3142 1821 3181 metu
1857 3134 2150 3181 Vandalorum
2175 3137 2416 3193 fugientes,
2446 3133 2608 3180 Urbem
2646 3131 2779 3180 relin-

1523 3215 1677 3266 quunt.
2750 3243 2798 3279 s

1580 3280 1804 3325 Gisericus
1825 3270 1933 3332 rex,
1956 3279 2115 3325 Urbem
2149 3281 2273 3336 qnasi
2305 3292 2487 3325 vacuam
2521 3277 2781 3351 ingreditur·

1525 3366 1635 3410 papa
1652 3352 1739 3397 Leo
1762 3353 2020 3412 ingredienti
2045 3354 2238 3396 occuttit
2260 3355 2304 3396 in
2330 3358 2480 3409 porta,
2505 3349 2702 3421 eumq'ttu
2721 3357 2766 3395 ‘a

1527 3426 1725 3469 incendio
1751 3425 1907 3477 Urbis,
1945 3431 1988 3469 et
2011 3425 2230 3468 occisione
2252 3425 2410 3468 civium
2435 3425 2652 3470 abstinere
2668 3415 2800 3489 prb·
2845 3426 2846 3429 ’

1525 3504 1662 3540 catur.
1683 3496 1776 3542 Rex
1799 3498 2011 3542 baubat-us
2041 3495 2195 3540 Urbem
2215 3496 2453 3552 ingressus,
2478 3504 2646 3539 omnem
2664 3490 2793 3559 prin·
2840 3533 2841 3546 ,

1528 3571 1626 3614 dam
1655 3570 1826 3627 rapuit,
1863 3570 1896 3612 F
1900 3568 2100 3614 udowm
2134 3582 2233 3613 eum
2280 3569 2450 3615 duabus
2497 3565 2666 3613 filiabus
2698 3559 2795 3617 ab·

1526 3645 1681 3698 duxit3
1706 3650 1840 3715 atque
1857 3657 1934 3711 per
1951 3643 2042 3689 dies
2062 3658 2115 3687 xv
2137 3645 2178 3687 iu
2201 3643 2538 3695 Urbemoratus,
2551 3642 2638 3688 ab
2627 3647 2782 3719 tuoe&
2841 3651 2842 3654 ’
2901 3647 2902 3650 ’

1526 3713 1600 3763 dio
1622 3726 1667 3763 et
1699 3707 1919 3762 occisione
1942 3719 2101 3761 civium
2122 3716 2357 3769 abstinuit,
2383 3715 2498 3760 sicut
2519 3728 2627 3773 papa
2649 3728 2726 3778 rog
2785 3731 2800 3781 :5⁶
2831 3751 2833 3755 Α
2900 3726 2902 3729 ’

1525 3794 1604 3834 vit.
1642 3789 1773 3834 Facta
1811 3798 1879 3834 est
1918 3792 2010 3835 haee
2047 3791 2244 3834 secunda
2277 3790 2331 3833 ah
2368 3788 2540 3833 Alarico
2569 3788 2830 3859 Romana,
2898 3773 2901 3787 ’

1528 3864 1650 3907 urbis
1671 3863 1916 3920 captivitas,
1944 3877 2020 3920 per
2041 3863 2292 3907 violentiam
2315 3862 2634 3915 Vandelorum,
2659 3874 2734 3908 an

1528 3935 1583 3979 ab
1620 3935 1733 3979 Urbe
1753 3934 1930 3994 condita
1971 3936 2096 3980 1214.
2135 3935 2291 3980 Postea
2318 3935 2537 3981 Giserieus
2571 3935 2659 3980 tilio

1529 4010 1833 4053 Transmundo
1874 4010 2005 4053 tiliam
2046 4008 2336 4054 Valentiniani
2369 4009 2577 4065 principis
2605 4009 2649 4076 111
2679 4011 2775 4084 φή

1528 4081 1779 4126 trimonium
1806 4081 1998 4138 copulavi
2005 4087 2036 4125 t.
2099 4081 2103 4087 '
2759 4082 2787 4147 ,μ’
2839 4121 2840 4139 3

1582 4155 1717 4198 Attila
1733 4167 1833 4199 vero
1855 4156 1908 4198 ab
1934 4154 2092 4197 ltalia'
2082 4168 2125 4198 in
2153 4154 2336 4210 patriam
2359 4166 2578 4206 reversus,
2600 4122 2748 4209 nuptia
2842 4166 2844 4170 ⁸
2917 4148 2920 4150 “

1529 4227 1747 4279 celebrat,
1777 4235 1819 4272 et
1843 4227 1994 4271 eadem
2017 4233 2143 4270 noete
2167 4239 2244 4283 per
2279 4226 2440 4270 fluxum
2473 4224 2710 4282 sanguinis
2717 4221 2786 4268 do*
2893 4280 2894 4283 Ἴ

1529 4299 1707 4342 naribus
1730 4299 1970 4343 inebriatus
1988 4298 2196 4354 exspirat.
2226 4297 2311 4344 Iste
2332 4305 2403 4357 est
2438 4298 2596 4349 Attila,
2632 4300 2788 4355 metuo>
2815 4286 2847 4360 '³3
2912 4289 2916 4314 ³

1528 4372 1673 4424 orbis,
1699 4371 1912 4429 flagellum
1934 4371 2036 4424 Dei,
2063 4372 2275 4428 superbus
2298 4371 2498 4423 incessu,
2530 4371 2682 4413 oculos
2707 4362 2772 4433 stt-
2815 4367 2818 4370 ⁴

1528 4444 1668 4508 tiosos
1707 4443 2048 4495 circumferens,
2074 4449 2240 4493 aniator
2271 4443 2399 4494 belli,
2438 4454 2569 4485 mauu
2598 4439 2773 4497 propria·

1529 4503 1816 4572 temperatus,
1837 4515 2020 4573 consilio
2044 4514 2236 4567 validus,
2254 4513 2597 4571 supplicantibus
2620 4519 2771 4558 exora·-
2794 4503 2844 4566 fig?
2892 4551 2894 4554 .

2839 3061 2865 3236 Ι

2840 3190 2862 3329 Ι
