2924 4588
92 117 200 170 {⁴55

713 114 1012 167 fflS'romA
1041 115 1432 177 SCHOLASTICA.
1456 151 1511 160 —-
1540 127 1702 173 LIBER
1730 131 1995 180 DANIELRS.

2519 143 2539 185 1
2551 142 2626 188 166

47 230 50 231 ⁷
89 212 201 258 enim
222 187 456 270 Danielem,
481 215 530 269 ut
545 208 776 256 infamaret
791 223 907 258 eum.
937 211 1025 258 Nos
1052 221 1196 260 autem
1237 215 1323 258 mi·
1346 222 1380 265 Α
1402 220 1596 273 tempore
1630 220 1807 265 duraret
1845 224 2086 277 persecutio
2124 225 2392 272 Antichristi.
2429 229 2481 272 Et
2520 232 2625 275 vidit

89 286 188 331 stim
208 283 489 340 exposuimus
506 271 568 328 de.
598 281 813 328 Antiocho
830 290 874 328 et
897 284 1183 339 Antichristo,
1211 300 1329 343 3335-

57 402 62 405 ,
90 356 187 406 dant
219 359 363 403 tamen
383 354 633 416 specialiter
651 344 707 399 de
738 354 967 414 Antiocho,
986 363 1029 408 et
1049 358 1243 413 quaedam
1273 359 1328 403 (10

33 475 38 478 ,
89 425 368 489 Antichristo,
393 422 566 483 utillud
588 424 641 480 (10
657 424 909 493 Antiocho:
931 442 947 470 ‹
971 428 1023 471 Et
1053 429 1326 476 comedentes

46 556 49 558 ,
83 509 242 555 ‚panem
259 508 358 542 cum
375 509 451 549 eo,
474 513 492 542 ,ι
506 504 556 542 et
575 503 746 550 caetera,
772 491 910 555 usquc
929 501 1060 554 11130,
1075 507 1117 545 et
1152 502 1326 547 venient

91 582 220 626 super
250 582 349 614 eum
372 570 625 623 trieres„et
660 568 862 625 Romani.
889 587 903 614 ι
937 559 1176 619 Antiochus
1210 575 1324 619 enim

88 640 331 698 Epiphanes
357 642 474 686 dedit
501 654 697 687 sororem
736 656 859 687 suam
886 657 1062 690 uxorem
1084 642 1327 704 Epiphanio

84 713 178 768 regi
197 711 370 769 AEgypti
402 714 445 756 in
468 714 630 770 dolum,
655 715 730 772 qui
753 717 943 772 suscepit
976 730 1027 760 ex
1054 731 1102 761 03
1145 718 1254 764 (1305
1272 720 1324 762 fi-

82 786 182 830 11ο5.
204 784 337 830 Tunc
375 786 615 831 Antiochus
666 788 889 855 ingressus
932 796 999 834 est
1040 782 1320 848 AE‚gyptu‘m

82 862 285 914 tanquam
326 858 500 902 visurus
541 870 739 917 sererent
768 866 822 921 et
848 868 1060 928 nepotes,
1091 865 1165 907 sed
1209 863 1325 909 inter

23 922 229 995 ””ἒ.,,ιο[ι3135
253 928 352 984 l'ecit
377 928 515 973 occidi
539 929 676 972 virum
686 919 878 991 sororis,
902 937 944 990 et
965 920 1101 975 voluit
1128 932 1322 978 obtinere

20 994 54 1066 ᾗ,
81 996 331 1060 AEgyptum,
350 1001 434 1046 sed.
451 1000 642 1058 AEgyptii
659 1003 844 1047 viriliter
868 993 1125 1053 resistentes
1148 989 1318 1067 dejece-

73 1081 179 1135 ,ιιιιιι
197 1086 311 1118 eum.
336 1073 438 1134 Post
461 1075 684 1119 biennium
709 1088 910 1123 reversus
934 1075 1117 1143 obsedit
1134 1076 1321 1142 Alexan·

24 1121 233 1198 Ᾰᾲι1ι13ιιι,
280 1151 336 1190 et
365 1157 467 1207 ecce
496 1147 624 1203 legati
669 1133 965 1201 Romanorum
985 1139 1119 1201 missi
1135 1136 1242 1194 sunt
1263 1147 1334 1211 'ad

23 1197 54 1272 ’,ἓξ
77 1217 303 1275 AEgyptios
329 1202 588 1291 liberandos,
618 1220 775 1275 quihus
808 1218 1006 1265 foederati
1026 1211 1166 1267 eraut.
1187 1196 1351 1293 Cum-‘⁷

1407 289 1643 345 principem
1687 290 1914 336 Persarum
1953 296 2168 340 stantem
2159 309 2202 339 ιιι
2224 297 2318 352 ripa
2339 297 2545 350 fluminis,
2582 308 2625 344 et

1405 360 1641 416 principem
1663 360 1906 406 Graecorum
1932 367 2112 411 stantem
2136 367 2179 411 in
2213 370 2360 430 altera,
2402 376 2444 413 et
2486 372 2624 414 virum

1404 431 1601 476 indutum
1620 433 1746 482 lineis
1778 440 1961 495 stantem
2004 439 2048 482 in
2083 441 2223 484 medio
2248 455 2375 498 super
2396 454 2544 499 aquas,
2581 450 2625 488 et

1404 503 1509 546 dixit
1552 492 1619 550 ad
1644 516 1776 552 eum:
1803 524 1818 550 ι
1847 507 2075 567 Usquequo
2119 513 2215 558 linis
2262 516 2413 558 horum
2449 517 2628 560 mirabi—

1402 577 1542 642 lium?
1571 595 1584 620 ι
1619 578 1670 622 Et
1695 581 1866 626 elevans
1889 583 1960 626 ille
1995 591 2219 640 utramque
2254 599 2444 639 manum,
2466 587 2625 642 juravit

1402 638 1478 704 per
1516 648 1737 694 Viv'entem
1777 653 1821 695 in
1860 650 2096 698 aeternum:
2128 671 2141 696 ι
2165 657 2270 708 Quia
2303 658 2345 700 in
2383 664 2549 712 tempus
2581 666 2624 703 et

1402 725 1608 782 tempora,
1654 729 1696 765 et
1739 724 1962 769 dimidium
1987 728 2207 783 temporis.
2241 744 2254 767 ι
2282 726 2332 771 Et
2352 728 2409 770 ait
2443 728 2622 772 Daniel:

1388 807 1419 855 ,ι
1438 792 1630 844 Domine,
1657 794 1756 849 quid
1789 796 1871 839 erit
1909 803 2007 852 post
2035 798 2157 840 haec?
2177 798 2226 840 Et
2261 800 2522 853 respondens
2552 800 2624 844 ille

1391 861 1570 929 ‘iteravit
1608 864 1722 909 idem
1753 872 1938 920 tempus,
1967 867 2040 910 sed
2066 880 2141 922 per
2165 869 2249 910 alia
2271 871 2414 919 verba,
2436 870 2619 912 (110035.

1404 939 1419 974 ι’
1447 932 1553 978 Cum
1579 937 1767 979 ablatum
1805 930 1931 980 fuerit
1969 941 2068 994 juge
2097 941 2372 992 sacrificium,
2409 947 2449 983 et
2483 943 2620 996 posita

1399 1003 1539 1048 suerit
1546 1006 1807 1049 abominatio
1830 1009 1874 1050 in
1898 1008 2221 1059 desolationem,
2258 1026 2271 1049 ι
2299 1010 2379 1052 1(οο
2400 1016 2481 1059 est,
2523 1022 2621 1052 eum

1400 1076 1539 1120 ablato
1562 1077 1678 1119 cultu
1710 1077 1783 1122 Dei
1812 1084 1854 1122 et
1888 1080 2097 1130 desolato,
2123 1080 2412 1124 Antichristus
2458 1081 2621 1124 abonii-

1397 1149 1597 1194 nablliter
1620 1151 1839 1195 exhibebit
1885 1165 1932 1196 se
1970 1153 2251 1205 adorandum,
2279 1167 2292 1192 (
2317 1159 2358 1196 et
2374 1161 2496 1195 erunt
2528 1153 2620 1195 (1105

1399 1223 1515 1266 mille
1539 1224 1710 1267 ducenti
1734 1225 1981 1280 nonaginta,
2000 1240 2016 1267 ι
2035 1225 2077 1269 1(1
2101 1231 2164 1268 est
2183 1231 2269 1268 ties
2294 1226 2392 1267 anni
2409 1231 2450 1268 et
2474 1225 2622 1268 semis.

29 1298 171 1347 ’,5330
175 1270 505 1350 applicuissent,
538 1302 742 1346 egressus
781 1282 848 1336 est
880 1293 944 1338 015
969 1293 1139 1357 obviarn
1167 1295 1265 1339 Anti
1256 1283 1318 1342 io·
1341 1291 1375 1335 B
1396 1295 1548 1340 Postea
1567 1296 1724 1348 intulit,
1745 1297 1847 1352 quil
1871 1299 1950 1340 etit
1969 1303 2066 1352 post
2089 1297 2190 1340 haec.
2204 1295 2616 1352 Respondetdicens:

35 1358 199 1415 fchus,
247 1365 290 1403 et
330 1358 434 1402 dum
473 1366 638 1404 starent
667 1362 710 1404 in
741 1362 898 1416 littore,
932 1366 1039 1408 dixit
1068 1366 1108 1410 ei
1146 1365 1314 1426 Marcus

43 1429 254 1497 Publius
285 1427 461 1488 Lenas:
490 1447 506 1474 ‹
534 1431 721 1478 Senatus
766 1437 1036 1494 populusque
1092 1417 1315 1486 Romanus

27 1504 326 1561 praecipiunt
344 1505 426 1551 111ιί
450 1506 654 1550 recedere
693 1508 747 1550 ab
769 1508 922 1553 amicis
941 1510 1050 1555 suis.
1077 1527 1091 1552 ι
1121 1510 1315 1572 Cumque

18 1591 51 1614 ι
59 1574 144 1623 1110
171 1581 348 1641 311οιοι
389 1577 588 1622 inducias
624 1579 942 1634 respondendi,
985 1581 1158 1628 Marcus
1196 1587 1315 1629 circa

35 1646 190 1694 illum
231 1635 346 1699 fecit
371 1649 601 1693 circulum
613 1650 657 1692 in
689 1650 843 1695 sabulo
869 1663 966 1695 cum
986 1653 1140 1715 virga,
1145 1657 1193 1711 et
1209 1657 1310 1702 ait:

47 1733 92 1770 ι
113 1718 306 1780 Senatus
322 1712 594 1780 populusque
614 1721 837 1767 Romanus
861 1726 1119 1782 praecipiunt
1144 1719 1241 1783 tibi,
1259 1721 1332 1774 ne'

18 1786 330 1863 egrediaris
335 1794 389 1839 (10
419 1795 501 1839 1ιο0
543 1796 727 1848 circulo,
767 1784 905 1849 (10300
943 1800 1220 1866 respondeas.
1247 1803 1312 1847 Ad

35 1878 194 1926 quem
214 1842 481 1935 Antipehus:
503 1883 516 1909 (
551 1866 596 1912 Si
623 1869 658 1912 si
663 1881 686 1912 0
714 1869 863 1914 visum
893 1876 959 1915 est
982 1870 1211 1925 senatuie't'
1231 1886 1313 1930 po-

31 1939 170 1999 pulo
204 1939 414 2006 Romano,
452 1941 747 2008 recedendum
784 1948 867 1987 est.
900 1958 917 1984 ι
950 1935 1003 1987 Et
1037 1944 1225 2006 recessit
1254 1946 1311 1990 ab

18 2011 288 2071 AEgypto.
302 2030 317 2056 ι
346 1988 555 2060 Similiter
582 2022 625 2060 et
646 2016 762 2072 quod
779 2017 975 2073 sequitur
1003 2019 1056 2065 (10
1085 1988 1311 2083 Antiocho

18 2090 232 2153 ῑξᾷιιιηιιιιιι
245 2087 570 2154 intelligendum
591 2092 694 2133 est:
721 2103 736 2130 ‹
763 2088 815 2132 Et
835 2090 917 2133 erit
933 2089 976 2134 13
996 2077 1312 2147 concupiscen-

43 2157 140 2203 tiis
180 2149 452 2202 feniinaruni.
472 2173 486 2199 ι
515 2151 623 2215 Nam
647 2158 944 2204 Antichristus
974 2167 1119 2205 castus
1149 2162 1245 2206 erit·
1253 2164 1310 2207 ob

35 2233 384 2279 simulationem
442 2221 682 2289 religionis.
735 2232 859 2286 Quod
913 2246 1013 2278 vero
1073 2233 1305 2291 sequitur:

53 2320 86 2351 ι
109 2305 269 2354 Deum
260 2319 304 2349 in
329 2305 546 2351 Moazim
535 2319 580 2349 (3
602 2305 701 2350 1000
734 2318 819 2350 suo.
837 2307 1135 2360 venerabitur,
1157 2306 1310 2353 t'utri·

65 2389 148 2435 que
170 2377 384 2434 congruit.
430 2377 613 2421 Moazim
657 2378 771 2422 enim
811 2379 1062 2434 praesidium
1098 2386 1239 2432 sonat,
1263 2385 1307 2425 et

32 2452 301 2516 gAntiocbus
326 2454 368 2495 in
391 2451 629 2498 Jerusalem
653 2451 902 2509 praesidium
926 2455 1089 2510 posuit.
1130 2459 1173 2497 et
1211 2454 1307 2498 ido·

66 2527 157 2571 lum
190 2525 326 2580 Iovis,
368 2526 663 2571 Antichristus
706 2539 808 2572 vero
841 2527 1062 2572 diabolum
1086 2527 1237 2580 Deum,
1262 2534 1306 2572 et

70 2601 294 2658 praesidem
345 2612 474 2645 suum
506 2602 815 2661 venerabitur.
859 2601 996 2646 Porro
1039 2601 1306 2648 Antichristo

39 2698 48 2702 ·-
65 2677 230 2717 tantum
249 2671 450 2735 congruit
466 2673 511 2716 id
533 2673 649 2730 quod
676 2674 876 2730 sequitur
900 2687 912 2716 :
942 2690 957 2715 ‹
977 2673 1030 2718 Et
1048 2675 1146 2731 liget
1166 2675 1307 2719 taber-

34 2737 264 2790 snacultnn
290 2758 417 2807 suurn
457 2746 637 2802 Apadno
663 2747 774 2791 inter
798 2746 949 2790 maria.
974 2762 988 2788 ι
1025 2743 1204 2803 Apadno
1234 2749 1305 2792 in·

69 2823 288 2875 teipretw
294 2832 329 2869 ιι·
349 2819 500 2863 sotium
523 2833 663 2863 suum.
699 2817 752 2863 Et
775 2824 842 2864 est
874 2832 1058 2865 sensus:
1096 2817 1216 2877 Figet
1238 2826 1304 2863 ta-

61 2890 341 2959 1013303133(
366 2893 463 2937 50111
482 2893 550 2936 sui
577 2893 620 2936 in
638 2891 896 2947 Jerusalem,
927 2904 1024 2949 quae
1043 2893 1125 2936 sita
1146 2898 1215 2955 est
1237 2893 1304 2937 in-

63 2970 127 3024 ter
148 2953 267 3010 maie
285 2962 516 3025 Mortuum,
537 2971 578 3009 et
593 2960 886 3022 Tyrrhenum.
910 2963 962 3007 Et
989 2979 1004 3006 ι
1027 2975 1158 3020 super
1182 2972 1304 3007 mon-

24 3041 147 3089 tem
171 3037 378 3094 inclytum
395 3043 438 3082 et
463 3045 681 3090 sanctum,
712 3052 728 3080 ι
749 3038 794 3082 id
811 3045 877 3082 est
903 3037 948 3081 in
971 3043 1117 3082 monte
1134 3035 1300 3089 Dii-reti,

51 3115 281 3175 (10130301
302 3110 628 3154 tabernaculum
661 3123 805 3162 suum,
830 3118 874 3155 et
899 3109 1042 3155 veniet
1080 3121 1216 3166 usque
1249 3109 1304 3153 ad

29 3171 351 3243 ,summitatem
369 3184 479 3240 ejus,
511 3200 528 3227 ι
556 3183 600 3238 id
623 3191 690 3229 est
718 3183 773 3228 ad
795 3184 940 3228 locum
965 3184 1078 3228 unde
1094 3176 1303 3227 Dominus

23 3247 270 3325 ,35003ᾶ11,,
300 3271 315 3298 (
335 3263 376 3301 et
400 3270 528 3302 nemo
550 3248 832 3302 auxiliabitur
853 3258 909 3312 01,
941 3272 956 3300 ι
984 3254 1085 3313 quia
1098 3241 1305 3301 audietur

0 3355 5 3372 l*
26 3341 143 3376 (οι
161 3343 205 3374 m
228 3315 326 3375 aere
343 3317 526 3376 dicens:
550 3330 743 3383 Morere,
765 3336 808 3375 et
828 3331 973 3374 statim
990 3329 1299 3373 fulminabitur.

1400 1382 1414 1407 ι
1444 1367 1614 1418 Beatus,
1645 1368 1717 1423 qui
1740 1375 1976 1423 exspectnt,
2017 1375 2057 1411 et
2096 1369 2363 1424 pervenitad
2393 1367 2483 1410 dies
2506 1367 2621 1409 mille

1394 1444 1609 1484 trecentos
1624 1442 1798 1496 triginta
1810 1441 2042 1496 quinque.»
2067 1440 2112 1483 Si
2134 1441 2284 1483 diebus
2306 1440 2419 1481 mille
2448 1438 2620 1482 ducenti

1395 1511 1626 1566 nonaginta
1645 1510 1853 1554 addantur
1874 1511 1967 1554 (1105
1993 1510 2274 1566 quadraginta
2297 1511 2499 1564 quinque,
2517 1508 2621 1551 stent

1394 1580 1486 1625 dies
1504 1582 1619 1626 mille
1643 1583 2023 1645 trecentitriginta
2047 1583 2249 1638 quinque.
2290 1581 2471 1637 ltalpost
2504 1592 2618 1622 rnor-

1392 1659 1479 1697 tem
1506 1654 1763 1698 Antieh‘risti
1786 1656 2005 1698 dabuntur
2038 1654 2168 1710 lapsis
2193 1653 2473 1710 quadraginta
2493 1652 2620 1708 quin-

1393 1737 1477 1780 que
1503 1725 1597 1769 dies
1631 1727 1682 1769 ad
1707 1721 2020 1782 poenitentiam.
2063 1726 2114 1768 Et
2143 1733 2209 1770 est
2248 1737 2401 1769 sensus
2425 1740 2437 1767 5
2463 1725 2618 1766 Beatus

1392 1797 1491 1850 erit,
1513 1799 1585 1853 qui
1609 1805 1706 1854 post
1735 1799 1829 1843 dies
1865 1799 2178 1855 persecutionis
2203 1796 2415 1853 perveniet
2437 1795 2487 1837 ad
2526 1794 2615 1836 (1105

1391 1871 1691 1927 superadditos
1714 1873 1991 1929 poenitentiae.
2011 1871 2073 1914 Tu
2094 1878 2250 1920 autem,
2269 1869 2428 1919 Daniel,
2445 1868 2613 1910 interim

1390 1946 1519 1990 vades
1539 1947 1591 1990 ad
1615 1947 1872 2002 praefinitum
1896 1956 2061 2002 teinpus
2079 1947 2174 1989 vitae
2199 1950 2295 1993 tuae,
2320 1951 2359 1988 et
2377 1943 2616 1998 requiesces

1389 2022 1431 2060 et
1455 2018 1497 2060 in
1523 2018 1604 2062 line
1627 2019 1791 2062 dierum
1815 2019 1950 2063 stabis
1976 2020 2150 2062 inserte
2172 2024 2259 2067 tua,
2276 2017 2318 2059 id
2337 2022 2400 2060 est
2418 2027 2620 2070 resurges

1388 2089 1433 2132 13
1457 2090 1606 2134 ordine
1629 2096 1717 2135 tuo.
2187 2115 2190 2118 ⁴

1721 2157 1824 2207 Car.
1845 2161 1953 2210 xm,
1990 2161 2049 2205 De
2073 2161 2284 2218 Susanna.

1445 2226 1651 2294 Sequitur
1669 2236 1849 2280 historia
1885 2235 2112 2287 Susannae,
2134 2248 2261 2291 quam
2301 2234 2505 2278 Hebraeus
2530 2246 2614 2277 non

1388 2312 1518 2357 habet
1535 2312 1580 2354 in
1602 2311 1713 2354 libro
1734 2309 1938 2354 Danielis.
1962 2309 2014 2353 Et
2033 2315 2158 2354 vocat
2177 2321 2268 2355 eam
2294 2309 2499 2358 fabulam,
2526 2320 2614 2351 non

1387 2383 1508 2440 quod
1529 2382 1745 2426 inficietur
1768 2394 1857 2425 rem
1873 2387 2054 2438 gestam,
2074 2381 2149 2424 sed
2180 2380 2292 2435 quod
2317 2380 2359 2422 in
2386 2391 2435 2423 ea
2458 2379 2611 2423 salsum

1385 2457 1542 2513 legitur
1574 2455 1628 2500 de
1669 2455 1965 2500 sacerdotibus
2008 2452 2224 2509 lapidatis,
2258 2465 2366 2507 quos
2401 2451 2610 2496 Jeremias

1385 2530 1568 2573 adustos
1594 2534 1793 2572 testatur.
1811 2526 1864 2570 Et
1886 2526 1991 2582 quia
2027 2525 2266 2568 fabulamur
2289 2537 2382 2569 eam
2405 2525 2610 2579 scriptam

1385 2611 1412 2643 a
1446 2599 1641 2651 Daniele,
1686 2610 1784 2642 cum
1811 2596 2046 2654 aquodam
2089 2595 2237 2639 Graeco
2260 2595 2418 2649 scripta
2457 2594 2607 2636 suerit:

1384 2673 1498 2731 quod
1517 2673 1723 2729 probatur
1738 2684 1791 2714 ex
1811 2683 1862 2714 eo
1877 2669 1991 2725 quod
2011 2669 2202 2724 quaedam
2222 2667 2373 2710 allusio
2386 2678 2457 2709 (οι
2461 2667 2608 2709 borum

1384 2748 1495 2793 sacta
1521 2748 1579 2792 sit
1611 2745 1671 2789 ibi
1695 2743 1942 2789 nominibus
1967 2742 2194 2791 arborum,
2216 2729 2414 2785 (1(1011001
2433 2743 2606 2794 apotoy,

1384 2833 1432 2878 e)
1438 2821 1511 2874 mi,
1532 2831 1646 2877 cyse,
1668 2823 1838 2874 apotoy,
1858 2816 2004 2873 primi,
2039 2815 2168 2869 prise.
2202 2812 2326 2856 Tales
2365 2811 2476 2855 enim
2500 2811 2608 2853 allu-

1384 2895 1530 2940 siones
1564 2895 1879 2949 verborumnet
1917 2889 2117 2932 arborum
2140 2887 2344 2937 nomina,
2371 2896 2456 2928 non
2488 2884 2607 2926 inve·

1382 2967 1564 3010 313313(-
1582 2965 1627 3008 1ιι
1651 2962 1843 3007 Hebraeo.
1870 2960 1917 3004 ln
1953 2959 2232 3003 translatione
2263 2958 2431 3013 quidem
2459 2962 2609 3000 nostra

1385 3051 1470 3082 una
1492 3052 1545 3082 ex
1583 3037 1647 3081 eis
1668 3033 1954 3079 allusionibus
1994 3033 2303 3086 qualiscunque
2346 3028 2514 3084 legitur,
2560 3033 2607 3070 ut

1383 3123 1481 3155 oum
1503 3110 1682 3154 dixisset
1707 3107 1910 3152 sacerdos
1954 3106 2034 3149 suh
2073 3104 2241 3154 schino,
2266 3102 2499 3156 respondit.
2525 3099 2606 3167 Da-

1381 3183 1469 3227 niel
1491 3182 1680 3232 verbum,
1711 3178 1835 3235 quasi
1860 3176 2053 3219 alludens
2090 3173 2270 3224 nomini,
2293 3170 2445 3214 scindet
2466 3177 2502 3211 te
2521 3182 2607 3211 me·

1382 3253 1513 3297 dium.
1541 3251 1796 3308 Expressius
1824 3249 1957 3299 lieret,
1998 3247 2033 3291 si
2060 3246 2271 3289 diceretur
2291 3235 2365 3294 ita,
2391 3241 2470 3285 sub
2490 3241 2599 3290 ilice,

1382 3335 1425 3373 et
1452 3327 1717 3371 adderetur:
1743 3323 1861 3366 Illico
1885 3321 2060 3377 angelus
2076 3319 2243 3362 Domini
2266 3316 2497 3361 scindette.
2524 3313 2603 3354 Ea-

78 3399 272 3448 Postea
286 3400 566 3458 prosequitur
586 3397 696 3446 visio
714 3402 766 3446 de
797 3398 1057 3445 AntIchristi
1092 3401 1298 3456 tempore,
1325 3412 1360 3454 ῃ
1382 3400 1477 3443 dem
1514 3398 1671 3441 allusio
1693 3402 1833 3452 potest
1875 3394 1966 3437 lieni
1984 3393 2100 3437 verbi
2124 3391 2176 3434 ad
2199 3395 2354 3434 nomeu
2383 3386 2600 3441 temporis.

22 3444 28 3463 ’
35 3440 105 3518 ’(11
134 3475 417 3519 conversione
455 3471 722 3541 ludaeorum,
755 3482 798 3518 et
827 3474 1144 3518 resurrectione
1181 3483 1299 3515 mora

0 3550 1 3555 ’
27 3546 248 3599 tuorum,
275 3548 462 3592 dicens:
488 3562 503 3588 ι
527 3546 580 3612 Et
613 3539 756 3592 (03101
779 3552 948 3602 tempus
968 3548 1095 3603 quale
1113 3554 1198 3590 non
1220 3545 1298 3588 suit

0 3654 1 3659 ,
33 3605 113 3666 spent
135 3634 257 3678 quo„
236 3627 383 3666 ventes
405 3607 630 3702 coeperunt
653 3633 763 3665 esse.
789 3620 856 3663 Et·
864 3622 997 3664 stabit
1020 3619 1195 3662 Michael
1220 3630 1298 3673 pro

0 3724 2 3730 ·
61 3694 160 3749 liliis
202 3696 348 3752 populi
382 3693 459 3761 tui,
505 3699 548 3738 et
569 3675 820 3739 salvabitur
853 3687 905 3738 ex
929 3694 993 3738 015
1030 3692 1186 3742 omnis,
1223 3690 1298 3746 qui

33 3745 249 3832 {scriptus
271 3768 353 3811 erit
389 3780 434 3811 (3
453 3766 577 3810 libro
611 3764 704 3811 Dei.
739 3765 792 3829 Et
815 3765 1047 3810 multitudo
1089 3763 1295 3813 omnium,

34 3875 35 3878 ,
60 3839 132 3897 qui
157 3839 376 3899 dormiunt
399 3841 444 3884 in
468 3837 647 3908 pulvere
673 3826 806 3887 terrae
830 3838 1114 3894 0(131131ι331,
1159 3836 1264 3879 3111
1254 3849 1297 3878 ιι(
1317 3888 1325 3891 ,

0 3947 1 3950 ,
58 3912 191 3957 vitam
211 3918 438 3965 aeternam,
459 3893 598 3978 311113
612 3891 908 3979 opprobrium,
933 3915 981 3953 ut
1001 3909 1172 3952 videant
1192 3901 1301 3951 503(-

0 4011 1 4014 =
30 4041 32 4043 ,
57 3993 138 4041 per
164 3982 294 4042 (Dan.
317 3985 415 4039 ιιι).
444 3998 458 4025 ι
485 3966 599 4029 Nori
625 3972 812 4039 quidem
824 3976 978 4032 bono's',
998 3980 1100 4035 quia
1126 3979 1300 4022 tolletur

42 4053 235 4112 impius,
261 4067 316 4100 ne
342 4056 488 4102 videat
510 4055 691 4126 gloriam
729 4052 806 4098 Dei
841 4052 949 4108 (ha.
989 4050 1124 4106 xxvi),
1152 4049 1226 4093 sed
1252 4055 1299 4091 ut

58 4125 518 4183 videantopprobrium
541 4128 668 4171 suum
681 4122 868 4181 semper.
897 4136 912 4165 (
934 4123 998 4167 Τ3
1025 4129 1188 4173 autem,
1218 4121 1299 4163 Da-

0 4256 1 4259 ,
61 4198 163 4251 niel,
187 4199 307 4256 signa
328 4199 531 4252 librum,»
559 4199 601 4244 id
624 4204 691 4244 est
713 4198 855 4243 scribe
876 4196 1097 4254 mysteria,
1113 4195 1186 4239 sed
1211 4205 1299 4236 non

26 4327 28 4329 ,
62 4281 243 4326 expone.
269 4285 285 4313 ι
306 4272 638 4317 Pertransibunt
662 4271 854 4329 plurimi,
886 4275 931 4313 et
967 4267 1193 4323 multiplex
1216 4264 1298 4308 erit

0 4350 1 4353 ’
64 4343 260 4389 seientia.
285 4360 299 4386 ι
325 4345 457 4397 Quasi
486 4345 649 4389 diceret
675 4359 686 4388 z
719 4343 930 4398 Relinque
946 4340 1133 4398 posteris
1164 4343 1298 4380 mate-

64 4414 173 4461 riam
195 4418 402 4464 exercitii.
431 4418 484 4463 Et
507 4418 781 4474 desiderabat
819 4415 970 4460 Daniel
994 4414 1106 4460 scire
1137 4417 1297 4468 quanto

1377 3475 1425 3514 ut
1447 3471 1483 3514 51
1503 3469 1752 3512 diceretur:
1779 3465 1953 3514 Factum
1970 3470 2041 3508 est
2085 3464 2164 3506 hoc
2187 3461 2293 3505 seria
2319 3459 2531 3508 secunda,
2550 3465 2590 3500 ct

1376 3542 1727 3598 responderetur.
1756 3538 1893 3581 Feriat
1913 3543 1956 3580 te
1977 3536 2105 3579 Deus.
2135 3534 2249 3577 Hanc
2267 3532 2455 3576 eamdem
2469 3530 2602 3573 histo-

1377 3615 1482 3657 riam
1501 3618 1624 3657 vocat
1645 3611 1848 3666 Origenes
1870 3608 2058 3651 fabulam
2080 3608 2122 3650 13
2146 3605 2311 3648 decimo
2329 3604 2598 3652 stromatum,

1377 3685 1421 3728 id
1446 3691 1512 3729 est
1550 3684 1893 3732 Instructionum,
1920 3680 2028 3722 sorte
2065 3676 2297 3721 secundum
2326 3675 2596 3718 editionem.

1378 3772 1504 3815 quam
1529 3758 1610 3801 sub
1639 3757 1762 3800 obelo
1788 3758 1802 3773 ¹
1828 3759 1871 3798 et
1890 3753 2099 3797 asterisco
2125 3750 2380 3804 composuit,
2398 3755 2599 3790 stromata

1377 3832 1559 3882 vocavit,
1592 3829 1692 3886 quia
1711 3840 1785 3883 per
1807 3837 1900 3870 eam
1916 3826 2086 3880 plenius
2115 3835 2194 3865 nos
2218 3820 2433 3863 instruxit.
2468 3818 2602 3871 Appa-

1377 3911 1441 3949 ret
1454 3911 1593 3946 autem
1615 3903 1695 3944 hoc
1713 3899 1869 3942 sactum
1885 3909 1980 3941 esse
2003 3896 2142 3939 adhuc
2159 3893 2319 3937 recenti
2337 3892 2596 3944 captivitate.

1377 3976 1476 4031 quia
1506 3974 1653 4016 Daniel
1677 3972 1816 4015 adhuc
1846 3970 2015 4024 iuvenis
2054 3971 2161 4010 erat.-
2207 3964 2340 4008 Porro
2380 3961 2595 4010 Susanna,

1376 4038 1704 4096 uxorJoachim,
1717 4043 1891 4100 pulchra
1905 4047 1996 4086 erat
2008 4039 2136 4084 nimis
2151 4035 2393 4095 (Danant).
2408 4034 2459 4078 Et
2476 4046 2599 4077 exar-

1377 4126 1526 4166 serunt
1552 4119 1596 4161 13
1618 4128 1711 4161 eam
1729 4116 1813 4159 duo
1831 4114 2020 4158 seniores
2048 4111 2214 4165 judices
2246 4109 2359 4151 illius
2382 4106 2515 4158 3331,
2542 4107 2594 4147 (10

1375 4192 1532 4248 quibus
1569 4189 1672 4232 dicit
1717 4186 1952 4229 Dominus:
1983 4199 1997 4224 ι
2026 4182 2232 4237 iniquitas
2267 4189 2438 4234 egressa
2461 4175 2594 4220 estin

1375 4256 1637 4318 Babylonica
1654 4258 1893 4303 senioribus
1913 4255 2185 4310 judicibus.»
2207 4250 2397 4294 Tradunt
2430 4247 2593 4291 llelsraei

1376 4335 1476 4392 quia
1493 4331 1728 4376 mulieres·
1719 4344 1763 4373 ιιι
1785 4330 1866 4378 hoc
1893 4327 2243 4382 decipiebantur,
2271 4322 2370 4378 quia
2395 4321 2594 4363 dicebaut

1378 4419 1423 4453 se
1447 4418 1541 4451 esse
1562 4403 1619 4496 de
1638 4403 1768 4462 stiipe
1803 4399 1960 4452 David,
2009 4403 2050 4443 et
2084 4395 2299 4444 Christum
2339 4394 2390 4441 (10
2430 4390 2594 4438 semine
