2924 4588
201 157 310 204 tots
372 164 374 167 ’
403 199 407 205 ,
535 177 564 213 0
1194 151 1358 196 rma!
1388 149 1740 209 cottEs'ronts

193 252 448 306 quandoque
470 260 493 292 a
518 259 715 301 numero,
746 255 799 294 ιι
830 246 1136 302 apprehendent
1163 252 1316 300 neptem
1341 243 1536 287 mulieres
1559 244 1884 296 virunnannm,
1906 249 1990 287 ete.
2016 242 2126 298 (lm.
2163 246 2243 302 tv),
2265 244 2309 290 id
2341 251 2410 290 est
2439 254 2599 302 septem
2634 249 2747 291 duna

191 324 423 375 gratiarnm
451 321 635 378 spiritus
661 320 817 364 sancti.
843 318 1114 374 Quandoque
1147 331 1173 362 a
1195 319 1308 371 loco,
1342 324 1387 361 ut
1413 330 1490 374 per
1514 323 1702 360 montem
1729 315 1771 357 in
1798 327 1886 369 quo
1909 315 2095 360 docebat
2115 315 2317 362 Christus
2350 318 2584 363 eminentia
2607 319 2748 363 virtu·

191 398 282 435 tum
306 392 476 445 (Manli.
507 392 549 447 v)
564 391 868 447 §quandoque
892 403 916 434 a
933 397 1144 446 tempore.
1167 397 1214 434 ut
1234 403 1315 434 non
1341 391 1397 433 sit
1420 390 1522 445 [aga
1545 397 1684 432 vestra
1703 387 1835 431 bieme
1869 386 1933 430 vc!
1954 385 2339 445 ὃαὺὸαιοᾙῖαιιὴ.
2363 389 2503 447 xxiv),
2527 391 2570 434 id
2604 397 2671 436 εει
2703 392 2747 434 in

194 463 520 519 refrigeratione
543 465 767 508 charitatis
787 478 798 514 ;
824 463 1083 519 quandoque
1106 474 1128 504 a
1153 462 1284 514 facto,
1317 469 1362 503 ut
1386 459 1629 504 interfectio
1653 459 1788 505 Goiiae
1812 473 1835 504 a
1858 458 1993 503 David
2016 457 2060 516 (1
2078 457 2180 515 Περ.
2205 460 2331 515 xvii),
2356 458 2399 503 id
2415 466 2483 503 est
2505 459 2753 505 interiectio.

189 537 348 581 diaboli
384 550 406 580 a
442 535 631 581 Christo.
673 536 932 594 Tropologia
970 541 1037 580 est
1083 547 1232 579 sermo
1271 535 1571 584 conversivus,
1620 533 1839 588 pertinens
1875 531 1930 576 ad
1975 543 2121 576 mores
2154 531 2316 587 animi;
2355 538 2398 578 et
2437 533 2575 588 magis
2605 541 2750 578 movet

190 622 318 664 quain
355 611 577 673 allegoria,
615 621 714 666 quaa
750 609 934 666 pertinet
970 607 1025 652 ad
1065 606 1302 651 Ecclesiam
1347 605 1620 658 militantem,
1666 615 1859 661 anagoge
1901 602 1954 647 ad
2014 601 2353 660 triumphantem
2393 611 2437 649 et
2478 606 2534 649 ad.
2572 603 2744 651 Domini
2783 607 2807 615 ”

192 681 442 727 trinitatem.

247 755 261 770 .
279 751 450 796 ,additio
478 752 518 798 i.
554 752 788 810 Epliimera
815 759 883 798 est
911 750 1060 805 febris,
1078 762 1175 808 quae
1191 752 1319 795 durat
1342 755 1508 793 tantum
1531 760 1609 805 per
1630 749 1762 802 diem,
1791 761 1816 793 a
1839 759 1987 794 verme
2023 748 2156 803 dicta,
2188 736 2271 808 vqui
2291 749 2441 795 eodem
2471 750 2541 796 die
2563 753 2752 799 moritur

189 838 276 882 quo
303 826 524 878 nascitur;
555 827 744 871 historia
763 827 950 878 annalia,
975 830 1041 870 est
1067 824 1228 868 iactum
1251 822 1366 879 quod
1389 835 1466 879 per
1486 835 1646 866 annum
1669 821 1828 866 sactum
1847 829 1942 877 est;
1963 819 2233 877 kalendaria,
2257 822 2439 868 historia
2467 837 2565 881 quae
2594 825 2637 869 in
2663 834 2752 869 uuo
2805 880 2811 897 ἶ

190 914 338 945 mense
361 901 471 946 iacta
510 909 591 956 est,
627 903 669 946 id
693 909 759 946 est
793 900 954 945 sactum
981 899 1155 956 aliquod
1181 898 1364 954 insigne,
1393 896 1510 954 quod
1538 898 1582 941 in
1605 908 1692 940 uno
1716 908 1866 939 mense
1888 894 2050 939 sactum
2072 899 2154 942 esti
2198 895 2427 954 Ephimera
2449 904 2516 942 est
2547 898 2663 954 quod
2682 911 2752 942 re·

190 982 315 1029 pente
333 974 491 1019 sactum
527 984 608 1029 est,
636 976 678 1019 id
704 982 768 1020 est
795 976 836 1018 in
865 986 951 1022 uno
975 974 1061 1027 die,
1080 973 1146 1018 vel
1170 973 1212 1016 in
1237 979 1357 1029 parte
1382 970 1545 1016 mensis
1571 986 1582 1015 t
1610 970 1694 1015 hac
1715 970 2000 1016 similitudine
2034 971 2255 1028 ephimera
2290 981 2354 1018 est
2378 975 2528 1029 piscis,
2555 975 2629 1031 qui
2655 985 2752 1018 mo-

191 1047 299 1092 ritur
319 1047 468 1091 eodem
490 1049 557 1092 die
580 1060 667 1105 quo
693 1050 904 1092 nascitur.

249 1123 280 1139 ‘⁶
302 1121 474 1165 Additio
493 1121 536 1166 2.
562 1121 597 1165 A
622 1121 903 1165 fundamento
929 1131 1151 1164 sumemus
1170 1117 1430 1174 principium
1455 1117 1675 1173 loquendi,
1701 1116 1790 1161 imo
1814 1116 1868 1161 ab
1904 1117 2040 1174 ipsius
2066 1117 2336 1162 fundamenti
2362 1117 2665 1176 principio,'eo
2679 1121 2754 1179 ju-

2637 157 2801 205 {0562-

189 1203 317 1240 vante
336 1197 407 1253 qui
432 1197 624 1240 omnium
647 1198 846 1252 princeps
870 1202 937 1239 est
959 1201 1001 1238 et
1023 1194 1301 1249 principium.

845 1443 1299 1526 HISTORIA
1357 1443 1612 1514 LIBRI
1674 1444 2062 1519 GENESIS

1427 1598 1482 1612 p...-

188 1721 288 1766 Cir.
306 1720 336 1767 1.
363 1721 418 1763 De
431 1720 637 1762 creatione
659 1718 839 1774 empyrei
854 1722 1092 1774 etqnamor
1110 1717 1419 1761 elementorum.
1449 1716 1481 1762 Α
1504 1727 1620 1770 aera,
1658 1716 1768 1766 aiios
1805 1719 1850 1764 ln
1894 1719 2050 1777 ignem.
2095 1721 2267 1782 Moyses
2301 1738 2405 1771 vero
2435 1726 2576 1771 solum
2617 1726 2751 1773 Deum

246 1796 296 1839 In
327 1796 530 1851 principio
560 1802 648 1836 erat
681 1792 874 1845 Verbum,
904 1799 942 1836 et
983 1790 1157 1835 Verbum
1191 1799 1280 1835 erat
1308 1791 1429 1848 prin·

189 1876 370 1930 ciprum,
396 1874 438 1916 in
463 1886 564 1928 qno,
588 1879 629 1915 et
657 1884 731 1926 per
748 1870 865 1925 quod
887 1869 1016 1913 Pater
1038 1869 1199 1914 creavit
1220 1869 1426 1911 mundum

190 1948 332 2004 (Joan.
356 1947 403 2003 ι).
432 1946 614 1988 Mundus
634 1951 819 1998 quatuor
845 1943 984 1987 modiS
1007 1943 1168 1987 dicitur
1195 1955 1206 1985 ε
1227 1941 1428 1996 quando-

189 2035 274 2078 que
297 2033 544 2077 empyreum
573 2020 730 2061 coelum
756 2016 944 2060 mundus
971 2013 1130 2060 dicitur
1163 2020 1337 2070 popter
1361 2011 1428 2056 sui

189 2095 476 2145 niumlitiani;
509 2091 767 2147 quaudoque
798 2087 1017 2133 sensibilis
1051 2086 1255 2138 mundus,
1291 2084 1364 2140 qui
1402 2091 1452 2178 a(

187 2167 347 2213 Graecis
369 2181 469 2223 pan,
504 2179 528 2209 a
559 2164 721 2207 Latinis
756 2176 875 2207 omine
897 2163 1038 2207 dictus
1061 2167 1125 2206 est
1140 2159 1258 2217 quia,
1285 2158 1446 2216 pinio-k

189 2241 349 2295 sophus
367 2250 613 2294 empyreum
633 2250 717 2280 non
739 2236 960 2291 cognovit3
981 2234 1237 2290 quandoque
1251 2233 1341 2276 sola
1361 2244 1430 2275 re·
1457 2227 1460 2231 ’

191 2314 260 2370 gio
284 2310 547 2362 sublunaris,
568 2309 670 2366 quia
697 2309 787 2352 haze
807 2307 898 2351 sula
915 2305 1157 2350 animantia
1186 2303 1310 2347 nobis
1328 2308 1430 2347 nota

192 2387 322 2430 habet
339 2386 391 2429 de
412 2397 495 2440 qua
520 2398 531 2427 ε
558 2383 757 2437 Princeps
786 2382 911 2437 hujus
935 2381 1079 2423 nmndi
1101 2378 1291 2434 ejicietur
1313 2379 1429 2434 foras

190 2459 335 2520 (loun.
357 2459 434 2515 κῃ)
452 2472 462 2512 ;
483 2457 743 2514 quandoque
764 2455 894 2500 homo
919 2453 1107 2498 mundus
1127 2453 1302 2505 dicitur,
1326 2452 1428 2508 quia

189 2533 232 2581 ἰιι
259 2545 305 2576 se
330 2531 459 2575 totius
483 2529 631 2572 mundi
663 2528 894 2584 imaginem
927 2531 1223 2582 repraesentat.
1263 2522 1385 2568 Unde
1405 2535 1430 2567 a

190 2606 373 2657 Domino
398 2606 529 2649 bomo
549 2605 693 2649 omnis
718 2611 915 2647 creatura
932 2602 1075 2647 dietus
1094 2608 1176 2654 est,
1196 2605 1238 2644 ct
1255 2600 1430 2644 Graecus

190 2680 407 2725 imminem
447 2680 800 2729 microcosmum,
839 2676 882 2720 id
906 2682 971 2719 est
1008 2674 1430 2720 neinoretnmunn’um

191 2758 331 2794 vocat.
352 2750 607 2808 Erupyreuin
635 2758 777 2794 autem
803 2757 845 2794 et
867 2748 1114 2793 sensibilem
1141 2748 1370 2798 mundum,
1388 2753 1431 2790 et

190 2823 466 2872 sublunarem
491 2823 707 2881 regionem
727 2822 889 2867 creavit
915 2821 1045 2872 Dens,
1081 2820 1123 2865 id
1140 2827 1206 2866 εει
1223 2820 1277 2866 de
1294 2820 1431 2865 nihilo

191 2897 319 2951 secit;
346 2896 564 2941 hominem
587 2909 687 2941 vero
719 2888 900 2949 creavit,
936 2895 979 2939 id
997 2901 1060 2940 est
1087 2893 1333 2950 plasmavit.
1372 2893 1432 2939 De

191 2972 411 3014 creatione
436 2982 536 3025 ergo
555 2970 727 3013 illorum
752 2970 881 3013 trium
906 2969 1045 3024 inquit
1079 2968 1301 3025 legislator
1338 2983 1350 3012 ε
1378 2967 1431 3011 In

190 3044 394 3104 ρι’ὶηεὶρὶο
422 3045 574 3089 creavit
596 3043 702 3089 Deus
741 3043 889 3085 coelum
910 3050 948 3089 et
983 3049 1136 3084 terram
1165 3040 1287 3097 (Gen.
1309 3042 1358 3097 ι),
1390 3043 1432 3086 id

190 3125 258 3166 εει
283 3118 510 3160 continens
533 3126 576 3159 ct
604 3123 874 3167 contentum,
912 3115 954 3159 id
988 3123 1054 3161 est
1088 3117 1245 3160 coelum
1286 3130 1432 3174 empy-

194 3203 314 3242 reum
340 3195 382 3232 et
398 3190 634 3244 angelicam
655 3195 869 3232 naturam.
892 3187 1070 3234 Terram
1088 3201 1190 3233 vero
1208 3189 1431 3233 materiam

194 3264 390 3306 omnium
413 3275 667 3318 corporum,
692 3263 732 3306 id
758 3269 825 3307 est
847 3270 1035 3318 quatuor
1059 3264 1286 3316 elementa,
1309 3264 1349 3307 id
1367 3273 1434 3308 est

193 3332 402 3375 ninndum
442 3332 690 3376 sensibilem
728 3345 781 3377 ex
819 3333 886 3378 liis
917 3341 1203 3382 constantem,
1246 3334 1431 3388 Quidam

194 3403 351 3451 ooelnm
375 3405 623 3462 superiores
661 3413 804 3461 partes
828 3406 975 3450 mundi
1018 3408 1233 3452 sensibilis
1273 3407 1432 3452 intelli·

194 3483 326 3531 gunt3
353 3485 512 3522 terram
539 3477 766 3523 inferiores
789 3487 830 3524 et
848 3479 1102 3536 palpabiles.
1147 3479 1230 3526 Ubi
1253 3494 1335 3526 nos
1357 3482 1436 3526 lia·

194 3549 347 3593 bemus
373 3548 498 3603 Deus,
521 3548 727 3595 Hebraeus
749 3552 878 3596 habet
896 3553 1039 3604 eloitn,
1083 3551 1201 3610 quod
1226 3560 1312 3598 tam
1343 3554 1434 3597 sin-

194 3622 344 3680 gulare
364 3635 493 3679 quam
517 3624 683 3679 plurale
703 3630 785 3678 est,
812 3626 855 3669 id
889 3633 954 3669 est
989 3625 1117 3679 Dens,
1156 3626 1221 3671 vel
1244 3627 1306 3670 dii
1330 3627 1432 3683 quia

192 3703 304 3747 tres.
327 3708 521 3752 personae
560 3710 673 3741 unus
714 3697 828 3743 Dens
865 3706 1032 3743 creator
1068 3707 1149 3744 εει.
1185 3699 1292 3744 Cum
1330 3714 1433 3746 vero

190 3767 303 3814 citit
330 3767 516 3826 Moyses,
539 3771 691 3813 creavit
715 3772 846 3814 trium
871 3784 1042 3816 errores
1066 3773 1200 3826 elidit,
1224 3772 1432 3829 Platonis,

190 3840 437 3895 Aristotelis
474 3850 516 3887 et
555 3843 754 3898 Epicuri.
793 3843 916 3888 Plato
948 3846 1054 3890 dixit
1091 3847 1167 3889 tria
1209 3846 1343 3890 inisse
1379 3847 1488 3902 abc
1517 3850 1670 3886 verunt
1702 3843 1902 3887 tenebras
1925 3843 2061 3888 fuisse
2083 3851 2284 3894 aeternas,
2324 3855 2420 3899 quae
2447 3844 2556 3899 jam,
2592 3842 2758 3888 scilieet

191 3922 370 3969 adorno,
405 3916 568 3961 scilicet
594 3916 724 3959 Deum
750 3917 868 3962 ideas
891 3918 970 3973 (8),
1000 3918 1054 3960 ile
1074 3917 1152 3973 (9),
1186 3924 1229 3962 ει
1254 3919 1294 3960 in
1317 3918 1435 3974 prin-

193 3989 308 4044 ,cipio
340 3989 560 4045 temporis,
589 3991 641 4033 de
667 3991 720 4033 ile
744 3992 950 4034 mundum
978 3991 1138 4035 sactum
1157 3990 1306 4035 fuisse.
1334 3993 1423 4036 Ari·

194 4063 370 4106 stoteles
395 4063 498 4115 duo,
534 4065 741 4107 mundum
778 4070 819 4107 ct
842 4064 1057 4119 opificem,
1083 4064 1156 4120 qui
1190 4065 1243 4108 de
1266 4065 1437 4111 duobus

196 4135 435 4191 principiis,
462 4137 626 4180 scilicet
658 4138 836 4180 materia
873 4143 916 4180 et
951 4135 1105 4187 lot-ina,
1131 4147 1332 4193 operatus
1370 4143 1436 4181 est

196 4198 290 4252 'sine
312 4209 538 4264 principio,
563 4216 606 4252 et
630 4217 830 4264 operatur
852 4210 946 4253 sine
970 4209 1068 4253 tine.
1093 4211 1306 4265 Epicurus
1330 4211 1432 4263 dno,

198 4282 324 4325 inane
356 4289 399 4326 et
435 4290 601 4326 atomos
627 4297 638 4326 z
664 4288 707 4326 et
730 4284 771 4325 in
806 4283 1018 4339 principio
1043 4291 1196 4325 natura
1221 4282 1432 4338 quosdam

196 4362 363 4410 atomos
386 4356 587 4399 solidavit
609 4357 650 4399 in
677 4365 853 4409 terram,
868 4356 975 4400 alios
995 4357 1038 4400 in
1062 4370 1236 4414 aquam,
1259 4357 1367 4403 alios
1390 4357 1431 4402 in

257 4497 319 4551 (8)
347 4495 452 4540 ldcae
476 4512 485 4539 :
510 4497 654 4544 Graece
676 4499 909 4558 exemplar,
932 4512 1004 4544 seu
1031 4512 1192 4558 ffermw.

1509 1797 1716 1834 aeternutn
1760 1791 2050 1848 prophetavit,
2083 1802 2126 1838 et
2159 1796 2253 1841 sine
2289 1799 2534 1854 praejacenti
2575 1803 2754 1846 materh

1511 1863 1720 1906 mundum
1746 1873 1954 1910 creatum.
1984 1867 2164 1912 Creatus
2199 1877 2340 1914 autem
2366 1878 2430 1915 est
2460 1873 2502 1915 in
2525 1874 2752 1933 principio,

1511 1936 1551 1978 id
1577 1943 1642 1980 est
1678 1937 1723 1982 in
1747 1937 1872 1993 Filio,
1896 1947 1940 1984 et
1979 1941 2219 1987 iterandum
2245 1953 2309 1988 est
2342 1946 2383 1988 in
2411 1946 2619 2003 principio
2653 1949 2751 1998 sic:

1509 2008 1564 2053 In
1581 2011 1790 2067 principio
1814 2013 1972 2058 creavit
1998 2012 2108 2059 Deus
2127 2015 2275 2060 coelum
2297 2026 2336 2061 et
2371 2026 2542 2075 terram,
2564 2022 2607 2065 in
2630 2021 2754 2078 prin-

1510 2082 1623 2139 cipio
1658 2084 1822 2129 scilicet
1847 2089 2071 2142 temporis.
2113 2087 2268 2133 Coaeva
2297 2091 2411 2135 enim
2443 2099 2546 2137 sunt
2566 2095 2755 2140 mundun

1510 2164 1553 2201 et
1585 2163 1772 2212 tempus.
1823 2157 1946 2203 Sicut
1983 2167 2126 2206 autem
2152 2162 2271 2206 seius
2300 2161 2412 2208 Deus
2450 2171 2656 2220 aeternus,
2677 2169 2757 2213 'sie

1510 2231 1701 2275 mumius
1721 2234 2031 2288 sempiternus,
2063 2234 2105 2279 id
2132 2241 2198 2280 est
2219 2247 2391 2292 semper
2412 2243 2616 2291 aeternus,
2642 2244 2758 2284 tem·

1510 2305 1716 2361 por-aliter
1741 2313 1929 2351 aeternus
1953 2308 2092 2364 angeli
2112 2321 2286 2365 quoque
2309 2310 2576 2367 sempiterni.
2614 2310 2760 2358 Velm

1510 2379 1717 2434 principio
1759 2379 1952 2424 oxnnium
1990 2388 2305 2437 creaturarum,
2341 2386 2495 2428 creavit
2527 2386 2675 2429 coetum
2713 2393 2756 2431 ει

1515 2456 1688 2504 terram,
1715 2451 1756 2495 id
1795 2459 1859 2496 est
1898 2453 1977 2498 lias
1998 2460 2220 2500 creaturas
2250 2457 2547 2512 primordiales
2575 2457 2692 2514 fecit,
2713 2467 2756 2504 ει

1511 2524 1656 2568 εἰηιυὶ.
1686 2523 1770 2569 Sed
1795 2525 1909 2582 qnod
1933 2527 2061 2570 simul
2083 2527 2245 2572 sactum
2273 2537 2356 2584 est,
2393 2531 2522 2576 simul
2546 2533 2629 2578 dici
2666 2545 2753 2580 non

1510 2598 1666 2654 potuit.
1713 2598 1832 2643 Licet
1874 2601 1987 2644 enim
2033 2601 2103 2646 hic
2143 2603 2263 2658 prius
2295 2606 2539 2651 nominetur
2574 2595 2754 2658 coelunt,

1511 2685 1640 2728 quam
1661 2679 1791 2728 terra,
1818 2682 1961 2720 tamen
1986 2677 2197 2733 scriptum
2215 2687 2301 2729 est.
2335 2678 2381 2723 ln
2407 2681 2546 2734 initio,
2583 2686 2630 2724 tu
2663 2680 2753 2723 Do·-

1512 2744 1639 2796 mine,
1669 2754 1824 2792 terram
1866 2747 2074 2805 fundasti,
2113 2757 2154 2793 et
2187 2763 2313 2806 opera
2351 2765 2548 2796 :nanuum
2585 2758 2754 2802 tuarum

1513 2822 1609 2861 sumt
1633 2819 1727 2862 coeti
1754 2818 1898 2878 (Prot.
1922 2823 2001 2879 (τι),
2034 2820 2146 2868 lianc
2175 2824 2436 2870 creationem
2462 2826 2610 2871 mundi
2641 2838 2751 2882 prte-

1514 2891 1662 2946 libata‚
1686 2892 1771 2937 sub
1789 2893 1994 2950 operibus
2011 2907 2088 2940 sex
2108 2895 2274 2940 dierum
2307 2898 2492 2955 explicat
2515 2897 2756 2956 Scriptura,

1513 2967 1741 3013 insinuans
1765 2968 1863 3022 tria,
1890 2970 2171 3025 creationem,
2205 2971 2534 3029 dispositionem
2557 2981 2599 3019 et
2621 2982 2753 3018 orna·

1513 3047 1622 3088 tum.
1663 3040 1709 3085 ln
1738 3042 1879 3098 primo
1902 3042 1972 3087 die
1991 3043 2273 3098 creationem,
2297 3051 2340 3090 et
2356 3047 2584 3101 ‹mamdam
2605 3046 2754 3103 dispo-

1514 3117 1741 3170 sitionem;
1767 3118 1810 3160 in
1835 3117 2026 3163 secundo
2057 3124 2099 3162 et
2138 3119 2281 3172 tertio,
2315 3120 2671 3177 dispositionem3
2709 3118 2755 3165 in

1512 3189 1690 3247 reliquis
1714 3189 1852 3235 tribus
1876 3198 2092 3235 ornatum.

1651 3260 1755 3305 Cir.
1781 3260 1832 3305 11.
1858 3261 1920 3306 De
1939 3263 2145 3319 primaria
2179 3263 2324 3306 vitandi
2351 3264 2610 3319 confusione.

1573 3331 1700 3376 Terra
1721 3340 1963 3377 interemerat
1988 3334 2126 3377 inanis
2161 3341 2200 3377 et
2235 3347 2366 3381 vacua
2389 3335 2513 3392 (Gen.
2548 3334 2599 3391 ι),
2626 3335 2663 3379 id
2691 3341 2756 3381 εει

1513 3406 1713 3450 maehina
1731 3407 1960 3450 mundialis
1980 3407 2120 3451 adbuc
2144 3417 2238 3451 crat
2259 3410 2441 3461 inutiliS,
2457 3417 2499 3453 ει
2517 3409 2753 3453 infructuo-

1513 3487 1579 3528 sa,
1603 3483 1646 3520 ει
1675 3488 1810 3520 v..cua
1848 3484 2002 3521 ornatu
2043 3490 2137 3522 suo.
2178 3477 2233 3522 Et
2273 3477 2451 3522 tenebroe
2472 3486 2590 3522 erunt
2632 3491 2757 3529 stom·

1513 3549 1666 3603 {aciem
1704 3547 1864 3606 abyssi.
1907 3547 2112 3594 Eamdem
2148 3551 2394 3596 machinam
2428 3564 2558 3608 quam
2596 3558 2755 3598 terram

1513 3622 1696 3674 dixerat,
1722 3622 1926 3680 abyssum
1963 3630 2089 3671 vocat
2117 3635 2196 3681 pro
2220 3625 2288 3670 sui
2319 3624 2575 3671 confusione
2597 3631 2640 3669 et
2674 3623 2755 3668 ob-

1514 3695 1737 3739 scuritate.
1772 3693 1892 3740 Unde
1915 3703 1957 3740 et
1985 3695 2159 3742 Graecus
2186 3709 2281 3741 eam
2307 3698 2439 3742 chaos
2479 3698 2604 3743 dixit.
2645 3696 2754 3750 Quia

1513 3779 1617 3813 vero
1639 3769 1799 3813 dictum
1824 3776 1905 3820 cst,
1935 3770 2111 3816 tenebrae
2126 3777 2264 3824 erant,
2287 3771 2463 3828 quidam
2491 3770 2756 3828 dogmatiza-

2844 3789 2854 3812 ¹
2903 3792 2924 3826 ’ἶ

1515 3929 1613 3960 cum
1636 3915 1827 3959 mundus
1852 3916 1984 3969 fieret,
2010 3923 2149 3960 erant.
2170 3915 2255 3958 Alii
2278 3915 2507 3958 irridentes
2525 3913 2656 3957 Deum
2682 3925 2758 3957 ved

1517 3989 1622 4034 teris
1648 3989 1909 4042 testamenti,
1932 3989 2081 4032 dicunt
2102 3999 2200 4032 euni
2223 3987 2343 4042 prius
2365 3997 2534 4030 creasse
2559 3985 2761 4028 tenebras

1514 4076 1646 4120 quam
1670 4065 1826 4107 lucem.
1863 4062 1947 4107 Sed
1975 4061 2160 4106 tenebrae
2194 4060 2303 4105 niliil
2341 4059 2459 4104 aliud
2496 4066 2597 4103 sunt
2625 4070 2754 4114 quam

1516 4137 1625 4180 lueis
1650 4135 1862 4179 absentia.
1893 4132 2146 4179 obscuritas
2167 4138 2311 4177 autem
2348 4132 2545 4188 quaedam
2581 4130 2694 4174 aeris
2731 4143 2756 4174 a

1518 4208 1607 4253 Deo
1626 4214 1768 4252 creata
1787 4214 1870 4261 est,
1892 4213 1934 4251 et
1958 4208 2073 4252 dicta
2093 4206 2294 4250 tenebrat.
2315 4204 2438 4257 Unde
2461 4211 2504 4248 ει
2526 4204 2568 4247 in
2593 4203 2755 4248 catalo-

1517 4296 1572 4342 go
1594 4290 1894 4328 creaturarum
1923 4280 2087 4325 dictum
2117 4284 2185 4323 est
2214 4292 2227 4323 ε
2260 4277 2518 4330 Benedicite,
2539 4276 2615 4319 lux
2635 4284 2673 4319 et
2698 4282 2758 4318 te·

1517 4356 1668 4408 nebroe,
1688 4354 1884 4411 ,Domine
1919 4351 2103 4410 (Daniel.
2129 4350 2270 4408 111).—-
2284 4349 2338 4393 Et
2356 4349 2541 4405 Spiritus
2569 4348 2756 4400 Domini,

1575 4498 1635 4557 (9)
1667 4497 1723 4542 ile
1745 4503 1810 4542 est
1832 4494 1971 4556 prima
1992 4492 2188 4547 materia,
2215 4498 2255 4536 et
2279 4491 2585 4546 interpretatur
2601 4487 2728 4532 silve.
2855 4547 2864 4588 τ
