2924 4588
10 0 50 74 la>

23 96 34 118 ,γ

20 132 124 183 ¹5⁷7
140 155 158 162 ¹>

714 130 966 175 ntsTomA
999 131 1384 177 scltoLAS’rch.
1415 134 1467 178 IN
1497 135 1814 189 EVANGELIA.

2445 164 2548 207 1578

17 223 73 273 Et
89 226 287 276 abietum
326 229 457 275 retro,
489 227 532 266 ει
565 223 653 277 jam
692 233 789 266 cum
830 223 902 266 illo
930 235 1014 267 non
1050 223 1249 268 anibula·
1271 229 1305 273 Α
1329 223 1486 272 hihitns
1505 229 1663 286 inIege,
1688 244 1795 287 quos
1810 234 2050 284 immundos
2061 242 2326 296 judicabant.
2341 260 2437 306 quta
2459 252 2550 295 aliae

69 304 132 342 nt.
167 311 181 334 ι

47 398 112 431 Δι’.
130 376 336 427 cxxvii.
354 405 408 413 -—
425 381 482 423 De
502 380 799 423 traditionibus
813 381 1125 425 Pharisaeorum
1147 395 1247 424 cou-

137 460 139 462 -
381 443 446 479 tra
473 436 670 479 ηιαιιάαια
695 436 876 479 Domini.

11 527 29 566 χ
62 526 86 554 ἰ
115 510 300 567 Rogavit
340 514 483 559 autem
518 507 693 564 quidam
717 507 960 553 PharIsaeus
994 507 1157 561 Jesum,
1201 515 1246 551 ιιι

27 582 241 636 'renideret
277 579 390 637 apud
421 592 518 624 eum
549 578 670 637 (Luc.
696 580 774 635 xi).
806 594 822 621 ι
852 579 1045 637 Cumque
1071 582 1247 625 vidisset

14 655 48 700 ,ἃ
63 651 123 705 i‘n,
153 664 240 698 non
274 652 503 708 baptizatis
527 651 726 696 manibus
750 653 978 707 prandere,
1001 665 1246 696 murmura-

3 711 83 801 [νῇι
100 726 214 767 intra
235 735 298 769 se.
323 723 402 769 Cui
422 722 628 768 Dominus
644 724 705 767 ait
730 739 741 769 ι
765 723 869 776 Vos,
890 724 1110 778 Pharisaei,
1131 728 1244 781 quod

19 811 68 853 ἰ)
82 797 170 842 oris
197 802 267 846 est
294 796 441 842 calicis
472 803 514 840 et
539 797 672 840 catini
704 797 937 849 mundatis,
957 804 998 841 et
1023 810 1108 840 non
1132 799 1243 853 quod

20 871 140 927 titus.
171 869 301 923 Quasi
326 871 440 918 dicat
463 887 473 914 :
498 869 689 927 Corpora
714 873 947 923 mundatis,
970 879 1014 915 ,et
1036 884 1119 915 non
1152 875 1245 916 ani-

2 947 55 1018 ,ᾗ
80 955 128 986 s:
156 943 295 996 stulti,
329 953 471 989 nonne
492 941 604 985 Deus
625 947 854 997 utrumque
874 942 1003 986 fecit?
1024 943 1116 987 lloc
1141 956 1245 987 con-

2 1003 60 1060 ἶ
91 1010 362 1069 Manichacus,
411 1014 485 1068 qui
510 1014 676 1058 animas
711 1020 878 1058 tantum
902 1028 926 1057 a
950 1015 1037 1060 Deo
1074 1024 1242 1061 creatas

13 1089 170 1133 eunt,
196 1095 370 1128 carnem
390 1095 494 1128 vero
517 1097 542 1128 a
565 1084 751 1129 diabolo.
778 1085 830 1128 Et
861 1087 1024 1130 addidit
1050 1100 1061 1129 :
1093 1104 1108 1130 ι
1142 1089 1243 1132 Date

0 1146 340 1210 ÷''emosyn.am,
372 1161 415 1199 et
439 1167 540 1199 eece
561 1156 706 1198 omnia
739 1157 897 1200 munda
920 1163 1021 1201 sunt
1053 1159 1190 1203 vobis.
1223 1176 1238 1201 ι

40 1227 184 1273 idam
211 1239 381 1284 quoque
406 1226 568 1271 Scribas
585 1235 626 1271 et
639 1228 858 1282 Pharisaei,
883 1231 1099 1274 venientes
1124 1243 1148 1273 a
1169 1231 1240 1275 Je-

1327 304 1475 352 gentes
1498 304 1781 348 communiter
1797 306 1881 351 illis
1904 313 2202 363 vescebantur,

1386 371 1583 416 ‘Additio
1606 374 1647 418 t.
1671 399 1727 408 —-
1750 377 1906 423 Dicunt
1928 382 2114 427 haeretici
2130 387 2352 433 Dominum
2376 393 2549 438 idiotam

1328 439 1480 494 fuisse,
1505 451 1545 486 et
1572 445 1791 503 physicam
1809 451 2051 506 ignorasse,
2075 459 2173 511 quia
2198 460 2339 514 plures
2364 465 2447 507 eibi
2478 479 2552 520 per

1328 519 1463 565 artus,
1488 521 1531 559 et
1562 529 1709 570 venas,
1734 527 1776 563 et
1800 523 2022 578 medullas,
2048 535 2089 571 et
2121 541 2274 577 nervos
2299 535 2549 589 funduntur,

1328 587 1439 639 quod
1474 591 1681 643 probatur
1703 604 1779 648 per
1801 606 1888 650 eos,
1917 598 1990 659 qui
2009 599 2150 655 jugem
2174 607 2372 650 vomitum
2396 609 2551 654 babent

1329 665 1497 713 sumpto
1514 661 1627 714 cibo,
1648 671 1689 707 et
1706 671 1846 710 tamen
1868 670 2104 724 corpulenti
2125 682 2239 727 sunt,
2262 678 2335 720 sed
2356 682 2551 733 quaelibet

1326 728 1553 775 humorum
1575 738 1787 790 purgatio,
1814 741 1999 784 secessio
2023 744 2103 788 dici
2128 751 2282 799 potest.

1476 799 1576 845 Cu».
1602 802 1783 849 cxxix,
1811 832 1866 839 —
1888 809 1947 852 De
1969 813 2135 855 nautiere
2159 813 2410 861 Chananoea.

1383 869 1570 926 Surgens
1591 872 1688 919 inde
1711 877 1835 922 Jcsus
1860 881 1962 923 abiit
1986 883 2029 925 in
2055 884 2158 929 lines
2182 885 2302 943 Tyri*
2325 894 2366 931 et
2380 889 2550 936 Sidonis

1327 938 1496 995 (Manui.
1524 946 1684 999 xv).·Et
1713 951 1886 1004 rogabat
1903 965 1998 995 eum
2018 957 2169 1000 mulier
2185 961 2354 1013 gentilis
2383 963 2551 1006 Chana-

1325 1026 1433 1063 naea,
1456 1014 1785 1072 Syrophoenissa
1810 1035 1979 1077 genere,
2005 1039 2082 1081 pro
2099 1028 2182 1071 iilia
2209 1043 2300 1082 sua,
2327 1046 2421 1087 quae
2442 1037 2550 1080 male

1325 1098 1348 1128 a
1373 1088 1582 1133 daeuionio
1596 1093 1844 1138 vexabatur.
1860 1096 2087 1142 Chananaci
2111 1103 2322 1156 quondam
2346 1105 2475 1150 Judaei
2493 1109 2553 1152 in-

1324 1160 1562 1213 coluerant,
1587 1163 1662 1206 sed
1685 1171 1781 1219 post
1799 1167 1981 1223 dispersi
2004 1178 2119 1216 sunt.
2144 1173 2203 1216 Ex
2223 1175 2302 1218 hac
2320 1177 2552 1234 dispersio-

1324 1243 1378 1275 ne
1393 1238 1486 1276 erat
1502 1236 1659 1280 mulier
1679 1237 1760 1281 ista
1776 1252 1825 1282 ex
1846 1239 1966 1296 SyrIs
1988 1249 2029 1286 et
2045 1243 2318 1292 Phoenicibus
2329 1257 2437 1295 orta.
2454 1251 2550 1304 Qui-

13 1320 44 1348 ,ε
62 1301 246 1358 olymis,
289 1300 486 1352 videntes
532 1302 767 1356 discipulos
805 1304 899 1358 ejus
940 1306 1241 1350 communibus
1266 1318 1300 1361 Β
1323 1305 1421 1349 dam
1442 1313 1584 1353 tamen
1611 1310 1759 1355 dicunt
1783 1312 2131 1371 Tyrophoenissa‚
2152 1322 2250 1375 quia
2273 1323 2332 1365 sic
2356 1323 2551 1370 Phoems-

18 1375 34 1410 J.
53 1373 201 1417 nibus
237 1372 512 1426 manducare,
549 1375 749 1423 dicebant
777 1391 787 1419 :
816 1391 832 1416 ‹
860 1376 1006 1428 Quare
1040 1377 1242 1437 discipuli

16 1432 463 1507 ffitrausgreuisuntur
488 1445 739 1491 traditiones
765 1448 1004 1491 seniorum?
1032 1465 1045 1491 ι
1070 1449 1239 1506 (Manli.

19 1514 37 1578 'p
59 1517 92 1576 ἐ)
126 1517 178 1568 Et
223 1519 443 1576 respondit
475 1519 600 1565 Jesus
627 1536 637 1563 :
667 1535 683 1559 ι
714 1520 856 1572 Quare
902 1533 978 1565 vos
1022 1527 1240 1579 transgre-

15 1577 33 1650 ἶ·
60 1589 366 1642 intimandam
382 1590 550 1640 Domini
564 1597 740 1646 propter
752 1591 1025 1636 traditionem
1038 1594 1243 1637 vestr-am?

131 1660 244 1708 Deus
268 1662 377 1714 dixit
402 1676 413 1704 ε
444 1663 613 1710 Honora
639 1672 800 1720 patrem
830 1671 968 1717 tuum,
998 1675 1039 1710 et
1061 1672 1240 1710 matrem

16 1746 132 1786 um.
154 1750 168 1777 ι
198 1735 319 1787 Quod
335 1749 422 1780 non
444 1743 610 1784 tantum
626 1749 703 1792 pro
721 1738 958 1781 reverentia
983 1739 1238 1789 dictumest,

21 1827 41 1839 ν
74 1823 76 1827 ’
102 1818 147 1849 m
169 1809 296 1858 etiam
319 1821 398 1864 pro
425 1810 685 1853 necessariis
716 1810 935 1866 ohsequiis
970 1811 1236 1854 exhibendis.

19 1877 282 1932 ,ἴῬιιιιιίεεὶ
315 1882 577 1938 impietatem
612 1883 889 1929 subnomine
913 1884 1082 1939 pietatis
1113 1885 1241 1929 doee-

14 1958 120 2009 m,
145 1946 358 2006 diceutes,
383 1954 495 2000 filios
519 1957 673 2003 melius
699 1956 836 2000 facere
858 1958 896 2000 si
921 1957 1007 2000 Deo
1040 1969 1140 2000 vcro
1158 1956 1239 1999 Pa-

20 2025 55 2086 ‚i
90 2019 297 2071 ‘voverent
333 2040 428 2084 quae
458 2029 709 2084 parentibus
738 2029 953 2073 offerenda
993 2036 1132 2080 erant,
1173 2031 1238 2073 in-

16 2095 213 2154 jr‘uentes
235 2108 310 2140 eos
327 2097 441 2152 quod
467 2099 718 2154 parentibus
746 2100 892 2155 egenis
913 2101 1235 2156 responderent.

1 2165 28 2200 ι’
70 2173 208 2224 pater,
239 2184 253 2210 ‹
286 2169 447 2214 corban
482 2171 598 2226 quod
633 2177 698 2216 est
727 2183 780 2214 ex
821 2185 907 2223 me,
933 2173 1010 2216 tibi
1049 2173 1238 2228 proderit

64 2253 151 2284 arc.
193 2242 288 2298 vu).
326 2258 342 2284 ι
379 2243 548 2287 Corban
592 2251 660 2287 est
695 2257 846 2287 mutius
900 2247 1094 2290 votivum.
1124 2245 1238 2298 Qua-

1 2312 178 2384 2⁶1⁶&-
205 2330 215 2358 ε
241 2315 362 2370 Quod
388 2318 485 2362 vovi
512 2317 615 2370 Deo,
647 2318 714 2362 vis
753 2320 829 2362 tibi
856 2321 1076 2375 prodesse,
1098 2321 1231 2363 absit!

1 2374 346 2438 Btssconvoeatis
370 2391 422 2434 ad
449 2403 496 2434 se
520 2391 675 2443 turbis,
692 2393 750 2435 ait
773 2392 859 2435 illis
885 2406 895 2436 :
922 2391 1015 2435 Non
1032 2392 1145 2448 quod
1171 2393 1235 2435 in·
1258 2375 1290 2419 C

0 2455 83 2506 *iu
121 2465 166 2507 in
183 2477 232 2508 os
271 2465 523 2520 coinquinat
566 2465 785 2516 hominem
808 2497 820 2517 ,
855 2482 868 2507 ›
896 2466 1085 2522 intellige
1123 2465 1235 2522 apud

13 2540 147 2587 nm,
178 2551 192 2577 ι
223 2537 298 2582 sed
339 2537 454 2593 quod
490 2538 683 2592 procedit
717 2550 766 2580 ex
790 2549 864 2580 ore
892 2536 1061 2594 (Manli.
1096 2537 1184 2593 xv).
1216 2553 1232 2578 ι

12 2607 186 2652 ’-“ιιιιιιιι
225 2609 414 2666 intellige
436 2609 489 2653 de
519 2621 595 2653 ore
619 2610 780 2658 earnis,
807 2610 1042 2653 secundnm
1071 2610 1124 2652 de
1162 2623 1236 2652 ore

12 2676 155 2726 iulis.
176 2681 300 2734 Nam,
325 2689 366 2727 et
396 2683 583 2727 vomitus
619 2684 815 2738 Inquinat
839 2684 1071 2726 hominem.
1095 2681 1232 2729 Unde,

20 2755 22 2758 ’
61 2755 234 2809 quidam
258 2755 355 2797 libri
371 2756 546 2806 habent,
583 2769 598 2795 ι
629 2755 704 2800 sed
718 2756 831 2811 quod
855 2756 1112 2811 proceditex
1138 2767 1235 2796 cor-

0 2825 66 2878 fe·.
85 2839 99 2866 ι
126 2823 269 2878 Quare
289 2839 392 2883 ergo
410 2826 678 2884 idolothytis,
699 2834 740 2872 ct
763 2827 829 2868 his
851 2838 946 2881 quae
964 2825 1119 2868 furtiva
1135 2832 1233 2868 sunt

27 2887 30 2890 ’
56 2903 195 2954 rapta,
224 2911 308 2946 non
333 2889 548 2946 vescimur
568 2912 647 2955 pro
671 2899 875 2942 scandalo
897 2898 1086 2941 vitando.
1103 2897 1234 2940 Cibus

12 2969 111 3013 nim
141 2971 183 3012 in
214 2983 259 3014 se
297 2972 485 3016 mundus
518 2977 602 3017 est.
631 2971 680 3014 Et
705 2971 906 3015 dixerunt
939 2972 976 3014 ei
1002 2970 1230 3024 discipulI:

44 3041 143 3088 Scis
173 3044 274 3100 quia
305 3044 530 3099 Pharisaei,
565 3046 712 3092 audito
735 3045 816 3088 hoe
839 3044 987 3095 verbo,
1021 3044 1235 3086 scandali-

23 3121 163 3160 antur.
197 3133 212 3158 ι
241 3117 414 3170 Scaton,
440 3119 506 3162 vel
535 3119 767 3163 scandalon
788 3116 1078 3172 offendiculum
1101 3117 1230 3171 pedis,

25 3186 65 3232 el
85 3189 221 3244 ipsam
253 3191 421 3234 ruinam
453 3191 653 3235 dicimus.
678 3190 730 3232 Et
764 3190 985 3244 respondit
1011 3205 1020 3231 :
1051 3203 1065 3229 ‹
1098 3188 1234 3233 Sinite

16 3259 111 3312 llos,
137 3263 238 3305 caeci
276 3270 395 3314 sunt,
423 3269 464 3307 et
495 3265 628 3307 duces
653 3276 881 3308 exesorum.
911 3279 925 3304 ι
957 3263 1048 3306 Νοιι
1072 3263 1185 3306 enim
1210 3273 1234 3303 a

14 3336 176 3378 'ei-itate
199 3338 504 3391 proscandalo
526 3337 812 3382 recedendum
838 3344 919 3382 est.

1323 1391 1370 1423 sa
1402 1387 1496 1424 crat
1518 1384 1630 1438 quod
1665 1383 1810 1442 Tyria,
1839 1389 1948 1432 sicut
1976 1396 2017 1434 et
2035 1390 2143 1436 Dido
2164 1394 2255 1446 suit,
2284 1396 2362 1439 hoe
2381 1400 2551 1443 numine

1323 1453 1559 1500 indicantes
1585 1458 1799 1512 rcg10nem
1825 1461 2016 1505 mulieris
2041 1470 2082 1507 et
2106 1467 2303 1519 patriam.
2328 1468 2452 1514 Jesus
2471 1483 2549 1514 au-

1323 1531 1407 1569 tem
1430 1538 1518 1570 non
1541 1530 1763 1583 respondit
1782 1532 1819 1574 ei
1839 1533 2030 1587 verbum,
2052 1548 2108 1579 ne
2131 1537 2210 1580 sibi
2234 1542 2473 1585 contrarius
2487 1545 2550 1588 vi·-

1321 1597 1509 1648 deretur,
1531 1600 1602 1653 qui
1628 1601 1794 1644 dixerat
1820 1618 1829 1646 :
1863 1618 1877 1644 ι
1908 1605 1951 1647 ln
1975 1605 2084 1648 viam
2105 1609 2294 1663 gentium
2318 1623 2371 1655 ne
2392 1614 2547 1657 abieri-

1323 1668 1377 1712 tis
1397 1668 1566 1725 (stante.
1593 1672 1679 1725 ιη.»
1707 1672 1789 1717 Pro
1805 1687 1886 1730 qua
1905 1687 2000 1719 cum
2024 1676 2334 1725 intercederent
2352 1683 2546 1739 discipuli

1321 1739 1539 1796 respond}
1567 1754 1576 1782 :
1609 1756 1623 1780 ι
1648 1741 1740 1785 Νοιι
1757 1757 1848 1788 sum
1863 1746 2021 1792 missus
2038 1749 2119 1792 nisi
2141 1750 2192 1792 ad
2211 1764 2326 1802 oves,
2349 1767 2441 1809 quae
2456 1770 2549 1810 per-

1320 1813 1461 1856 ierunt
1482 1815 1635 1860 domus
1655 1816 1803 1862 Israel.
1835 1833 1849 1859 ι
1878 1819 1930 1862 At
1955 1821 2024 1864 illa
2054 1825 2182 1876 venit,
2207 1832 2249 1868 et
2279 1827 2486 1882 adoravit,
2505 1838 2547 1875 ct

1321 1884 1380 1926 ait
1407 1899 1416 1926 :
1448 1901 1462 1925 ε
1492 1884 1686 1939 Domine,
1712 1889 1865 1944 adJ'uva
1891 1904 1974 1936 me.
2004 1892 2080 1935 Cui
2102 1894 2304 1943 Dominus
2330 1912 2340 1939 :
2367 1899 2459 1947 Non
2482 1910 2547 1946 est

1318 1956 1476 1999 bonum
1511 1971 1679 2003 sumere
1702 1974 1850 2016 panem
1886 1964 2085 2016 filiorum,
2108 1974 2150 2011 et
2169 1970 2269 2012 dare
2288 1972 2464 2018 canibus
2493 1976 2544 2018 ad

1319 2028 1682 2076 manducandum.
1714 2047 1728 2075 ι
1757 2033 2032 2081 Hebraeorum
2067 2051 2184 2084 more
2208 2045 2384 2096 gentiles
2418 2058 2545 2091 canes

1317 2101 1441 2154 dixit,
1463 2104 1563 2158 quia
1586 2106 1768 2153 edebant
1793 2110 2058 2165 sanguinem,
2078 2119 2121 2155 ut
2146 2125 2289 2158 canes.
2304 2115 2354 2160 Et
2374 2123 2547 2162 estsen-

1318 2186 1392 2217 sus
1418 2189 1429 2218 ε
1456 2174 1563 2218 Veni
1583 2189 1737 2222 curare
1766 2178 1894 2224 lsrael
1927 2182 2270 2239 primogenitum,
2295 2193 2336 2230 et
2358 2189 2542 2233 nondum

1316 2252 1481 2299 gentes.
1505 2246 1584 2291 Cui
1608 2248 1679 2291 illa
1707 2263 1716 2289 ε
1747 2264 1764 2291 ι
1793 2250 1946 2303 Etiam,
1966 2252 2159 2298 Domine.
2192 2255 2314 2308 Nam,
2340 2265 2380 2302 et
2404 2262 2544 2304 catelli

1313 2317 1449 2366 edunt
1472 2318 1526 2362 de
1559 2321 1698 2371 micis,
1719 2335 1814 2377 quae
1843 2324 2000 2367 cadunt
2024 2326 2075 2370 de
2107 2339 2254 2371 mensa
2278 2330 2543 2377 dominorum

1318 2401 1510 2435 suorum.
1541 2406 1556 2431 ι
1585 2391 1718 2444 Quasi
1740 2394 1854 2437 dicat
1880 2410 1889 2438 ι
1920 2395 2077 2440 Verum
2101 2402 2295 2455 estquod
2314 2402 2435 2446 dicis,
2460 2403 2544 2448 Fae

1316 2473 1419 2517 ergo
1437 2462 1541 2506 mihi
1565 2465 1676 2520 quod
1702 2465 1745 2508 lit
1765 2467 1957 2519 canibus,
1979 2468 2021 2511 id
2042 2476 2106 2512 cst
2130 2471 2341 2515 modicum
2362 2476 2483 2530 panis
2501 2484 2544 2520 tu

1317 2534 1538 2590 impartire
1560 2538 1678 2581 mihi.
1703 2537 1753 2580 Et
1770 2538 1896 2584 Jesus
1916 2542 2218 2588 commendans
2242 2544 2362 2588 iidem
2389 2547 2542 2591 mulle-

1316 2608 1376 2651 ris
1395 2609 1453 2650 ait
1480 2622 1489 2650 :
1522 2623 1536 2649 ι
1565 2609 1658 2653 Fiat
1677 2611 1754 2655 tibi
1772 2612 1886 2655 sicut
1906 2614 1986 2665 vis,
2013 2620 2054 2658 ct
2079 2616 2222 2658 statim
2243 2625 2390 2663 sanat-1
2411 2626 2474 2663 est
2492 2621 2541 2666 fi-

1315 2680 1369 2722 lia
1392 2681 1501 2736 ejus.
1533 2696 1548 2721 ι

1370 2756 1384 2771 *
1409 2753 1577 2796 Additio
1604 2755 1641 2798 1.
1669 2781 1722 2786 -
1746 2756 1884 2814 Tyrus
1907 2758 2112 2814 originem
2137 2763 2390 2808 tumulatum
2412 2766 2537 2810 celat.

1314 2820 1422 2863 Ante
1447 2821 1604 2878 Tyrum
1630 2821 1719 2865 ‘suit
1757 2825 1866 2880 lapis
1897 2839 2160 2874 marmoreus
2182 2833 2368 2887 grandis,
2412 2846 2539 2889 super

1314 2904 1439 2946 quem
1457 2894 1565 2937 sedit
1579 2894 1720 2948 Jesns,
1740 2898 1898 2943 illaesus
1915 2905 2102 2955 tempore
2114 2904 2317 2957 gentium,
2335 2905 2408 2948 sed
2423 2913 2539 2961 post-

1313 2977 1362 3008 ea
1389 2978 1411 3007 a
1435 2965 1614 3012 Francis
1651 2977 1692 3012 et
1716 2969 1960 3015 Venetianis
1995 2974 2237 3026 mutilatus,
2265 2988 2391 3031 supra
2417 2977 2537 3031 cujus

1313 3037 1530 3080 residuum
1567 3039 1610 3082 in
1634 3039 1795 3084 honore
1821 3039 2256 3091 Salvator-isecclesia
2292 3054 2536 3092 constructa

1309 3115 1392 3154 est.

1517 3183 1617 3229 Cn».
1643 3185 1808 3230 LXXX.
1833 3212 1888 3219 -
1909 3188 1970 3232 De
1990 3190 2116 3232 surdo
2137 3198 2176 3234 et
2201 3199 2325 3235 mmo.

1381 3271 1394 3296 ‹
1412 3256 1462 3299 Et
1482 3258 1636 3300 iterum
1661 3260 1762 3303 exiit
1786 3260 1837 3303 de
1857 3260 2141 3318 finibus'ryri,
2163 3270 2204 3307 et
2227 3267 2340 3308 venit
2358 3266 2407 3308 ud
2423 3279 2536 3309 mure

1314 3329 1496 3373 Caiilaea»
1521 3331 1630 3374 inter
1653 3332 1817 3375 medios
1837 3333 1941 3377 {ines
1966 3333 2261 3390 Decapoleos,o
2291 3339 2328 3380 id
2353 3343 2416 3382 est
2442 3351 2535 3393 per-

33 3407 96 3469 ᾸΡ.
121 3422 341 3470 Lxxvtll.
360 3449 415 3456 —-
431 3424 552 3477 Quod
575 3426 689 3467 cibus
707 3439 786 3469 uon
812 3424 961 3468 transit
975 3425 1020 3467 in
1044 3425 1232 3467 virtutem
1259 3433 1292 3475 ι)
1314 3403 1428 3446 Ὗῡηίῑ
1446 3405 1498 3446 ad
1520 3405 1636 3448 mum
1653 3406 1791 3449 ¹⁰C¹¹m
1814 3408 1962 3458 masi&
1977 3409 2046 3451 ‘3¹¹3
2069 3422 2092 3452 θ
2114 3411 2284 3464 regione
2301 3417 2446 3453 (imm-²
2461 3424 2513 3466 110

524 3491 699 3523 nalum&-

47 3549 244 3607 'Cumque
263 3553 466 3596 intrasset
479 3552 804 3604 testimonium,
817 3553 873 3595 ait
887 3552 1062 3596 Petrus:
1085 3568 1098 3592 ‹
1118 3551 1235 3595 Edis-

21 3624 92 3682 ere
114 3625 238 3667 nobis
255 3627 502 3681 parabolam
521 3627 664 3669 istam:
695 3642 709 3667 ι
737 3625 788 3668 Ει
807 3627 1063 3681 respondit:
1097 3641 1109 3665 a
1140 3624 1233 3668 Non

17 3686 233 3752 intelligitis
252 3699 505 3754 quodomne
520 3699 633 3755 quod
654 3699 695 3742 in
713 3712 762 3742 os
784 3700 931 3751 intrat,
953 3699 1235 3743 vaditinven-

20 3767 122 3834 reni,
148 3778 184 3814 et
208 3772 248 3817 in
272 3785 490 3816 secessum
507 3773 751 3817 emittitur?
769 3789 784 3813 ι
811 3772 982 3829 (ΜαιιΙι.
1005 3771 1094 3828 xv..)
1119 3771 1233 3813 Nihil

17 3842 108 3887 nim
133 3844 185 3888 de
201 3845 307 3889 cibis
322 3846 482 3890 transit
503 3847 549 3895 in
565 3847 766 3890 virtutem
790 3851 968 3895 naturae,
994 3857 1087 3900 quae
1104 3843 1234 3887 resul-

25 3919 81 3965 οι,
105 3915 182 3959 sed
203 3917 311 3961 cibis
324 3919 487 3973 adJuta,
510 3918 558 3960 in
573 3918 966 3965 setantumcrescit
985 3922 1025 3960 et
1043 3921 1187 3959 manet
1200 3919 1230 3958 *.

35 3983 54 4029 i
72 3981 319 4047 sthunxit:
349 4005 364 4032 ‹
380 3990 445 4034 'De
465 3991 595 4034 eorde
622 3997 763 4034 autem
791 3995 947 4033 exeunt
972 3988 1100 4038 furta,
1116 3994 1226 4031 ete.»

14 4061 119 4104 ’lato
141 4047 379 4120 principale
400 4063 554 4107 animae
584 4064 746 4118 putavit
770 4075 866 4107 esse
891 4062 936 4105 in
970 4060 1162 4111 cerebro,
1190 4059 1231 4101 id

32 4151 38 4171 2
86 4135 314 4187 rationem,
341 4136 449 4178 iram
470 4136 512 4178 in
537 4136 648 4185 selle,
670 4134 882 4179 desideria
907 4134 950 4176 in
971 4134 1131 4188 jecore,
1157 4131 1232 4174 sed

24 4198 118 4257 [xta
139 4205 356 4251 Christum
382 4208 620 4265 principale
635 4209 788 4251 animae
809 4214 875 4250 est
896 4208 940 4249 in
964 4206 1105 4249 corde.
1122 4204 1232 4246 Mar-

27 4290 77 4322 us
101 4291 178 4334 pro
206 4296 219 4320 ‹
241 4281 508 4337 coinquinat,
533 4297 553 4323 -ι
577 4282 703 4337 poni’t
728 4277 742 4321 ἰ
771 4280 1057 4323 communicat
1078 4276 1231 4335 (Marc.

15 4341 76 4407 t),
95 4366 107 4391 ι
133 4351 251 4406 juxta
267 4353 490 4398 Hebraeum
514 4355 689 4407 idioma,
710 4355 783 4410 qui
801 4365 1028 4398 commune
1049 4353 1231 4396 immun-

15 4432 101 4465 um
125 4421 337 4476 dicebant.
363 4426 463 4481 quia
487 4426 606 4470 cibos
623 4438 873 4470 communes
898 4425 1105 4470 vocabant
1127 4436 1228 4479 pro·
1254 4471 1256 4473 ,

248 4498 460 4544 Pistum..
498 4496 759 4548 cxcviii.

1316 3477 1395 3518 sita
1413 3485 1502 3520 crat
1524 3477 1762 3533 Decapolis,
1796 3479 1838 3521 id
1862 3487 1925 3524 est
1941 3481 2057 3537 regio
2075 3482 2218 3525 decem
2235 3484 2407 3525 'urbium
2422 3485 2534 3526 cirea

1314 3553 1472 3597 Pellam
1495 3559 1535 3596 et
1552 3554 1759 3597 Gadaram
1774 3562 1921 3598 contra
1942 3556 2154 3599 Galilaeam
2174 3555 2322 3612 (Marc.
2339 3557 2430 3611 vn).
2449 3573 2462 3596 ι
2484 3558 2533 3599 Ει

1314 3626 1530 3669 adducunt
1554 3628 1590 3670 ei
1622 3628 1797 3670 surdum
1826 3635 1867 3671 et
1890 3634 2070 3672 mutum.
2102 3644 2115 3668 ›
2143 3628 2194 3669 Et
2215 3630 2356 3682 posuit
2381 3629 2534 3684 digitos

1314 3698 1357 3739 in
1384 3698 1618 3740 auriculam
1649 3699 1758 3753 ejus,
1790 3706 1831 3741 et
1862 3701 1956 3741 ait:
1987 3714 2002 3738 ‹
2030 3699 2263 3754 Ephpheta,
2302 3701 2414 3754 quod
2450 3707 2529 3751 est,

1313 3772 1549 3828 adaperire.
1582 3788 1596 3813 ι
1624 3771 1675 3814 Et
1697 3773 1750 3816 ad
1774 3773 1866 3827 ejus
1891 3768 2333 3828 imperiumadapertae
2351 3780 2449 3816 sunt
2464 3787 2532 3817 au-

1311 3856 1379 3886 res
1399 3844 1509 3899 ejus,
1529 3850 1571 3886 ct
1587 3845 1728 3888 soluta
1744 3852 1809 3888 est
1832 3846 1975 3900 lingua
1997 3845 2125 3888 illius.

1476 3917 1576 3959 CAr.
1603 3916 1785 3959 Lxxxl.
1811 3940 1866 3948 ——
1889 3915 1947 3958 De
1971 3917 2192 3959 probatica
2213 3918 2385 3967 piscina.

1371 4005 1385 4030 ‹
1415 3989 1517 4033 Post
1538 3990 1619 4033 hoc
1656 3996 1746 4033 erat
1773 3989 1906 4032 festus
1925 3989 2017 4032 dics
2038 3988 2277 4031 Judaeorum
2303 3989 2443 4043 (Joan.
2468 3988 2527 4043 v).

1310 4061 1403 4104 Non
1433 4061 1743 4105 determinatur
1770 4061 1885 4116 quis,
1922 4062 1996 4104 sed
2016 4067 2154 4116 potest
2178 4060 2350 4114 intelligi
2374 4059 2526 4102 festum

1309 4134 1541 4186 Novor-um‚
1580 4136 1619 4178 id
1644 4139 1708 4178 cst
1736 4133 2024 4182 pentecostes,
2062 4133 2159 4186 quia
2183 4132 2427 4186 praedictum
2463 4136 2528 4173 est

1307 4208 1394 4263 jam
1409 4207 1460 4250 de
1478 4206 1659 4257 Pascha,
1683 4219 1766 4261 quo
1785 4207 2018 4249 decollatus
2032 4211 2094 4247 est
2112 4203 2307 4246 Ioannes.
2329 4203 2528 4257 Sequitur

1310 4293 1411 4324 vero
1449 4281 1502 4323 de
1541 4278 1817 4333 Scenopegia,
1847 4284 1943 4334 post
1977 4278 2028 4320 de
2070 4277 2295 4319 Eneaeniis.
2327 4275 2526 4318 Ascendit

1310 4358 1450 4394 autem
1475 4350 1599 4393 Jesns
1624 4349 1675 4391 ad
1714 4349 1822 4391 diem
1861 4348 2032 4390 festum.
2062 4363 2075 4386 ι
2108 4346 2205 4388 Erat
2229 4351 2368 4388 autem
2406 4343 2526 4387 Jero-

1311 4423 1486 4479 solymis
1523 4403 1740 4476 probatica
1776 4420 1953 4474 piscina,
1993 4417 2288 4475 cognominata
2326 4414 2526 4459 Hebraico

2221 4489 2281 4536 50
