2924 4588
790 78 1092 142 sessiones.
1125 64 1180 128 ...'
1205 75 1350 138 nou(
1378 82 1415 136 u'
1454 67 1592 137 ro'sr
1622 91 1968 137 eriruAmAu.

2580 70 2668 136 tio
2739 147 2743 154 Δ

40 184 42 186 ’
95 188 260 241 luendo,
285 186 376 232 sive
406 171 710 232 comminando
735 189 1031 241 tumultuent;
1061 187 1129 231 vel
1152 199 1177 230 a
1199 174 1340 230 flumi-
1365 189 1398 234 Α
1421 183 1544 239 piger
1577 182 1630 226 ad
1662 184 1900 228 honorem:
1933 195 2020 226 non
2043 181 2171 226 modo
2191 186 2290 233 tua,
2327 194 2363 225 si
2397 194 2492 238 quae
2522 188 2664 244 tamen

0 265 26 308 ,ζ
94 259 222 304 uibus
265 255 593 302 tribulationum
614 290 627 310 ,
669 249 1050 316 quantumcunque
1094 257 1342 301 tribulando

92 331 273 376 stet-iant
287 362 299 382 ,
326 331 471 387 planta
500 336 568 375 est
591 331 706 374 enim
729 331 943 388 profunde
966 331 1011 375 in
1033 328 1159 374 horto
1181 330 1338 374 mentis

92 403 223 449 infixa
245 403 322 461 [al.
348 404 538 460 plantata
560 415 613 447 ex
635 409 795 459 puncto
820 404 867 446 lii
889 402 1057 467 infixa],
1079 408 1120 446 et
1140 403 1340 446 innititur

92 474 259 519 fortiter
290 473 508 518 radicibus
530 475 678 518 multis
700 479 743 518 et
772 474 955 536 magnis.
981 474 1119 530 Hujus
1144 473 1244 518 folia
1267 487 1338 518 ar-

24 549 27 553 *
89 545 235 597 boris,
274 545 405 590 verba
446 551 549 589 sunt
581 557 694 590 verae
727 546 1010 599 humilitatis,
1047 559 1142 604 quae
1172 551 1214 590 et
1245 547 1342 604 ipsa.

37 631 50 664 0⁴
88 623 214 676 prout
247 617 416 662 radices
454 617 537 662 illae
576 618 630 661 ab
667 618 829 663 intimis
865 621 1024 663 mentis
1046 607 1269 672 crescunt,
1294 617 1337 664 et

86 687 256 746 gemino
278 686 408 732 modo
432 695 687 745 erumpunt,
716 688 816 733 dum
838 691 1012 746 propria
1035 702 1203 746 semper
1224 691 1336 733 mala

39 813 42 814 ⁷
85 761 319 818 reprobans
336 793 347 814 ,
378 761 545 806 laceras
568 752 723 806 carnes
753 769 849 806 tuas
878 761 1080 807 dentibus
1104 763 1214 813 tuis,
1241 763 1329 806 ani-

85 840 198 876 mam
237 837 414 887 portans
455 833 499 875 in
534 832 736 876 manibus
773 833 858 876 tuis
879 865 890 883 ,
928 838 971 877 et
1003 824 1116 876 hona
1150 834 1335 888 proximi

29 914 42 943 ⁴.
82 900 362 959 approbans,
402 903 640 970 humilibus
680 916 729 949 ea
769 906 996 962 praeconiis
1031 906 1234 957 extollis,
1274 906 1334 948 ita

84 981 225 1019 tamen
246 1006 258 1028 ,
293 976 330 1020 si
352 978 471 1019 omni
503 975 547 1019 in
573 975 698 1039 plen-e
720 978 909 1022 caruerit
939 983 980 1022 et
1014 984 1087 1021 tua
1113 978 1334 1021 accusatio

30 1075 50 1092 „
83 1047 379 1100 simulatione,
411 1053 453 1092 et
486 1049 659 1093 illorum
697 1038 1176 1104 laudatio'adulatione.
1214 1049 1333 1093 Alio-

84 1117 187 1175 quin
210 1117 476 1164 diminuetur
505 1123 667 1165 veritas
695 1123 742 1165 in
776 1126 819 1166 te
840 1155 851 1172 ,
890 1118 992 1165 dum
1027 1123 1092 1167 sie
1123 1117 1234 1165 labia
1258 1127 1332 1164 tua

81 1190 230 1235 dolosa
251 1191 295 1234 in
317 1189 449 1237 corde
475 1197 527 1253 et·
546 1193 677 1238 corde
701 1194 939 1250 loquuntur
967 1191 1105 1252 (Psal.
1145 1206 1218 1244 xi,
1252 1191 1294 1250 5)
1318 1209 1326 1235 :

78 1332 235 1378 salsum
274 1341 341 1380 est
373 1332 503 1396 corde
533 1336 736 1381 retineas.
785 1332 918 1382 Absit
942 1339 1070 1394 longe
1107 1338 1334 1395 impuritas

27 1436 31 1438 -
80 1404 172 1449 baee
191 1417 216 1448 a
239 1406 378 1466 vobis,
404 1405 658 1464 turpissima
683 1409 831 1465 utique
854 1415 896 1454 et
917 1409 1183 1454 detestanda.
1211 1408 1333 1461 Quod

77 1475 191 1521 enim
220 1473 357 1535 magis
391 1478 692 1523 detestandum
726 1476 991 1537 impuritatis
1013 1492 1149 1537 genus
1168 1512 1179 1533 ,
1204 1492 1333 1536 quam

75 1547 214 1601 istud,
238 1562 325 1606 quo
358 1552 543 1609 turpiter
563 1551 756 1597 infectus
775 1551 873 1597 ideo
895 1557 938 1598 te
961 1565 1143 1611 accusas
1171 1559 1219 1596 ut
1242 1554 1334 1596 lau-

75 1620 182 1668 des:
208 1623 304 1666 ideo
327 1624 456 1667 aiium
481 1625 650 1677 laudas,
674 1631 720 1669 ut
752 1638 958 1680 accuses3
986 1639 1061 1671 ore
1097 1633 1169 1670 tuo
1199 1629 1331 1671 hene-

34 1688 46 1699 ⁹
74 1692 222 1739 dicens
251 1699 294 1739 et
325 1697 454 1740 corde
477 1700 550 1740 tuo
574 1698 872 1743 maledicens?
893 1698 1137 1746 Convertite
1163 1712 1331 1754 semper

0 1792 2 1810 2
74 1766 262 1824 gladium
285 1775 478 1813 vestrum
520 1770 564 1813 in
599 1781 774 1816 earnem
806 1770 996 1815 vestram
1017 1804 1030 1824 ,
1062 1773 1328 1817 confitemini

42 1881 59 1885 -
74 1839 301 1885 adversum
322 1850 400 1886 vos
434 1841 691 1898 injustitiam
714 1848 904 1887 vestram
920 1877 933 1898 ,
963 1850 1006 1888 et
1034 1845 1330 1900 proximorum

74 1917 317 1957 vestrorum
354 1914 470 1957 bona
495 1915 689 1958 extollite
707 1947 719 1968 ,
747 1920 793 1959 ut
817 1928 987 1972 semper
1020 1917 1065 1958 in
1089 1926 1164 1959 ore
1187 1922 1330 1959 vestro

73 1992 196 2032 sonet
217 1988 395 2031 verbum
414 1995 456 2032 et
479 1987 587 2032 alios
611 1987 793 2032 laudans
814 2021 824 2040 ‚
863 1996 906 2034 et
936 1989 1138 2045 vosipsos
1162 1989 1330 2043 vitum-

73 2071 174 2106 rans
194 2066 238 2104 et
257 2059 591 2117 reprehendens.
623 2060 726 2104 Post
750 2059 853 2104 folia
875 2062 1106 2104 verborum
1131 2060 1328 2116 sequitur

74 2133 238 2179 fructus
259 2144 460 2190 operum,
484 2145 593 2190 quos
626 2141 726 2177 tunc
758 2134 950 2179 suaviter
984 2134 1163 2189 carpitis
1183 2165 1194 2185 ,
1228 2145 1327 2176 cum

72 2204 191 2260 juxta
227 2204 574 2249 exhortationem
599 2204 909 2261 apostolicam,
945 2203 1109 2247 honore
1143 2203 1326 2247 invicem

72 2275 317 2330 praevenitis
337 2269 476 2333 (Rom.
499 2286 580 2327 xn,
606 2274 694 2332 to).

109 2346 234 2406 XIV.
266 2346 318 2389 rit
342 2348 455 2392 'sicut
477 2349 531 2392 de
557 2347 686 2391 eorde
708 2353 750 2390 et
773 2358 849 2390 ore
868 2344 1059 2391 diximus
1074 2374 1086 2398 ν
1109 2346 1173 2390 sic
1195 2351 1237 2389 et
1268 2346 1321 2389 de

71 2427 249 2476 corpore
273 2425 423 2464 nostro
445 2419 628 2464 dicimus
643 2455 654 2474 ‚
671 2420 773 2475 quia
795 2418 1025 2475 duptieiter
1049 2420 1092 2462 in
1116 2420 1211 2475 ejus
1237 2415 1332 2461 mo'.

71 2492 190 2545 tibus,
203 2492 487 2535 humilitatem
501 2492 728 2536 ostendere
750 2491 964 2536 debemus
983 2507 995 2535 x
1012 2492 1154 2547 primo
1170 2504 1250 2535 nos
1266 2492 1330 2548 ip-

74 2575 152 2610 sos
172 2579 340 2628 semper
361 2572 403 2610 et
428 2565 589 2622 ubique
611 2565 866 2621 dejiciamus
888 2597 898 2617 ,
925 2564 1080 2609 deinde
1110 2572 1156 2623 ut
1184 2567 1331 2622 proxi-

70 2640 153 2684 mis
194 2640 356 2684 nostris
397 2639 642 2684 deferamus
663 2672 672 2691 ,
713 2646 757 2685 et
793 2636 1005 2682 innitatur
1045 2639 1218 2696 quidem
1259 2640 1330 2683 hic

70 2711 264 2767 geminus
285 2710 540 2755 humilitatis
564 2711 744 2761 modus,
767 2711 825 2753 illi
843 2743 853 2762 ‚
879 2723 1006 2766 quem
1032 2716 1117 2753 tani
1142 2711 1186 2753 in
1211 2712 1330 2770 cogi-

61 2785 257 2841 tatione,
292 2794 421 2840 quam
455 2784 671 2828 locutione
711 2783 956 2827 habendum
986 2794 1084 2827 esse
1117 2783 1324 2826 diximus·

70 2856 260 2902 Primum
283 2861 428 2916 itaque
449 2859 573 2903 stude
595 2869 766 2902 omnem
789 2871 959 2913 semper
982 2858 1025 2900 in
1046 2859 1167 2902 vultu
1190 2858 1330 2913 gravi.

70 2935 197 2995 tatem
228 2931 508 2976 circumferre
543 2943 640 2975 eum
681 2931 908 2975 dulcedine
928 2962 939 2981 ‚
974 2936 1017 2974 et
1049 2931 1321 2975 dulcedinem

71 3015 168 3049 eum
192 3006 401 3061 gravitate
423 3019 434 3059 ;
461 3005 565 3049 etin
595 3004 745 3048 habitu
769 3005 979 3049 vilitatem
1001 3016 1100 3047 cum
1124 3004 1328 3047 honesta-

73 3084 114 3121 te
135 3111 147 3129 ,
171 3088 353 3132 curans,
378 3083 426 3120 ut
457 3077 646 3122 breviter
678 3076 820 3120 dicam
843 3077 950 3120 nihil
974 3089 1062 3120 non
1087 3077 1248 3121 humile
1283 3077 1328 3119 in

73 3150 262 3202 incessu,
285 3151 328 3193 in
351 3156 482 3201 statu,
503 3150 547 3193 in
569 3158 707 3206 gestu,
726 3151 794 3193 vel
818 3150 860 3191 in
873 3149 1018 3206 aliquo
1039 3155 1158 3192 motu
1183 3157 1329 3193 osten-

73 3222 196 3277 derc3
219 3224 503 3267 novissimum
530 3224 690 3280 ubique
712 3228 923 3279 quantum
947 3223 990 3267 in
1013 3229 1056 3267 te
1077 3228 1159 3274 est,
1185 3224 1325 3271 locum

71 3298 210 3353 elige:
246 3304 289 3342 et
318 3309 417 3341 cum
454 3295 565 3341 forte
599 3297 650 3341 ad
684 3297 846 3353 aliquid
881 3297 996 3353 quod
1026 3295 1208 3341 sublime
1230 3307 1327 3342 esse

1419 261 1536 308 sunt,
1563 256 1636 299 sed
1659 257 1787 299 etiam
1811 262 1853 300 te
1873 256 1950 300 tibi
1974 268 2101 311 parce
2120 254 2387 306 concedens,
2412 254 2498 297 iilis
2523 260 2662 298 autem

1416 331 1505 369 tam
1525 333 1583 379 te,
1608 339 1736 383 quam
1760 333 1832 370 tua
1855 328 2031 384 largiter
2053 323 2319 383 impendens.
2358 326 2423 370 En
2451 339 2527 370 sex
2543 326 2663 370 vobis

1417 400 1685 445 ostendimus
1712 399 1890 452 modos,
1925 401 2083 456 quihus
2121 411 2230 445 verae
2253 400 2506 443 humilitatis
2529 399 2664 442 virtu·

1419 478 1502 515 tem
1526 484 1729 516 exercere
1752 473 1917 518 debetis
1938 473 2144 519 :duobus
2161 472 2336 530 quidem
2360 474 2405 516 in
2426 472 2557 517 corde
2574 504 2588 526 ,
2610 473 2664 515 de

1415 545 1543 589 nobis
1563 545 1672 600 ipsis
1711 546 1888 589 humilia
1908 577 1920 597 ,
1952 553 1995 590 et
2034 547 2087 589 de
2118 546 2326 602 proximis
2367 545 2528 589 nostris
2564 555 2664 590 sen-

1417 615 1569 660 tientes
1582 616 1798 660 sublimia.
1825 614 2002 661 Duobus
2029 617 2152 672 201
2169 623 2212 662 et
2238 617 2282 660 in
2313 628 2416 662 ore:
2440 628 2520 662 nos
2545 619 2671 674 ipsos

1416 689 1511 733 sine
1537 689 1884 734 dissimulatione
1915 695 2194 741 accusantes,
2223 692 2443 745 proximos
2459 701 2561 734 vero
2583 701 2666 733 no-

1417 767 1530 804 stros
1554 763 1646 806 sine
1670 761 1915 806 adulatione
1939 762 2206 806 extolientes.
2249 761 2334 805 Sed
2363 771 2407 806 et
2427 762 2596 806 duobus
2618 763 2662 806 in

1415 846 1595 889 corpore
1619 850 1628 877 ι
1653 846 1732 878 nos
1764 846 1935 890 semper
1956 842 1997 878 et
2019 834 2178 890 ubique
2199 838 2505 889 postponentes
2526 839 2569 877 et.
2587 833 2665 877 de-

1410 904 1635 959 jicientes,
1662 906 1763 950 illos
1783 912 1926 949 autem
1958 911 2258 961 praeponentes
2288 912 2331 949 et
2360 905 2527 948 honore
2549 916 2662 960 prae·-

1414 978 1652 1020 venientes.

1467 1050 1558 1093 XV⁴
1586 1051 1661 1094 Est
1681 1056 1722 1093 ct
1745 1051 1952 1107 septimus
1976 1051 2150 1107 quidam
2171 1081 2183 1103 ,
2202 1051 2275 1107 qui
2297 1050 2449 1094 horum
2467 1049 2661 1094 omnium

1413 1133 1545 1166 causa
1568 1128 1609 1166 et
1633 1122 1829 1174 fructus,
1863 1124 2035 1166 initium
2057 1129 2100 1166 et
2127 1123 2224 1167 finis
2248 1130 2328 1168 est.
2370 1122 2465 1180 Ipse
2498 1128 2564 1166 est
2588 1124 2662 1179 qui

1412 1205 1556 1238 veram
1589 1195 1816 1239 intentioni
1843 1201 2006 1239 nostrae
2032 1194 2200 1239 confert
2231 1195 2460 1251 puritatem
2479 1228 2491 1246 ‚
2531 1207 2662 1251 quam

23 1267 25 1277 ’
77 1266 122 1308 et
153 1268 199 1306 tu
234 1261 298 1308 sic
337 1275 413 1310 ore
456 1266 570 1322 quod
614 1276 760 1309 verum
799 1271 865 1310 est
898 1265 1065 1322 profers
1087 1299 1098 1318 ‚
1139 1272 1185 1309 ut
1221 1265 1335 1322 quod
1360 1257 1394 1301 Β
1415 1265 1625 1312 Dominus
1649 1268 1694 1310 in
1717 1263 1948 1324 Evangelio
1976 1267 2088 1312 oculi
2113 1268 2254 1310 nostri
2290 1267 2475 1323 appellat
2496 1266 2639 1321 simpli

1414 1337 1586 1381 citatem
1608 1354 1619 1382 t
1647 1351 1775 1395 quam
1798 1339 1836 1383 si
1859 1338 2063 1384 habueris
2081 1340 2125 1382 in
2143 1351 2324 1395 corpore
2349 1344 2441 1390 tuo,
2465 1340 2558 1381 luce
2574 1351 2661 1382 non

1414 1410 1582 1455 carebis
1606 1408 1775 1468 (Matth.
1805 1423 1862 1462 vt,
1883 1410 1971 1469 22).
1999 1410 2119 1454 Hanc
2138 1417 2283 1454 autem
2307 1407 2560 1454 intentionis
2582 1423 2636 1466 pu
2657 1432 2663 1438 ·

1412 1481 1584 1526 ritatem
1607 1484 1800 1538 omnium
1823 1474 2074 1527 nostrarum
2095 1483 2322 1526 humilium
2335 1475 2419 1526 tam
2434 1483 2662 1539 cogitatis-

1412 1566 1533 1606 num,
1559 1567 1688 1611 quam
1711 1543 1995 1608 loeutiOnum,
2022 1561 2064 1600 et
2087 1557 2306 1599 actitinum
2329 1556 2425 1600 ideo
2447 1556 2534 1599 dixi
2558 1567 2661 1599 cau-

1413 1640 1505 1672 sam
1533 1641 1630 1673 esse
1656 1636 1698 1673 et
1733 1629 1951 1683 fructum;
1987 1630 2089 1685 quia
2122 1628 2175 1672 ad
2206 1628 2427 1673 habendas
2460 1641 2534 1672 eas
2568 1629 2661 1684 ipsa

1413 1713 1493 1744 nos
1515 1702 1706 1746 excitare
1726 1734 1737 1753 ‚
1773 1707 1814 1746 et
1840 1707 1886 1745 ut
1910 1701 2131 1746 fructuose
2155 1702 2407 1752 habeamus,
2433 1701 2525 1757 ipsa
2548 1703 2640 1744 nihi

1413 1773 1597 1817 lominus
1620 1773 1744 1817 debet
1768 1786 1846 1816 nos
1870 1774 2050 1829 erigere.
2078 1772 2194 1816 Nihil
2217 1774 2331 1817 enini
2366 1773 2446 1817 tibi
2469 1772 2658 1828 prodest,

1411 1846 1523 1902 quod
1549 1847 1729 1889 humilia
1751 1847 1802 1890 de
1827 1854 1883 1898 te,
1911 1852 1953 1890 et
1977 1846 2175 1891 sublimia
2192 1845 2245 1889 de
2262 1846 2458 1902 proximo
2477 1851 2550 1889 tuo
2569 1856 2660 1889 seu-

1410 1919 1466 1962 tis
1487 1934 1495 1962 :
1522 1919 1638 1974 quod
1670 1924 1713 1963 te
1737 1918 2018 1974 reprehendis
2035 1950 2046 1970 ,
2073 1924 2116 1963 et
2140 1918 2261 1961 illum
2285 1917 2413 1975 erigi-3
2437 1931 2448 1961 2
2482 1918 2594 1975 quod
2621 1924 2662 1961 te

1409 1992 1580 2048 dejicis,
1599 1999 1641 2035 et
1666 1992 1787 2035 illum
1812 1993 1999 2044 extollis,
2026 1991 2110 2036 nisi
2135 1997 2223 2036 tam
2247 1989 2399 2034 humili
2413 1991 2496 2035 hoe
2517 1990 2660 2034 inten-

1409 2066 1524 2110 tione
1548 2052 1785 2117 exercens,
1810 2073 1857 2108 ut
1879 2071 1921 2110 et
1941 2066 1987 2108 in
2004 2064 2195 2116 -virtute',
2221 2064 2412 2107 virtuose
2430 2062 2545 2119 quod
2571 2062 2659 2106 vir-

1408 2139 1513 2181 tutis
1536 2134 1602 2182 est
1634 2150 1737 2194 agas
1759 2142 1801 2181 et
1825 2143 2036 2195 peragas}
2051 2142 2109 2181 et
2131 2149 2208 2192 pro
2226 2136 2385 2180 virtute
2403 2135 2660 2187 mercedem,

1405 2225 1502 2268 quae
1518 2213 1664 2256 virtuti
1682 2213 1877 2262 debetur,
1903 2213 2080 2268 expetas·
2098 2217 2141 2255 et
2163 2215 2400 2264 exspectes.
2434 2207 2478 2250 in
2503 2208 2662 2252 virtute

1346 2317 1378 2362 C
1408 2283 1619 2341 siquidem
1638 2284 1753 2341 quod
1781 2285 1956 2328 virtutis
1979 2291 2047 2329 est
2071 2285 2261 2328 virtuose
2278 2287 2320 2326 et
2345 2283 2452 2338 agis,
2477 2287 2518 2324 et
2535 2291 2656 2336 pera-

1413 2359 1494 2415 gis,
1514 2359 1551 2401 si
1565 2359 1609 2401 in
1622 2358 1690 2401 his
1707 2358 1978 2409 humilitatis,
1999 2356 2254 2413 caeterisque
2274 2354 2516 2399 sanctitatis
2537 2365 2661 2397 exer-

1412 2433 1551 2484 citiis,
1587 2446 1681 2488 quae
1712 2433 1766 2476 ad
1789 2433 1984 2476 eanidem
2025 2431 2310 2477 humilitatem
2331 2463 2342 2482 ,
2379 2430 2469 2473 sive
2499 2428 2662 2474 saneti«

1410 2510 1542 2548 tatem
1567 2505 1693 2549 aliam
1720 2505 1972 2562 quamlibet,
1996 2504 2121 2558 quus
2146 2508 2247 2548 sunt
2278 2503 2498 2554 exercitia,
2523 2501 2656 2557 perti-

1410 2583 1514 2621 nent
1532 2610 1543 2630 ,
1583 2577 1724 2621 facere
1760 2578 1923 2620 utiliter
1943 2583 1983 2620 et
2004 2580 2330 2631 perseveranter
2355 2586 2442 2616 non
2479 2573 2657 2618 emittis.

1410 2649 1649 2694 Mercedem
1674 2651 1821 2706 utique
1843 2649 1993 2692 virtuti
2014 2649 2204 2692 debitam
2238 2648 2404 2702 expetis
2440 2651 2482 2689 et
2505 2657 2660 2700 exspe-

1409 2731 1517 2775 ctas,
1544 2724 1580 2767 si
1610 2724 1785 2766 excluso
1807 2723 1949 2772 omni,
1985 2727 2075 2763 tam
2113 2720 2274 2763 favoris
2301 2718 2502 2768 humani,
2528 2729 2658 2772 quam

1408 2795 1585 2848 terreni,
1601 2794 2037 2851 alicujushujusmodi
2051 2793 2258 2848 appetitu,
2278 2793 2413 2835 solam
2429 2801 2657 2846 supernam

1407 2866 1736 2911 retributionem
1754 2871 1796 2910 et
1820 2867 2038 2909 voluntate
2057 2865 2208 2908 devota
2222 2862 2402 2919 adipisci
2416 2861 2654 2911 desideras,

1408 2946 1449 2984 et
1467 2953 1543 2997 spe
1564 2946 1681 2984 certa
1703 2947 1745 2984 te
1768 2939 2024 2995 adepturum
2038 2936 2307 2993 speras-Iam
2325 2936 2376 2978 de
2392 2933 2519 2978 tertia
2530 2933 2659 2976 Chri-

1407 3014 1464 3057 sti
1481 3013 1845 3063 manifestatione,
1865 3024 1960 3067 quae
1972 3011 2025 3055 ad
2047 3016 2301 3067 praesentem
2319 3008 2504 3064 pertinet
2518 3007 2657 3057 diem,

1407 3085 1453 3128 in
1475 3096 1558 3141 qua
1584 3097 1738 3141 aquam
1763 3083 1970 3127 mutando
1994 3083 2039 3126 in
2060 3083 2206 3126 vinum
2233 3082 2286 3124 ad
2309 3080 2482 3136 nuptias
2517 3077 2657 3122 mani-

1407 3157 1580 3202 lestavit
1602 3157 1781 3214 gloriam
1799 3168 1938 3207 suam,
1965 3161 2155 3198 tractare
2180 3153 2304 3196 nobis
2329 3150 2553 3201 incumbit,
2578 3149 2657 3192 sed

1407 3229 1451 3273 id
1467 3230 1639 3286 aggredi
1658 3230 1784 3273 modo
1803 3242 1889 3272 non
1902 3229 2096 3271 valemus
2105 3239 2119 3277 ,·
2138 3225 2214 3270 sed
2226 3237 2325 3268 eum
2337 3224 2406 3267 die
2422 3235 2500 3266 suo
2518 3221 2655 3264 Evan-

1407 3303 1563 3359 gelium
1586 3303 1638 3346 de
1674 3301 2025 3346 manifestatione
2061 3300 2134 3342 illa
2171 3299 2328 3344 lectum
2358 3295 2487 3340 fuerit
2502 3326 2513 3346 ,
2550 3299 2655 3337 tune

72 3369 266 3421 Videtur,
302 3375 345 3412 te
377 3366 522 3413 vocari
546 3369 756 3425 contingit
772 3401 783 3421 ‚
818 3369 882 3412 Sic
913 3380 1000 3412 ¹10¹]
1028 3369 1223 3424 imi-‘robe
1257 3367 1323 3412 in·
1348 3386 1383 3428 Β
1405 3375 1520 3432 quod
1543 3375 1636 3431 ipse
1657 3374 1844 3419 nobisde
1867 3387 1917 3418 ea
1937 3370 2490 3427 manifestaredignabitur,
2516 3373 2557 3411 et
2573 3378 2653 3410 nos

73 3443 201 3487 sistas
218 3475 228 3494 ‚
253 3450 300 3486 ut
326 3448 467 3486 tamen
496 3440 718 3485 humiliter
753 3451 928 3486 recuses
950 3457 958 3485 ε
1000 3443 1063 3485 sic
1092 3452 1179 3484 non
1205 3439 1325 3484 fron-

75 3519 166 3559 tose
182 3526 374 3566 recuses,
400 3521 447 3558 ut
469 3519 613 3559 tamen
635 3514 880 3559 verecunde
899 3527 1097 3559 excuses.
1123 3513 1175 3557 Et
1199 3515 1238 3557 si
1262 3515 1324 3557 ita

73 3599 144 3633 res
165 3590 378 3644 exegerit,
403 3588 676 3633 teter-andum
708 3587 870 3631 invitus
901 3588 1117 3643 suscipias
1135 3619 1145 3638 ,
1172 3593 1214 3630 et
1248 3599 1323 3630 ne-

75 3671 285 3717 quaquam
310 3659 536 3704 amandum
561 3660 641 3704 tibi
673 3654 890 3704 resolutus
922 3664 1047 3715 putes
1067 3672 1077 3711 ;
1101 3670 1323 3713 nunquam

75 3734 216 3778 tamen
267 3741 440 3790 appetas
461 3764 472 3784 ,
518 3733 654 3775 multo
699 3733 845 3776 minus
887 3736 1004 3775 certe
1047 3735 1091 3774 te
1135 3731 1319 3786 ingeras.

75 3805 233 3852 vende
273 3808 383 3851 sicut
406 3808 447 3849 ln
477 3805 720 3850 humilitate
745 3805 922 3860 spiritus
948 3804 1056 3848 alios
1078 3804 1323 3860 superiores

77 3877 297 3924 arbitraris
321 3912 331 3930 ,
363 3880 406 3922 in
433 3879 675 3922 humilitate
706 3879 918 3922 seimonis
946 3875 1075 3920 etiam
1105 3876 1213 3919 alios
1246 3890 1316 3918 su-

77 3953 264 4008 periores
297 3940 544 4003 confiteris3
575 3951 637 3994 ita
670 3962 846 3994 necesse
866 3955 960 4001 est,
994 3955 1042 3993 ut
1062 3962 1137 3994 eos
1166 3949 1322 3992 nihilo-

77 4025 231 4076 minus,
261 4026 302 4067 in
327 4025 566 4067 humilitate
584 4022 727 4075 officii,
754 4025 998 4079 superiores
1019 4033 1188 4078 quoque
1207 4022 1324 4064 exhi·

77 4095 177 4142 beas
198 4113 208 4140 :
254 4088 409 4153 ubique
447 4090 620 4153 propter
662 4110 737 4141 eos
776 4097 992 4140 officiosus
1010 4128 1022 4145 ,
1062 4101 1104 4139 et
1143 4095 1321 4139 devotus

78 4168 353 4215 discurrens:
390 4168 655 4226 superiorem
690 4169 753 4213 eis
788 4170 829 4212 in
863 4168 980 4212 omni
1016 4180 1216 4212 sermone
1237 4200 1248 4218 ‚
1280 4173 1322 4211 et

78 4241 246 4295 negotio
265 4241 408 4285 iocum
432 4240 644 4293 tribuens,
669 4239 834 4283 honore
855 4253 1025 4296 semper
1046 4236 1139 4290 eos,
1162 4245 1204 4283 et
1229 4239 1322 4282 ubi-

81 4324 162 4367 que
177 4313 457 4369 praeveniens,
477 4314 634 4358 sudare
658 4303 753 4357 cum
771 4313 834 4357 eis
853 4317 1075 4368 appetens,
1097 4310 1320 4362 sublimari

81 4384 310 4444 refugiens,
336 4383 455 4431 velox
479 4394 520 4432 et
550 4381 773 4442 promptus
798 4386 851 4428 ad
875 4373 1081 4436 laborem,
1106 4384 1255 4427 tardus
1279 4390 1319 4426 et

1403 3448 1778 3492 manifestabimus
1796 3447 1934 3498 vobis,
1958 3444 2181 3505 ostensuri
2204 3443 2332 3487 etiam
2357 3440 2557 3484 charitati
2576 3450 2653 3482 vc-

1405 3527 1504 3564 strae
1519 3521 1728 3578 quaedam,
1754 3533 1850 3576 quae
1866 3519 1917 3563 de
1942 3519 2023 3562 hac
2045 3505 2263 3560 ablutione
2281 3514 2491 3571 spirituali
2512 3518 2653 3557 mente

1403 3595 1681 3645 revolvimus,
1723 3592 1776 3636 ad
1799 3592 2126 3636 aedificationem
2157 3594 2343 3633 vestram
2363 3620 2373 3638 ,
2399 3594 2440 3630 et
2462 3586 2649 3635 laudem,

1403 3671 1445 3709 et
1463 3665 1644 3720 gloriam
1667 3676 1807 3713 suam,
1831 3663 1904 3718 qui
1929 3667 2143 3716 estsuper
2164 3659 2307 3703 omnia
2335 3657 2448 3700 Deus
2471 3656 2651 3699 benedi-

1405 3743 1501 3781 ctus
1523 3738 1567 3779 in
1590 3736 1763 3780 saecula.
1786 3735 1936 3778 Amen.
2569 3731 2571 3733 ’

1859 3805 2041 3849 SERMO
2070 3803 2195 3846 XLV.

1602 3895 1803 3927 DOMtNlCA
1829 3893 2013 3926 secu-uni
2039 3891 2141 3922 rosr
2168 3888 2438 3920 firmissimi.

1403 3958 1463 4000 De
1488 3957 1700 4012 spirituali
1718 3962 1860 3997 nostra
1886 3953 2113 4002 «relatione,
2137 3964 2228 4005 quw
2251 3948 2650 4011 iulium-ilitalecon-

1458 4015 1596 4055 sistit:
1622 4020 1661 4055 et
1687 4011 1735 4053 de
1752 4011 1923 4053 internis
1949 4009 2101 4063 nuptiis
2128 4006 2290 4054 rit-entis,
2315 4017 2417 4059 quas
2443 4002 2567 4044 szmul
2585 4014 2648 4042 ce·-

1459 4069 1615 4111 lebrant
1642 4067 1753 4109 Deus
1777 4077 1949 4120 sponsas
1967 4071 2003 4106 et
2024 4065 2164 4105 auium
2187 4074 2353 4116 sponsa.
2395 4084 2398 4085 ν

1405 4161 1604 4202 Srnorsts
1628 4169 1848 4202 senuoms.
1875 4179 1928 4186 —-
1954 4156 1992 4197 1.
2018 4153 2209 4197 Naaman
2235 4151 2367 4206 Syrus
2389 4154 2429 4190 et
2452 4148 2647 4210 leprosus

1459 4215 1502 4257 in
1522 4222 1622 4270 typo
1642 4214 1805 4256 homini
1830 4212 2014 4266 superbo
2039 4217 2081 4252 et
2099 4205 2537 4259 luxuriosopraelusit.
2563 4201 2648 4242 Lu-

1458 4271 1580 4312 xuria
1597 4276 1662 4312 cst
1686 4281 1810 4324 poena
1835 4267 2061 4322 superbiae.
2088 4289 2142 4295 .-
2171 4264 2212 4307 Ξ.
2240 4261 2492 4323 inhonestas
2518 4257 2647 4310 leprae

1459 4326 1689 4374 luxuriam,
1713 4320 2157 4378 principatusmiiitiae
2184 4317 2425 4372 superbiam
2446 4315 2650 4374 notat-3·-

1458 4382 1497 4423 5.
1527 4380 1585 4422 Ex
1611 4380 1840 4423 ‹livii-unius
1866 4377 2046 4422 rationis
2069 4380 2165 4431 pest
2189 4377 2411 4429 peecatum
2437 4369 2652 4411 converti·
