2924 4588
58 133 166 182 2323

0 332 3 334 ,
60 295 135 352 pii.
154 291 352 336 Porticus
374 295 474 334 ante
497 290 570 333 illa
594 289 819 334 dicebatur
857 291 1059 346 tempium
1099 290 1293 336 Salomo-

63 367 147 418 nis,
170 366 213 408 in
250 376 335 420 quo
379 362 543 407 solebat
572 368 687 406 stare
718 364 771 405 ad
801 363 1027 415 orandum,
1050 365 1094 407 in
1132 378 1215 420 qua
1250 367 1293 409 in

63 438 132 480 die
155 434 453 480 ,dedicationis
495 434 632 476 erexit
673 433 916 477 columnam
963 447 1133 490 aeream,
1165 446 1294 493 supra

65 510 191 552 huam
209 504 366 556 oravit,
388 503 510 548 flexis
543 504 742 558 genibus,
763 517 861 547 cum
885 510 1025 550 tamen
1058 507 1192 551 Judaei
1225 522 1295 553 so-

65 581 180 624 leant
201 582 321 621 stare·
335 587 432 620 curn
450 579 592 620 orant.
620 589 635 615 ‹
662 574 714 618 Et
733 574 933 618 dixerunt
949 575 1082 620 Judaei
1097 594 1107 621 :
1124 577 1295 630 Quous-

28 688 33 689 ι
66 649 356 708 queauimas
384 653 557 691 nostras
595 647 734 691 tollis?
754 648 791 690 si
815 654 859 690 tu
893 660 941 692 es
977 647 1190 699 Christus,
1229 651 1297 693 dic

8 750 17 786 1
67 722 194 781 nobis
210 721 381 781 palam?
404 735 420 762 ι
441 719 541 764 Ideo
564 719 812 775 quaerebant
836 721 934 776 quia
957 721 993 765 si
1016 733 1062 765 se
1082 721 1297 767 Christum

8 823 30 866 ¹>
69 795 246 846 diceret,
280 798 474 837 tenerent
496 805 610 845 eum,
643 798 844 848 tanquam
879 798 1030 836 contra
1062 795 1299 851 Augustum

23 875 41 915 ’γ
70 881 119 914 se
137 867 387 923 erigentem.
412 865 511 909 Ideo
532 865 731 921 Christus
754 878 1007 921 responsum
1031 868 1299 920 temperavit,

2 948 47 998 ή,
70 940 219 985 dicens
237 953 250 983 ι
266 953 281 978 ‹
301 937 474 993 Loquor
495 937 634 995 vobis,
660 943 702 980 et
720 950 806 996 non
826 938 1022 990 creditis;
1045 950 1190 994 opera,
1209 951 1302 994 quae

22 1043 43 1062 -,
71 1023 148 1068 ego
171 1009 299 1061 facio,
323 1009 613 1053 testimonium
649 1008 873 1064 perhibent
910 1009 963 1052 de
994 1020 1078 1052 me.
1112 1009 1304 1064 Cumque

26 1085 32 1094 ”
73 1085 250 1132 dixisset
285 1099 295 1127 ε
332 1083 420 1139 Ego
459 1088 501 1125 et
538 1081 666 1125 Pater
690 1094 822 1125 unum
847 1094 1014 1133 sumus,
1039 1083 1304 1127 sustulerunt

28 1150 38 1190 ἑ
73 1155 206 1201 Judaei
228 1155 406 1211 lapides,
432 1158 478 1196 ut
511 1152 707 1208 jacerent
736 1153 780 1196 in
803 1165 917 1197 eum.
940 1153 1132 1209 Cumque
1172 1155 1306 1198 dixis·

75 1232 170 1272 sent
191 1239 237 1271 sc
257 1225 364 1269 velle
394 1237 492 1273 eum
531 1224 722 1280 lapidare
756 1237 834 1280 pro
867 1217 1147 1280 blasphemia,
1185 1226 1301 1280 quia,

26 1331 39 1359 4
76 1312 174 1345 cum
204 1304 317 1343 esset
354 1298 498 1348 homo,
537 1296 670 1339 Deum
703 1309 751 1340 se
790 1297 988 1347 faciebat,
1020 1297 1127 1338 dixit
1159 1309 1170 1337 ι
1200 1298 1308 1348 Quia

27 1412 42 1419 .
78 1373 304 1430 Scriptura
328 1370 523 1414 homines
546 1370 651 1413 dicit
674 1370 795 1419 deos,
827 1384 840 1410 ι
869 1377 915 1412 ιιι
938 1369 994 1412 ihi
1018 1384 1028 1410 :
1057 1383 1071 1408 ι
1101 1368 1185 1424 Ego
1205 1369 1309 1422 dixi,

20 1455 32 1505 ἰ,
77 1448 136 1493 dii
154 1447 274 1499 estis,
293 1451 335 1490 et
364 1446 439 1489 filii
457 1444 623 1491 Excelsi
651 1451 804 1486 omnes
821 1442 958 1499 (Psal.
986 1442 1176 1496 cxxxii»
1202 1442 1310 1496 Ergo

30 1528 37 1569 s
79 1521 213 1566 multo
255 1520 408 1574 magis,
442 1530 569 1574 quem
607 1515 735 1560 Pater
771 1516 953 1559 miserat
1002 1516 1045 1556 in
1087 1515 1308 1566 mundum,

78 1593 165 1639 diei
197 1597 336 1649 potest
360 1590 490 1640 Deus,
515 1601 612 1633 cum
640 1597 782 1632 tamen
817 1588 986 1630 dicatur
1015 1582 1143 1630 homo
1178 1587 1307 1637 Deus,

80 1671 130 1712 et,
147 1666 322 1709 verbum
353 1662 482 1713 Deus,
508 1661 790 1706 dissimiliter.
814 1659 902 1702 Hae
921 1660 1199 1715 ambiguitate
1235 1673 1314 1703 no—

51 1775 53 1777 .
82 1737 209 1785 minis
230 1737 336 1779 iram
360 1747 507 1781 eorum
530 1734 755 1790 mitigavit.
790 1747 804 1773 ι
829 1733 1084 1788 Quaerebant
1102 1745 1201 1788 ergo
1220 1745 1316 1775 eum

77 1808 414 1866 apprehendere,
439 1812 484 1851 et
507 1806 639 1850 exivit
663 1806 717 1849 de
737 1805 937 1848 manibus
967 1816 1131 1855 eorum,
1154 1811 1194 1848 et
1214 1805 1317 1847 abiit

82 1887 206 1928 trans
241 1879 487 1930 Jordanem,
513 1878 586 1923 ubi
618 1883 710 1921 erat
744 1877 932 1921 «Ioannes
975 1877 1193 1931 baptizans
1231 1877 1318 1931 pri·

3 1943 13 1991 ¹.
54 1948 61 1994 ᾗ
85 1965 220 2010 mum.
249 1968 267 1995 ι
320 2007 323 2010 Α

30 2027 38 2036 ¹
251 2025 352 2070 Can.
379 2023 520 2068 CVlll.
558 2023 619 2066 De
652 2023 950 2069 resurrectione
983 2021 1154 2065 Lazari.

4 2146 15 2160 ,-
145 2099 273 2141 «Erat
289 2104 431 2142 autem
454 2096 627 2152 quidam
646 2097 856 2151 languens
867 2095 1060 2138 Lazarus
1078 2108 1100 2137 a
1117 2094 1320 2138 Bethania

0 2200 14 2219 ,,-
39 2176 47 2227 ξ’
87 2167 142 2216 ὅθ
183 2171 360 2216 castello
393 2169 536 2213 Mariae
574 2172 616 2212 et
659 2167 849 2210 Marthae.
880 2166 988 2210 Cum
1035 2173 1176 2210 autem
1205 2178 1322 2209 acce-

8 2251 27 2279 !
48 2275 50 2277 -
91 2243 223 2300 pisset
244 2242 454 2286 Lazarum
468 2240 678 2284 infirmari
705 2252 780 2294 per
804 2239 1003 2282 nuntium
1027 2251 1224 2282 sororum
1239 2238 1318 2281 ait:

7 2311 33 2371 ‘J
59 2343 62 2349 -
92 2313 322 2359 infirmitas
361 2313 557 2374 haeqnon
582 2317 648 2355 est
671 2310 726 2353 ad
759 2315 940 2354 mortem
966 2307 1108 2366 (Joan.
1135 2308 1203 2364 ιι),
1227 2323 1243 2348 ι
1265 2308 1320 2354 ad

92 2397 190 2434 eum
227 2387 391 2433 scilicet
431 2383 708 2428 detinendum
733 2382 779 2426 in
801 2387 956 2432 morte,
982 2395 997 2421 ε
1020 2387 1061 2424 et
1098 2380 1255 2423 mansit
1280 2380 1323 2422 in

93 2461 241 2514 eodem
265 2461 360 2505 loco
387 2457 554 2502 duobus
567 2455 734 2506 diebus,
759 2469 773 2494 ι
790 2465 1012 2509 quousque
1030 2452 1196 2495 scilicet
1218 2463 1326 2505 qua-

0 2522 79 2590 js'*
91 2535 284 2578 triduum
305 2531 570 2586 impleretur.
600 2542 615 2568 ι
634 2526 757 2569 Τυιιο
803 2526 861 2568 ait
890 2524 1115 2579 discipulis
1139 2538 1146 2564 :
1172 2522 1328 2566 Eamus

16 2596 71 2674 ’ἶῇ
97 2614 139 2656 in
177 2610 368 2654 Judaeam
390 2610 562 2652 iterum.
605 2606 688 2658 Qui
713 2605 913 2649 dixerunt
936 2616 946 2644 ε
971 2602 1106 2646 Judaei
1131 2602 1331 2646 volebant

35 2682 74 2747 ᾗ
97 2691 139 2728 te
161 2682 360 2738 lapidari,
384 2685 429 2725 ct
453 2681 609 2722 iterum
633 2678 755 2722 vadis
775 2678 892 2719 illuc.
916 2691 930 2717 ι
956 2675 1081 2718 Jesus
1104 2681 1243 2716 autem
1267 2672 1331 2714 di·

30 2749 71 2815 ’Ὑῇ
98 2757 160 2799 xit
182 2768 230 2800 se
251 2766 348 2799 esse
379 2753 504 2809 quasi
553 2752 683 2800 diem,
723 2757 766 2794 et
796 2751 912 2803 ipsos
947 2748 1067 2803 quasi
1107 2746 1330 2789 duodecim

0 2864 3 2880 .
34 2818 78 2886 ἒξ
100 2831 242 2880 boras,
267 2835 311 2873 et
331 2826 430 2872 ideo
453 2838 538 2869 non
572 2831 664 2868 erat
696 2825 758 2867 eis
794 2822 1029 2865 timendum
1049 2832 1145 2862 cum
1181 2832 1232 2862 eo
1251 2818 1329 2861 ir-e.

3 2894 8 2943 ’ἒ
100 2901 152 2945 Et
173 2909 275 2946 nota
292 2900 392 2956 quia
415 2899 453 2944 si
473 2898 606 2942 Judas
641 2897 780 2940 adhuc
803 2900 894 2938 erat
918 2895 1071 2944 bonus,
1097 2898 1199 2933 tunc
1228 2891 1334 2933 hora

0 2977 6 2996 ²
46 2971 75 3027 '31
102 2973 185 3018 diei
206 2979 316 3024 erat,
340 2979 381 3016 et
400 2972 438 3016 si
450 2972 540 3026 iam
564 2970 703 3012 malus
722 2980 800 3023 pro
822 2966 996 3014 Mathia,
1024 2965 1253 3008 substituto
1275 2963 1332 3013 ei.

70 3072 77 3093 ς,
105 3048 265 3091 dictum
290 3052 371 3091 est.
397 3045 561 3088 Dicitur
591 3050 631 3088 et
667 3045 805 3094 aliter,
843 3040 967 3097 quasi
1003 3039 1147 3082 dicat:
1171 3024 1336 3080 Putatis

102 3119 272 3166 Judaeos
289 3130 561 3176 perseverare
580 3118 621 3160 in
660 3117 878 3160 voluntate
900 3126 967 3156 me
989 3111 1221 3166 lapidandi.
1245 3109 1336 3152 Sie-

6 3187 16 3199 ”
51 3226 63 3235 .‹
105 3202 154 3239 ut
191 3195 310 3238 horae
351 3193 579 3236 mutabiles
603 3198 719 3243 sunt,
745 3191 807 3234 sic
830 3196 871 3232 et
894 3188 1072 3230 affectus
1098 3185 1335 3229 hominum.

111 3418 153 3472 et
177 3422 271 3468 ego,
288 3414 332 3455 et
361 3421 453 3459 vos,
478 3421 565 3452 nen
581 3406 757 3451 effendit
778 3405 979 3460 aliquem,
1004 3411 1046 3446 et
1068 3402 1164 3445 ideo
1200 3400 1338 3443 securi

738 125 997 175 ms'romA
1028 127 1415 179 SCHOLASTlCA.
1445 157 1488 167 —
1526 132 1583 180 IN
1611 136 1926 185 EVANGELIA.

59 209 266 278 templum·
282 218 395 263 enim
421 229 512 264 uon
535 217 826 263 ascendebant
846 219 932 262 nisi
963 220 1148 264 ministri
1179 227 1286 264 tem·-
1309 226 1344 269 A
1371 227 1418 264 ut
1441 227 1751 272 sanctificarent
1775 241 1835 273 se.
1854 229 2050 273 Creditur
2069 231 2182 274 enim
2203 230 2285 274 hoc-
2306 243 2400 274 esse
2427 232 2582 274 tactum

78 3307 81 3317 ι
111 3269 304 3312 Etetiam
331 3267 486 3323 saepius
512 3271 706 3308 mutatur
749 3266 794 3305 in
818 3263 889 3305 die
906 3273 981 3304 cor
1005 3259 1192 3303 hominis
1211 3269 1339 3313 quam

111 3340 240 3384 borae.
283 3339 335 3380 Et
357 3338 427 3393 qui
453 3336 643 3379 ambulat
675 3336 720 3377 in
739 3333 830 3383 die,
859 3333 901 3375 id
923 3339 988 3375 est
1018 3331 1061 3372 in
1088 3341 1208 3385 pace,
1229 3329 1340 3372 sicut

72 3498 75 3500 ·
111 3497 276 3529 eamus.
321 3483 373 3525 Et
413 3482 577 3526 addidit
606 3496 616 3523 ε
646 3495 660 3521 ‹
687 3478 878 3522 Lazarus
929 3481 1124 3519 mortuus
1168 3478 1267 3523 est,
1298 3478 1341 3515 ct

3 3572 7 3581 ·
81 3549 94 3566 ²
112 3557 275 3612 gaudeo
303 3564 476 3612 propter
494 3567 584 3603 vos,
612 3553 712 3608 quia
734 3564 819 3596 non
843 3561 961 3593 eram
979 3549 1053 3598 ibi,
1075 3561 1090 3588 ι
1123 3547 1225 3603 quia
1241 3547 1340 3587 dunt

26 3677 29 3684 1
77 3629 175 3684 -eis
197 3629 323 3683 longe
361 3628 502 3684 posita
544 3627 729 3675 indicat,
769 3623 1000 3666 roboratur
1037 3619 1142 3663 tides
1175 3627 1340 3662 eorum.

85 3731 87 3735 .
113 3698 253 3744 Rediit
265 3713 368 3757 crgo
385 3701 511 3744 Jesus
532 3700 572 3743 in
590 3697 860 3743 Bethaniam*
879 3707 975 3737 cum
992 3692 1214 3748 discipulis
1233 3689 1341 3741 suis,

71 3775 157 3821 „et
183 3769 346 3814 Martha
369 3771 558 3814 occurrit
578 3770 616 3814 ei
637 3772 758 3812 extra
782 3766 1019 3808 castellum,
1048 3762 1099 3804 Et
1141 3761 1344 3803 advocata

2473 144 2580 187 ¹59t

1369 307 1418 338 ea
1437 297 1504 340 die
1533 310 1616 353 qua
1655 301 1806 355 legitur
1841 301 1884 343 in
1908 300 2256 356 Quadragesima.
2286 303 2447 345 scilicet
2465 309 2584 346 sexta

1371 366 1477 411 seria
1497 377 1608 414 ante.
1634 370 1708 415 lsti
1748 373 1973 426 suntdies;
1998 373 2136 432 'prima
2157 373 2320 417 scilicet
2334 375 2402 417 die
2427 374 2586 418 mensis

1371 439 1513 492 primi,
1538 442 1769 484 secuudum
1797 443 1947 497 legem.

1427 513 1443 529 ·
1464 511 1632 555 Addicto
1656 513 1694 555 1.
1719 513 1923 557 Bethania
1948 516 2060 559 enim
2107 527 2192 559 non
2216 515 2347 558 distat
2376 526 2399 557 a
2416 514 2589 560 Jerusa-

1373 580 1473 632 iem,
1498 584 1579 627 nisi
1605 585 1757 628 stadiis
1785 587 2044 646 quindecim.

1431 655 1462 670 ‘⁴
1481 654 1653 697 Additio
1691 656 1734 700 2.
1779 656 1890 700 Ecce
1916 657 2070 712 duplex
2112 658 2384 709 miraculum,
2429 659 2591 702 seilicet

1376 726 1489 780 quod
1519 733 1715 772 mortuus
1753 730 2038 773 resuscitatus
2056 734 2137 780 est,
2163 736 2204 772 et
2227 731 2341 784 quod
2370 729 2423 771 ad
2447 742 2590 774 vocem

1376 793 1475 838 Jesu
1493 797 1624 841 libere
1642 799 1887 851 ambulavit,
1913 802 2035 855 quasi
2058 802 2236 844 solutus.

1378 883 1479 927 Cn».
1505 884 1609 929 mx.
1629 885 1747 937 Quod
1763 888 1971 983 pontifielea
1987 895 2025 930 et
2040 887 2179 930 Judoei
2200 890 2534 942 corispiraverunt
2552 890 2594 931 in

1938 955 2065 985 esum.

1441 1028 1455 1054 ι
1483 1014 1752 1070 Collegerunt
1770 1027 1870 1071 ergo
1907 1017 2128 1071 pontifices
2165 1023 2206 1060 et
2233 1018 2433 1062 Pharisaei
2453 1019 2598 1062 conci-

1382 1087 1485 1130 lium
1513 1118 1524 1137 ,
1565 1093 1607 1130 et
1638 1087 1834 1132 dicebant
1854 1103 1864 1131 :
1888 1088 1997 1140 Quid
2030 1089 2235 1141 facimus?
2278 1092 2314 1133 si
2348 1091 2599 1137 dimittimus

1384 1171 1479 1201 eum
1503 1159 1581 1208 sic,
1597 1171 1744 1202 omnes
1765 1159 1939 1203 credent
1961 1160 2005 1203 in
2021 1172 2135 1211 eum,
2155 1168 2196 1203 et
2215 1162 2383 1205 venient
2403 1162 2596 1213 Romani,

1385 1238 1427 1274 ct
1466 1232 1615 1275 tollent
1650 1232 1788 1274 locum
1812 1237 2002 1275 nostrum
2037 1238 2079 1276 et
2100 1240 2265 1288 gentem
2307 1233 2446 1287 (Joan.
2471 1234 2546 1285 ιι).
2579 1251 2593 1275 ι

1334 1284 1364 1326 Β
1387 1303 1519 1355 Quasi
1541 1304 1735 1346 dicerent
1761 1301 2058 1348 :Venerabilis
2085 1311 2127 1347 et
2159 1313 2328 1349 sanctus
2366 1307 2516 1348 haberi
2542 1307 2603 1349 lo-

1389 1388 1465 1418 cus
1486 1374 1554 1416 hic
1578 1375 1791 1430 gentibus,
1817 1376 1915 1430 quia
1942 1376 2175 1419 Alexander
2203 1409 2215 1426 ,
2239 1383 2280 1419 et
2303 1377 2540 1431 Pompeius.
2564 1382 2606 1418 et

1390 1446 1460 1488 alii
1488 1446 1678 1489 venerati
1714 1451 1814 1489 sunt
1857 1446 2018 1502 ipsum,
2065 1452 2107 1490 et
2146 1460 2265 1503 reges
2304 1447 2527 1490 Persarum
2567 1454 2607 1489 et

1391 1517 1581 1572 AEgypti.
1609 1516 1687 1559 llic
1712 1524 1852 1560 autem
1876 1517 2002 1561 homo
2020 1517 2158 1568 docet,
2185 1530 2305 1560 sacra
2337 1524 2481 1561 nostra
2508 1518 2609 1560 abo·

1391 1589 1515 1632 lenda
1555 1594 1597 1631 et
1624 1600 1748 1632 vana.
1772 1587 1882 1644 Ergo
1907 1588 2086 1632 Romani
2125 1591 2307 1633 scientes
2325 1603 2426 1644 opes
2449 1589 2607 1644 templi,

1394 1663 1541 1705 tollent
1586 1672 1675 1710 eas,
1720 1660 1959 1711 audientes,
2007 1661 2179 1715 impune
2198 1661 2420 1705 tollendas.
2449 1676 2461 1698 ι
2491 1661 2610 1704 Tune

1393 1734 1594 1788 Caiphas,
1617 1733 1715 1788 quia
1739 1731 1927 1787 pontifex
1946 1738 2037 1775 erat
2056 1735 2152 1776 anni
2180 1733 2308 1786 illius,
2333 1732 2432 1787 quid
2457 1733 2613 1775 lacien-

1395 1805 1495 1847 dum
1518 1811 1630 1848 esset
1664 1804 1726 1848 eis
1749 1804 1951 1855 decrevit,
1977 1805 2122 1848 dicens
2143 1818 2152 1846 ι
2173 1804 2351 1860 Expedit
2387 1806 2522 1853 vobis,
2566 1810 2611 1846 ut

1395 1889 1507 1920 unus
1531 1879 1738 1920 moriatur
1760 1876 1903 1926 honio,
1926 1882 1966 1918 et
1988 1889 2070 1919 non
2101 1883 2187 1920 tota
2211 1888 2313 1933 gens
2333 1882 2489 1931 pereat.
2520 1891 2534 1918 ι
2565 1877 2614 1918 Et

1397 1949 1663 2004 prophetavit
1687 1949 1831 1990 utilem
1855 1950 1997 2000 generi
2022 1949 2217 1992 humano.
2233 1955 2411 1991 mortem
2437 1948 2612 1999 Christi,

1397 2022 1496 2064 lieet
1518 2021 1731 2075 nesciens.
1764 2033 1777 2059 ι
1797 2018 1862 2062 Ab
1882 2019 1952 2060 illa
1970 2031 2070 2074 ergo
2108 2019 2175 2062 die
2198 2020 2488 2074 cogitaverunt
2519 2030 2616 2061 eum

1400 2098 1672 2150 interficere,
1699 2112 1712 2138 ι
1741 2098 1827 2141 imo
1843 2097 2154 2147 conduxerunt,
2180 2102 2227 2138 ut
2265 2097 2462 2138 inve-ntus
2490 2093 2619 2137 duce·

1400 2179 1518 2216 retur
1539 2172 1580 2213 in
1603 2170 1852 2214 Jerusalem.
1877 2185 1891 2210 ι
1914 2168 2039 2212 Jesus
2080 2181 2180 2224 ergo
2217 2168 2304 2223 iam
2347 2179 2434 2210 nou
2477 2168 2615 2221 palam

1402 2244 1647 2287 ambulabat
1665 2240 1775 2297 apud
1796 2254 1886 2293 eos,
1911 2241 1983 2284 sed
2002 2240 2104 2282 abiit
2120 2240 2241 2295 juxta
2264 2238 2477 2282 desertum
2500 2237 2543 2280 in
2560 2237 2620 2280 ci-

1344 2337 1376 2383 C
1402 2315 1588 2368 vitatem,
1612 2328 1706 2371 quoe
1735 2315 1891 2358 dicitur
1911 2313 2111 2368 Ephrem.
2137 2328 2150 2353 ι

1464 2393 1476 2408 ·
1500 2389 1667 2432 Addicto
1696 2389 1712 2431 l
1758 2387 1864 2439 Quia
1883 2398 1982 2441 ergo
2001 2386 2087 2440 iam
2112 2383 2347 2426 destinatus
2365 2386 2456 2424 erat
2480 2380 2619 2427 morti.

1408 2461 1460 2504 ab
1479 2461 1570 2516 ipsc
1595 2459 1798 2508 Sabbato,
1821 2469 1904 2512 quo
1921 2457 2175 2511 collegerant
2193 2453 2435 2503 concilium,
2452 2452 2623 2494 inchoa-

1407 2543 1504 2578 mus
1548 2533 1794 2577 memoriam
1834 2530 2064 2574 Dominicae
2107 2526 2337 2583 passionis,
2375 2526 2418 2567 in
2457 2523 2624 2580 hymnis

1408 2607 1605 2655 maxime,
1631 2610 1672 2647 et
1691 2605 1950 2646 subticemus
1973 2617 1983 2644 :
2006 2600 2146 2643 Gloria
2166 2599 2300 2647 Patri,
2328 2599 2370 2640 in
2398 2607 2625 2650 responso-

1409 2679 1502 2728 riis,
1529 2681 1568 2720 et
1604 2678 1645 2719 in
1669 2675 1849 2717 introitu
1893 2674 2049 2720 missae,
2093 2671 2283 2715 nondum
2322 2673 2463 2710 tamen
2486 2666 2624 2720 plene.

1411 2750 1509 2805 quia
1551 2746 1738 2790 nondum
1767 2744 1947 2790 traditus
1985 2750 2074 2785 erat
2098 2740 2303 2782 Dominus
2335 2738 2378 2780 in
2402 2735 2628 2780 mamista-

1411 2823 1631 2865 nistarum.

1411 2894 1511 2938 Cir.
1532 2892 1619 2936 CX.
1645 2891 1701 2933 De
1722 2889 1867 2931 ultimo
1891 2887 2064 2930 adventu
2088 2884 2258 2926 Domini
2296 2882 2337 2924 in
2379 2878 2625 2923 Jerucalem.

1471 2963 1637 3019 (ts-49)
1662 2961 1832 3003 Factum
1850 2965 1913 3002 est
1930 2966 2067 3000 autern
2084 2955 2183 2998 dum
2202 2953 2510 3008 complerentur
2530 2949 2623 2992 dies

1419 3033 1728 3088 Assumptionis
1762 3030 1870 3085 eius,
1903 3027 2083 3070 firmavit
2119 3025 2269 3067 faciem
2308 3034 2456 3071 suam,
2482 3027 2528 3063 ut
2550 3020 2629 3061 iret

1415 3107 1457 3149 in
1479 3105 1730 3150 Jerusalem.
1751 3100 2092 3155 Assumptionem
2114 3097 2214 3140 Jesu
2242 3096 2347 3139 dixit
2367 3093 2522 3143 Lucas,
2545 3103 2630 3134 non

1417 3179 1554 3223 solum
1580 3183 1762 3230 tempus,
1787 3185 1870 3229 quo
1891 3170 2052 3215 assumi
2074 3168 2253 3212 debebat
2277 3167 2328 3210 de
2363 3166 2443 3208 hoc
2472 3163 2631 3206 mundo

1418 3253 1471 3296 ad
1495 3251 1681 3297 Patrem,
1702 3247 1776 3290 scd
1797 3246 1922 3289 etiam
1943 3241 2175 3286 secundum
2198 3235 2510 3294 praeceptumde
2524 3244 2635 3286 agno

1418 3323 1623 3381 paschali,
1643 3320 1714 3375 qui
1738 3318 1901 3361 decima
1923 3316 1991 3358 die
2011 3312 2168 3356 mensis
2201 3309 2325 3365 primi
2341 3305 2634 3351 assumebatur

1421 3401 1471 3442 de
1490 3409 1629 3453 grege,
1649 3400 1689 3438 et
1712 3391 1961 3436 servabatur
1982 3398 2116 3441 usque
2140 3385 2191 3426 ad
2210 3387 2405 3437 quartum
2423 3379 2632 3421 decimum

1422 3471 1548 3513 diem.
1576 3466 1620 3507 ln
1644 3466 1757 3507 hunc
1799 3461 1968 3503 modum
1987 3457 2112 3500 Jesus
2135 3454 2296 3497 decima
2321 3451 2403 3501 die,
2428 3449 2469 3491 id
2504 3454 2567 3489 est
2590 3446 2633 3488 in

1423 3541 1570 3584 Rairiis
1597 3538 1836 3580 Palmarum
1854 3532 1967 3574 venit
1989 3529 2040 3571 ad
2054 3528 2192 3570 locum
2207 3522 2432 3580 passionis,
2452 3525 2493 3563 et
2515 3529 2635 3559 man-

1423 3614 1478 3658 sit
1502 3613 1544 3654 in
1565 3621 1631 3660 eo,
1652 3618 1783 3661 usque
1807 3604 1905 3646 dum
1933 3612 2082 3655 passus
2103 3603 2183 3640 est.

1695 3677 1797 3720 Car.
1819 3672 1925 3716 cxl.
1950 3671 2009 3712 De
2030 3670 2162 3711 decem
2179 3665 2362 3720 leprosis.

1486 3770 1498 3795 ι
1519 3754 1568 3794 Et
1587 3752 1741 3794 sactum
1765 3751 1830 3790 est
1859 3744 1958 3786 dum
1985 3743 2066 3783 iret
2089 3740 2129 3781 in
2153 3735 2403 3784 Jerusalem,
2430 3730 2636 3774 transibat

1364 3420 1397 3463 D

1427 3838 1500 3882 per
1519 3823 1701 3867 mediam
1719 3818 1933 3861 Galilaeam
1965 3819 2006 3855 et
2028 3809 2281 3853 Samariam.
2305 3805 2355 3846 Et
2385 3804 2424 3844 in
2444 3804 2637 3855 ingressu

1427 3896 1647 3953 cujusdam
1668 3889 1848 3939 castelli,
1871 3888 2151 3931 occurrerunt
2170 3881 2207 3923 ei
2225 3879 2366 3921 decem
2382 3875 2460 3916 viri
2483 3873 2638 3926 leprosi

1428 3971 1614 4012 dicentes
1638 3978 1646 4005 :
1671 3963 1770 4007 Jesu
1795 3962 2051 4015 praeceptor,
2073 3954 2276 3995 miserere
2320 3945 2470 3993 nostri,
2509 3951 2549 3985 et
2572 3952 2639 3984 re·-

1431 4040 1630 4097 spondit:
1655 4035 1714 4078 lte
1731 4065 1742 4085 ,
1769 4029 1978 4076 ostendite
2016 4038 2090 4068 vos
2124 4018 2434 4066 sacerdotibus,
2457 4020 2497 4055 ct
2539 4014 2638 4054 dum

1426 4117 1551 4161 irent,
1597 4105 1786 4150 mundati
1823 4106 1937 4146 suut.
1978 4097 2164 4147 Quorum
2205 4102 2313 4133 unus
2331 4119 2342 4138 ,
2384 4091 2430 4127 ut
2459 4083 2560 4126 vidit
2594 4093 2640 4123 se

1430 4184 1693 4229 mundatum.
1719 4176 1857 4226 rediit,
1882 4179 1923 4215 et
1946 4168 2136 4213 adoravit
2156 4168 2166 4181 ·
2190 4163 2347 4208 Jesum,
2366 4154 2639 4210 magnificans

1430 4258 1580 4300 Deum.
1613 4253 1665 4294 Et
1691 4251 1758 4291 hic.
1783 4253 1874 4290 erat
1919 4240 2211 4287 Samaritanus
2237 4232 2353 4290 (Luc.
2384 4228 2508 4282 xvn),
2529 4238 2543 4265 ι
2565 4221 2640 4278 qui

32 3895 36 3901 ¹
78 3841 266 3894 altaria,
299 3844 446 3887 multis
475 3840 820 3897 Hierosolymitis
843 3836 1142 3893 praesentibus,
1183 3831 1257 3886 qui
1275 3842 1346 3872 ve·

26 3907 27 3910 Ἴ
117 3908 271 3960 nerant
307 3917 362 3959 ad
396 3915 687 3960 eonsoiandas
718 3923 907 3961 sorores,
950 3912 1158 3950 venerunt
1181 3904 1234 3946 ad
1257 3915 1348 3945 mo-

118 3993 384 4037 numentum,
408 3995 450 4031 et
472 3988 525 4030 ad
538 3996 686 4030 vocem
717 3983 835 4034 lesu,
853 3994 939 4024 non
958 3979 1095 4023 solum
1119 3976 1350 4019 suscitatus

121 4064 204 4112 est,
227 4059 302 4104 sed
319 4059 477 4114 prodiit
502 4058 601 4101 lieet
633 4057 789 4112 ligatus
813 4052 991 4096 institis.
1029 4048 1149 4091 Multi
1170 4058 1271 4103 ergo
1297 4041 1351 4088 de

6 4182 25 4189 .-
121 4127 282 4174 ludaeis
302 4130 356 4173 ad
381 4130 623 4174 Pharisaeos
640 4123 856 4177 abierunt,
881 4132 921 4168 et
942 4122 1242 4166 nuntiaverunt
1259 4129 1353 4173 quae

44 4230 47 4254 ι
80 4249 85 4260 ,
122 4202 318 4245 ‘viderant
333 4204 385 4254 '*‚
407 4208 450 4246 et
473 4202 655 4246 celebris
691 4204 784 4242 erat
805 4209 944 4241 sermo
972 4195 1025 4237 de
1053 4205 1106 4236 co
1132 4192 1244 4247 apud
1278 4189 1354 4232 Ju-

43 4270 47 4308 ἶ
78 4262 86 4315 l
127 4274 256 4320 dacos.
279 4274 401 4318 Multi
421 4277 534 4318 enim
569 4275 659 4331 jam
690 4270 973 4317 ascenderant
999 4266 1051 4309 ad
1073 4267 1184 4309 diem
1201 4265 1351 4308 festum

147 4416 150 4418 ’
181 4368 348 4458 (48449)
387 4380 448 4445 be
470 4401 552 4444 boc
581 4410 762 4444 ascensu
785 4406 935 4441 omnes
960 4393 1207 4448 loquuntur,
1234 4392 1406 4441 excepto
1430 4383 1608 4427 Joanne.
