2924 4588
168 49 184 90 t
197 48 278 91 529

807 43 1069 87 HISTORIA
1101 43 1492 108 scfloLAS'rtcA.
1521 74 1577 83 -
1605 50 1767 94 LIBER
1796 50 1831 93 n
1860 51 2069 98 REGUM.

2600 65 2712 110 1350

164 141 316 190 David,
340 141 536 181 tradente
562 148 657 180 earn
687 136 770 178 sibi
801 132 946 192 Ornan
969 132 1182 178 sebusaeo.
1205 134 1402 190 Cumque
1421 146 1460 188 Α
1482 150 1636 182 nomen
1658 126 1792 190 urbis,
1812 141 1877 183 vel
1898 141 1999 191 loci,
2025 142 2117 191 sed,
2138 146 2372 187 secundum
2399 148 2712 202 interpretatio-

163 224 306 257 arcem
331 209 434 252 Sion
459 209 654 252 obtinere
677 217 759 248 non
783 199 944 258 posset,
967 204 1195 258 proposuit
1219 205 1264 247 in
1289 215 1399 260 prae.-

164 283 297 325 mium
323 280 611 337 principatum
635 275 814 323 militiae.
838 275 899 319 illi
921 275 995 330 qui
1031 276 1216 331 primum
1244 287 1399 331 percu-

162 361 272 399 teret
291 353 549 401 Jebusaeum,
575 356 618 394 et
654 353 851 403 tangeret
882 345 1104 390 domatum
1141 346 1325 406 fistulas,
1355 348 1399 390 id

161 431 229 471 est
262 431 474 469 tectorum
501 421 690 469 canales,
709 431 785 475 per
814 429 924 473 quos
946 418 1140 462 defluunt
1159 411 1396 463 stillicidia.

161 498 245 542 Alii
263 498 412 540 dieunt
436 495 600 538 fistulas
619 493 844 537 cuniculos
862 491 1182 542 subterraneos,
1197 503 1274 547 per
1288 504 1398 546 quos

161 574 254 612 erat
276 579 499 610 ascensus.
524 577 662 620 usque
682 564 735 608 ad
748 568 925 606 tectum.
947 561 1093 605 Multis
1114 563 1259 617 itaque
1277 562 1399 606 sesti-

162 641 381 690 nantibus‚
405 638 512 681 Joab
535 636 741 693 praevenit
765 636 1010 685 universos,
1037 639 1081 677 et
1113 635 1316 676 clamavit
1343 638 1397 678 ad

162 726 302 768 regem
327 714 502 766 exigens
526 710 687 752 militiae
706 709 1012 764 principatum,
1029 708 1089 751 'et
1113 707 1300 750 obtinuit
1317 707 1397 748 Da-

161 783 231 827 vid
265 793 424 830 arcem,
449 780 640 835 expulsis
662 776 871 828 Jebusaeis
893 783 1052 836 praeter
1073 774 1252 828 ornam,
1278 783 1320 820 et
1343 790 1397 821 ω-

163 853 350 897 dificavit
372 863 449 907 per
469 851 696 895 circuitum
721 851 832 906 ejus,
852 850 1066 907 Incipiens
1088 850 1352 893 intrinsecus
1375 862 1398 892 a

162 925 303 971 Mello,
322 931 365 967 et
402 930 567 986 partein
603 924 719 966 iliam
756 924 948 968 civitatis
968 923 1147 980 vocavit·
1170 922 1398 966 Civitatem

164 997 312 1040 David.
327 996 548 1052 Reliquam
571 996 693 1040 urbis
711 1002 875 1051 partem
901 996 1114 1040 exstruxit
1134 993 1258 1038 Joab.
1274 993 1399 1036 Mello

163 1073 305 1110 autem
323 1072 414 1110 erat
433 1067 711 1122 praecipuum,
735 1074 778 1110 et
814 1067 940 1122 quasi
969 1066 1165 1128 quaedam
1182 1065 1398 1121 profunda

162 1151 321 1194 vorago
353 1140 492 1183 vallis.
518 1137 654 1181 Porro
679 1140 772 1194 ipsa
795 1139 960 1183 Civitas
987 1138 1121 1182 David
1149 1145 1299 1195 postea
1324 1148 1400 1182 vo-

1477 223 1575 254 nem
1602 223 1743 265 suam,
1769 212 1914 255 collem
1932 219 2072 258 sonat.
2097 215 2186 258 Duo
2202 223 2343 260 autem
2371 215 2446 262 tilii
2475 220 2711 266 Aminadab

1477 282 1699 328 minabant
1729 284 1987 337 plaustrum.
2010 286 2109 329 Aioi
2142 289 2427 342 precedebat,
2451 298 2494 334 et
2523 291 2610 336 Oza
2643 307 2711 338 se-

1475 352 1703 407 quebatur.
1724 352 1856 397 David
1892 360 2032 398 autem
2061 364 2103 399 et
2132 359 2271 401 onmis·
2305 358 2434 403 lsrael
2474 363 2713 416 psallebant

1468 431 1624 478 'coram
1658 437 1760 468 arca
1795 427 1976 472 musicis
2007 429 2317 475 instrumentis.
2344 433 2448 475 Cum
2474 441 2615 478 autem
2637 447 2712 481 ve-

1477 498 1643 547 nissent
1665 497 1720 540 ad
1753 509 1896 542 arcam
1922 498 2110 549 Naclior,
2138 502 2471 546 calcitraverunt
2498 504 2645 558 boves,
2668 515 2713 551 et

1476 569 1681 618 inclinata
1702 573 1767 614 est
1791 581 1908 619 arca,
1923 576 1964 620 et
1982 562 2279 613 extendu‘Oza
2304 585 2492 625 manuni,
2509 582 2550 617 et
2574 577 2711 619 tenuit

1476 651 1594 691 eam;
1611 648 1656 682 ‚ct
1678 640 1791 681 aruit
1810 640 1959 681 dextra
1977 641 2070 693 ejus
2093 641 2134 682 in
2154 654 2235 695 qua
2255 653 2397 684 arcam
2418 642 2527 686 serre
2546 645 2708 698 debuit,

1477 710 1603 752 sicuti
1628 717 1748 764 pater
1770 711 1863 766 ejus
1881 710 2085 763 jusserat,
2110 719 2150 754 et
2173 714 2422 766 exspiravit,
2447 722 2489 757 et
2512 724 2707 758 vocatum

1477 789 1543 822 est
1562 793 1718 824 nomen
1742 783 1822 824 loci
1846 782 1942 825 Gaze
1964 782 2206 827 Percussit).
2233 779 2580 841 Dicit-Iosephus
2611 799 2709 830 cum

1479 865 1746 908 percussum,
1770 855 1870 908 quia
1907 855 2042 907 tetigit
2078 867 2220 897 arcam
2257 868 2354 898 cum
2391 859 2592 901 sacerdos
2624 872 2713 902 nou

1476 934 1606 970 esset.
1629 925 1711 968 Alii
1730 926 1900 972 dicunt,
1924 927 2022 980 quia
2051 933 2250 980 posucrat
2274 940 2416 970 arcam
2440 942 2568 983 super
2594 932 2712 985 plau·

1477 1006 1631 1048 strum,
1656 1010 1753 1039 cum
1779 998 1970 1041 humeris
1992 1007 2163 1052 portare
2186 1000 2418 1043 debuisset.
2441 1001 2606 1045 Hebraei
2628 1009 2714 1046 tra-

1478 1070 1586 1113 dunt
1607 1071 1721 1124 quod
1743 1082 1792 1113 ea
1812 1078 1937 1112 nocte
1958 1071 2190 1114 dormierat
2228 1085 2323 1115 cuin
2359 1086 2489 1119 uxore
2526 1087 2618 1118 sna.
2643 1075 2715 1118 Ti-

1479 1143 1586 1184 muit
1617 1143 1762 1196 itaque
1782 1142 1915 1184 David
1947 1142 2158 1185 divertere
2181 1157 2322 1186 arcam
2347 1146 2398 1187 ad
2424 1159 2483 1196 se,
2509 1153 2549 1188 ct
2574 1148 2717 1201 posuit

163 1219 261 1255 cata
288 1219 354 1255 est
386 1212 525 1255 Mello.
545 1211 598 1254 Et
630 1211 857 1256 aedificavit
891 1212 937 1254 in
965 1222 1016 1254 ea
1046 1209 1180 1254 David
1206 1210 1400 1259 domum·
1427 1210 1459 1251 Β
1481 1226 1575 1257 eam
1600 1215 1642 1255 in
1664 1213 1870 1257 suburbio
1899 1216 1942 1258 in
1973 1215 2145 1257 domurn
2168 1217 2282 1259 Olied
2306 1216 2463 1262 Levitae
2485 1218 2558 1262 filii
2584 1219 2717 1263 Edoni

163 1281 308 1326 Hiram
337 1296 435 1338 rege
466 1282 567 1338 Tyri
590 1281 752 1326 ferente
776 1282 859 1325 sibi
883 1282 1106 1332 auxilium,
1134 1280 1344 1323 mittendo
1361 1282 1401 1322 ei

163 1356 279 1410 ligna
303 1356 495 1406 cedrina,
511 1362 553 1398 et
576 1355 783 1398 artifices.
797 1353 934 1398 Porro
956 1353 1093 1397 David
1111 1353 1278 1407 accepit
1296 1353 1403 1396 alias

165 1437 339 1477 uxeres,
358 1433 400 1468 et
427 1427 516 1468 uati
539 1433 640 1470 sunt
674 1427 716 1469 ei
742 1425 817 1468 filii
853 1426 897 1468 in
920 1424 1160 1469 Jerusalem
1185 1425 1402 1473 undecim,

164 1500 279 1543 inter
294 1512 402 1555 quos
430 1505 710 1543 enumeratur
730 1499 920 1552 Nathan,
947 1500 1058 1543 alius
1081 1499 1250 1542 scilicet
1274 1511 1298 1541 a
1319 1499 1400 1541 Na-

164 1578 266 1618 than
296 1576 520 1630 propheta,
547 1588 675 1629 quem
715 1575 796 1618 sibi
833 1573 967 1617 David
1003 1573 1282 1629 adoptaverat
1307 1579 1404 1628 post

165 1654 350 1690 mortem
391 1646 541 1701 patris.
569 1646 620 1689 Et
651 1654 754 1689 nota
780 1647 881 1700 quia
908 1645 1165 1696 Jerusalem,
1191 1658 1328 1701 usque
1351 1646 1405 1689 ad

166 1718 482 1763 Melchisedech
513 1720 739 1761 dicebatur
762 1718 910 1768 Jebus,
937 1731 960 1760 a
981 1731 1067 1774 quo
1091 1718 1207 1762 dicta
1226 1724 1294 1762 est
1323 1719 1404 1778 Sa-

164 1793 265 1837 lem.
278 1791 433 1835 Postea
459 1805 482 1834 a
502 1791 637 1834 David
662 1792 774 1835 dicta
791 1800 857 1835 est
873 1791 1134 1837 Jebusalem.
1152 1790 1238 1837 Sed
1255 1799 1406 1848 postea

177 1870 341 1907 mutata
367 1863 390 1907 b
425 1865 467 1906 in
499 1878 517 1906 ;-·
548 1864 655 1906 dixit
683 1863 942 1914 Jerusalem,
979 1864 1105 1919 quasi
1137 1864 1304 1908 munita
1330 1864 1406 1908 Sa-

165 1937 264 1981 lein.
284 1935 414 1980 Hiero
451 1938 562 1980 enirn
601 1935 808 1980 Hebraice
847 1938 1023 1980 munnio
1058 1946 1139 1984 est.
1158 1938 1310 1982 Tradit
1334 1938 1403 1981 Jo-

167 2009 328 2060 sephus
361 2009 476 2064 «pind
517 2008 628 2051 hanc
663 2008 817 2051 litterae
843 2009 1125 2053 mutationem
1151 2011 1205 2054 ab
1223 2011 1408 2053 Homero

169 2081 325 2124 factam
349 2081 522 2136 quidam
547 2088 714 2136 putant,
734 2087 882 2136 postea
902 2081 1017 2143 dicta
1040 2089 1107 2126 cst
1129 2095 1154 2125 a
1179 2082 1408 2126 Salomone

165 2152 467 2212 Jerosolymia‚
495 2160 538 2198 et
567 2154 741 2197 tandem
766 2166 841 2209 per
865 2166 1097 2209 syncopam
1120 2155 1403 2211 ierosolyma.

308 2261 410 2306 Cir.
430 2260 536 2305 Vlll.
562 2261 682 2315 Quod
707 2261 841 2303 Dauid
866 2262 961 2305 vicit
985 2261 1267 2305 Philisllioeos.

226 2368 460 2414 Audientes
481 2375 628 2411 autem
646 2367 880 2410 Pliilisthaei
909 2367 1043 2412 David
1067 2379 1251 2422 regnare
1279 2379 1409 2422 super

170 2438 319 2492 Israel,
339 2440 626 2484 ascenderunt
667 2440 873 2488 universi,
899 2444 945 2482 ut
982 2445 1224 2494 quaererent
1257 2438 1406 2488 David,

169 2523 214 2559 et
234 2514 532 2558 castrametati
567 2513 736 2556 suntin
760 2513 872 2555 valle
901 2511 1129 2567 Raphaim,
1149 2524 1234 2554 non
1258 2511 1409 2566 procul

173 2601 196 2629 a
214 2587 452 2630 Jerusalem
470 2585 538 2642 (11
558 2586 656 2640 Req.
676 2585 734 2640 v).
761 2583 812 2626 Et
832 2596 1033 2640 egressus
1060 2590 1128 2627 est
1159 2584 1213 2626 ad
1235 2596 1310 2626 cos
1335 2583 1412 2624 Da-

172 2661 244 2704 vid
271 2674 321 2704 ex
357 2671 566 2714 responso
594 2659 784 2709 Doniini,
808 2666 850 2701 et
890 2657 1112 2713 percussit·
1140 2669 1214 2700 eos
1249 2655 1295 2699 in
1337 2669 1413 2700 ore

173 2734 321 2790 gladii,
343 2741 384 2775 et
407 2733 552 2777 divisit
579 2743 654 2775 eos
680 2732 762 2774 hac
793 2737 835 2774 et
859 2731 958 2773 illac
983 2731 1025 2773 in
1055 2730 1218 2784 sugam.
1237 2728 1302 2773 Ob
1331 2729 1414 2771 hoc

175 2810 353 2848 vocatus
370 2811 436 2847 est
453 2806 574 2847 locus
599 2805 670 2846 ille
691 2803 791 2845 Baal
810 2802 1050 2851 pharasim,
1072 2802 1115 2864 id
1139 2806 1204 2844 est
1232 2803 1414 2844 virorum

175 2872 354 2927 divisim·
373 2879 439 2920 vel
483 2877 582 2931 qiiia
624 2876 683 2919 ibi
725 2876 937 2930 fugientes
978 2875 1241 2929 reliquerant
1281 2874 1411 2924 idola,

176 2962 271 3004 quae
292 2949 391 2991 tulit
417 2948 547 2992 David
587 2961 732 2992 secum
758 2954 800 2990 et
832 2947 1050 2990 conflavit.
1077 2947 1130 2990 Et
1156 2946 1413 2991 addiderunt

177 3020 318 3062 adhuc
333 3019 614 3070 philisthiim,
629 3025 674 3061 ut
691 3019 974 3063 ascenderent
994 3019 1035 3061 in
1056 3020 1166 3063 valle
1183 3018 1412 3074 Raphana,

178 3097 220 3132 et
251 3095 483 3144 posuerunt
511 3090 623 3132 idola
649 3103 743 3140 sua,
768 3090 850 3132 sub
876 3090 1105 3133 arboribus
1130 3102 1350 3147 pyrorum,
1373 3094 1416 3132 et

179 3162 239 3203 ait
272 3161 479 3206 Dominus
503 3163 555 3205 ad
581 3162 742 3205 Davidz
768 3177 782 3202 ι
804 3161 899 3205 Non
924 3163 1008 3206 ibis
1031 3163 1199 3205 obviam
1232 3163 1313 3213 cis,
1340 3162 1412 3205 sed

180 3249 284 3293 gyra
309 3243 404 3292 post
427 3238 852 3293 tergum‚etveniens
872 3250 924 3280 ex
953 3239 1136 3282 adverso
1161 3249 1410 3293 pyrorum.»

1483 1284 1660 1334 Getliaei,
1694 1296 1735 1328 et
1767 1292 1860 1328 erat
1893 1287 1951 1328 ibi
1990 1287 2126 1330 trihus
2162 1289 2397 1340 mensibus,
2422 1296 2463 1332 ct
2501 1291 2720 1335 benedixit

1483 1357 1692 1400 Dominus
1711 1357 1855 1400 domui
1880 1357 2031 1401 0bed‘.
2075 1358 2168 1410 Quo
2199 1360 2344 1401 audito
2368 1361 2472 1402 abiit
2500 1362 2647 1416 David,
2670 1368 2720 1407 ut

1484 1430 1716 1472 adduceret
1751 1442 1894 1472 arcani
1920 1432 1959 1471 in
1981 1430 2204 1473 Civitatem
2241 1430 2375 1474 David
2411 1446 2508 1475 cuin
2546 1436 2716 1488 gaudio.

1484 1501 1617 1544 David
1639 1509 1780 1544 autem
1804 1503 2024 1545 accinctus
2043 1503 2179 1557 ephod
2206 1504 2332 1552 bueo,
2349 1505 2554 1558 psallebat
2575 1518 2718 1551 coram

1484 1585 1585 1615 arca
1608 1573 1651 1615 in
1675 1573 1849 1627 organis
1873 1574 2114 1628 affligatis,
2137 1574 2176 1615 id
2199 1579 2264 1616 cst
2293 1575 2346 1616 ad
2369 1586 2535 1616 arimuu
2563 1577 2718 1630 ligatis.

1486 1644 1563 1688 Vel
1593 1645 1827 1688 secundum
1851 1645 2059 1700 quosdam
2083 1658 2216 1700 genus
2255 1640 2320 1689 est
2356 1647 2519 1702 organi.
2540 1649 2651 1702 qumi
2677 1651 2722 1689 lit

1486 1717 1529 1758 in
1550 1729 1676 1772 aqua.
1703 1717 1753 1759 Et
1777 1718 1881 1759 vidit
1905 1730 2000 1760 eum
2027 1719 2277 1772 psallentem
2303 1717 2458 1760 Michol
2495 1732 2569 1774 per
2605 1721 2723 1762 seue-

1487 1796 1637 1841 stram‚
1663 1795 1706 1833 et
1727 1789 1921 1845 despexit
1944 1802 2041 1832 eum
2077 1790 2118 1831 in
2150 1790 2280 1833 corde
2309 1802 2400 1832 suo.
2421 1789 2614 1844 Cumque
2646 1804 2724 1845 pe-

1488 1865 1676 1906 snissent
1706 1876 1851 1905 arcam
1875 1863 1917 1906 in
1940 1866 2033 1906 loco
2063 1875 2158 1913 suo,
2179 1864 2334 1906 obtulit
2360 1863 2492 1907 David
2523 1866 2725 1908 holocau-

1457 1942 1459 1945 ’
1488 1942 1571 1984 sta,
1593 1942 1635 1978 et
1660 1936 1852 1991 pacifica,
1880 1942 1921 1979 et
1947 1937 2163 1979 benedixit
2196 1937 2367 1991 populo,
2392 1942 2432 1979 et
2456 1940 2637 1991 partitus
2659 1947 2726 1981 est

1487 2020 1566 2062 per
1591 2010 1761 2064 singula
1786 2009 1925 2063 capita
1947 2008 2196 2063 collyridam
2219 2008 2341 2062 panis
2364 2020 2508 2058 unam,
2533 2015 2575 2050 ct
2605 2020 2725 2051 assa·

1490 2087 1630 2122 turam
1655 2081 1826 2123 bubulae
1845 2080 2006 2129 caruis,
2023 2088 2064 2122 et
2087 2080 2269 2121 similam
2291 2079 2444 2123 frixam
2471 2081 2579 2122 oleo.
2595 2079 2725 2122 Cum-

1489 2165 1572 2207 que
1588 2153 1746 2195 rediret
1763 2152 1897 2196 David
1921 2153 1962 2194 iu
1985 2151 2157 2195 domuin
2182 2165 2303 2195 suam
2323 2153 2601 2195 subsannavit
2628 2164 2726 2196 eum

1492 2224 1662 2273 Michol,
1690 2225 1838 2266 dicens
1863 2239 1872 2266 :
1900 2223 2035 2275 Quam
2073 2223 2286 2278 gloriosus
2323 2223 2448 2266 hodie
2482 2236 2554 2266 rex
2594 2224 2726 2267 lsrael

1491 2295 1695 2343 nudatus,
1721 2293 1846 2348 quasi
1884 2305 1995 2335 unus
2033 2292 2113 2335 suit
2149 2293 2201 2335 de
2227 2294 2401 2337 scurris.
2431 2294 2481 2335 Et.
2507 2295 2727 2350 respondit

1491 2365 1627 2411 David
1643 2381 1653 2409 z
1670 2365 1781 2411 Vivit
1802 2366 2033 2417 Dominus3
2059 2365 2219 2416 ludam,
2235 2372 2278 2408 et
2295 2366 2495 2409 huniiiior
2515 2366 2608 2408 iiam
2629 2372 2729 2412 ante

1490 2439 1737 2488 Dominum,
1760 2439 1833 2494 qui
1859 2438 2000 2493 potius
2017 2438 2142 2494 elegit
2163 2450 2244 2488 nie,
2261 2450 2386 2493 quam
2410 2448 2570 2493 patrem
2589 2446 2724 2481 tuum.

1492 2512 1777 2564 Quamobrem
1807 2511 1987 2570 «Micbol
2012 2523 2096 2553 non
2133 2515 2199 2554 est
2222 2516 2348 2553 natus
2369 2509 2498 2560 filius,
2526 2523 2660 2565 usque
2683 2511 2726 2553 in

1491 2586 1604 2628 diem
1630 2585 1782 2628 mortis
1810 2597 1937 2629 suae.»
1960 2584 2082 2636 Quod
2109 2584 2315 2638 inclusive
2333 2583 2556 2639 legendum
2584 2590 2663 2634 est,
2685 2583 2726 2624 id

1491 2657 1714 2701 est-donec
1748 2658 1791 2699 in
1825 2665 1951 2712 partu
1985 2657 2299 2710 occubuit3vel
2328 2656 2558 2704 exclusive,
2587 2657 2626 2697 id
2662 2659 2728 2698 est

1492 2741 1738 2784 nunquam:
1767 2729 1881 2783 qnod
1917 2729 2226 2774 videturrelle
2259 2727 2486 2781 Joseplius„
2508 2728 2579 2782 qui
2620 2726 2727 2768 dicit

1492 2811 1588 2840 cam
1613 2797 1665 2841 de
1690 2798 1823 2845 David
1848 2799 2024 2845 minime
2050 2798 2160 2841 filios
2186 2809 2449 2852 procreasse,
2470 2795 2614 2839 sed-dc
2635 2796 2726 2836 rire

1493 2869 1561 2912 cui
1603 2869 1781 2927 dederat
1823 2881 1917 2912 eam
1960 2874 2081 2924 pater
2118 2881 2240 2916 suus,
2264 2867 2474 2910 sublatam
2511 2879 2533 2907 a
2574 2865 2724 2912 David,

1493 2939 1685 2996 quinque
1722 2940 1831 2983 tilios
1869 2941 2085 2991 habuisse,
2113 2940 2186 2996 qui
2212 2938 2471 2994 intelligendi
2499 2944 2599 2979 sunt
2623 2936 2724 2978 ado„

1494 3014 1616 3070 ptivi.
1633 3014 1797 3059 Mortua
1817 3014 1931 3058 enim
1953 3013 2098 3057 Merob
2124 3024 2270 3057 sorore
2296 3024 2389 3062 sua,
2406 3010 2593 3065 quinque
2618 3008 2728 3054 filios

1493 3087 1588 3141 ejus
1607 3087 1827 3142 adoptavit
1853 3087 2026 3129 michol.

1550 3160 1739 3202 ‘Additio
1763 3161 1802 3202 1.
1824 3160 1956 3202 Aiunt
1997 3158 2163 3201 Hebraei
2201 3158 2316 3213 quod
2353 3168 2508 3199 uxores
2543 3168 2651 3210 ejus,
2685 3159 2728 3196 et

1496 3233 1763 3282 concubinae,
1789 3238 1831 3274 et
1871 3244 2007 3273 nurus
2041 3236 2297 3285 pepererunt
2323 3228 2552 3281 masculos,
2578 3233 2621 3270 et
2657 3227 2727 3282 iu-

180 3308 384 3353 Hebraeus
405 3310 531 3353 babet
553 3310 761 3359 flentium.
782 3310 825 3352 id
848 3310 1267 3364 estidoloruimquae
1287 3309 1414 3363 digna
1441 3326 1476 3369 D
1498 3313 1641 3352 menta
1665 3306 1859 3361 duplices
1885 3304 2010 3348 setus.

179 3386 282 3425 sunt
309 3380 425 3430 lietu,
452 3386 494 3424 et
513 3381 699 3422 cultores
723 3393 823 3423 suos
847 3381 900 3423 ad
924 3379 1070 3423 fletum
1089 3387 1297 3423 aeternum
1323 3386 1414 3421 tra-

183 3452 304 3494 hunt.
318 3452 510 3506 Cumque
532 3453 707 3507 angelus
729 3451 894 3495 Domini
919 3452 1120 3495 incedens
1143 3462 1273 3507 super
1294 3462 1420 3494 cacu-

182 3523 298 3565 mina
336 3536 537 3578 pyrorum
577 3526 764 3566 sonitum
805 3523 982 3574 faceret,
1014 3524 1142 3568 irruit
1179 3534 1311 3581 super
1342 3535 1418 3567 eos

183 3593 334 3645 David,
354 3599 395 3637 et
419 3597 630 3648 percussit
656 3607 747 3645 eos,
773 3606 908 3650 usque
931 3594 1083 3639 Gazer.

296 3699 398 3743 Car.
418 3699 490 3743 lx.
514 3700 575 3743 De
598 3699 836 3743 reductione
859 3713 968 3744 arcoe
992 3701 1034 3743 in
1052 3699 1304 3744 Jerusalem.

242 3807 376 3850 Porro
415 3807 514 3850 feeit
554 3806 688 3849 David
732 3806 1051 3851 tabernaculum
1086 3807 1210 3862 iuxta
1246 3806 1419 3848 domum

188 3892 310 3925 suam
334 3880 388 3923 ad
416 3881 707 3936 reponendam
732 3886 956 3933 arcam2et
981 3881 1125 3936 posuit
1147 3879 1191 3922 in
1215 3891 1266 3923 eo
1298 3891 1422 3934 quas-

188 3954 285 3996 dam
309 3953 360 3996 de
382 3954 598 3997 veteribus
622 3952 802 3996 cortinis
826 3951 895 4010 (11
914 3952 1012 4008 Ray.
1032 3953 1109 4008 vi).
1137 3951 1325 3994 Tabulas
1349 3962 1420 3992 ve·

188 4036 256 4077 ro,
296 4027 519 4070 columnas
542 4033 584 4069 ct
621 4026 748 4069 bases
790 4025 956 4080 priores
994 4024 1244 4067 reservavit.
1270 4023 1322 4064 Et
1344 4022 1420 4065 de·

189 4094 358 4141 scendit
371 4096 506 4140 David
524 4109 620 4139 cum
641 4097 815 4151 triginta
827 4095 1016 4137 millibus
1036 4095 1244 4142 virorum,
1264 4099 1306 4136 et
1331 4105 1426 4147 ‹po-

190 4177 372 4214 sucrunt
388 4182 529 4228 arcam
555 4181 684 4224 super
708 4169 946 4223 plaustrum
967 4178 1140 4216 novum,
1166 4170 1207 4208 et
1233 4166 1424 4209 tulerunt

192 4254 284 4285 eam
325 4242 377 4289 de
410 4242 536 4285 domo
567 4241 821 4290 Aminadab‚
842 4252 936 4294 quae
962 4244 1056 4298 erat
1090 4238 1133 4281 in
1167 4237 1353 4284 Gabina.»
1381 4236 1425 4278 id

195 4318 260 4355 est
285 4313 326 4354 in
348 4314 455 4356 colle
475 4313 595 4367 Juxta
619 4308 967 4356 Chariathiarim.
993 4308 1077 4352 Nec
1099 4313 1164 4352 est
1187 4307 1258 4350 liic
1282 4305 1425 4369 Gabaa

1564 3411 1665 3455 cn».
1689 3411 1743 3454 X.
1769 3410 1828 3454 De
1852 3410 2034 3458 victeriis
2060 3391 2208 3458 David,
2235 3412 2272 3449 et
2296 3404 2534 3461 officialibus
2556 3404 2661 3459 eju-z.

1556 3532 1571 3557 ι
1591 3516 1767 3560 Factum
1785 3520 1851 3558 est
1873 3519 2015 3556 autem
2034 3524 2132 3555 cum
2149 3511 2315 3554 sederet
2331 3521 2407 3551 rex
2425 3509 2467 3549 in
2486 3506 2613 3549 domn
2631 3518 2724 3556 sua,

1498 3588 1661 3632 habens
1686 3585 1876 3640 requiem
1897 3583 1951 3626 ab
1974 3582 2169 3626 hostibus
2195 3579 2301 3630 suis,
2324 3578 2433 3620 dixit
2455 3577 2507 3620 ad
2531 3576 2695 3618 Nathan
2714 3591 2723 3618 :

1498 3658 1628 3703 Vides
1659 3657 1773 3712 quod
1809 3668 1887 3710 ego
1917 3655 2104 3697 habitem
2130 3652 2174 3694 in
2198 3652 2326 3694 domo
2347 3648 2537 3696 cedrina,
2562 3652 2603 3689 et
2627 3656 2730 3691 arca

1499 3733 1574 3777 Dei
1597 3733 1735 3787 posita
1761 3731 1816 3773 sit
1837 3730 1880 3771 in
1903 3727 2043 3770 medio
2061 3725 2251 3780 pellium.
2279 3721 2448 3764 Faciam
2473 3720 2511 3763 ei
2535 3720 2725 3762 domum.

1499 3806 1551 3848 Et
1573 3806 1632 3848 ait
1653 3803 1837 3846 Nathan.
1858 3800 1958 3846 Fac.
1977 3798 2078 3853 quia
2095 3796 2299 3839 Dominus
2315 3798 2454 3836 tecum
2470 3788 2725 3846 est(11Re9.

1499 3873 1619 3928 vu)‚»
1640 3871 1838 3914 nesciens
1861 3867 1962 3923 quid
1990 3867 2167 3915 diceret,
2193 3864 2233 3907 id
2261 3869 2326 3906 est
2350 3874 2374 3903 a
2395 3861 2556 3915 Spiritu
2580 3865 2729 3903 sancto

1501 3956 1588 3987 nen
1620 3942 1872 3997 loquebatur
1906 3940 2003 3981 hoc.
2027 3936 2185 3987 Eadem
2209 3941 2334 3977 nocte
2362 3933 2520 3976 sactum
2545 3936 2610 3974 est
2632 3942 2728 3972 ver—

1501 4018 1602 4060 bnm
1636 4012 1805 4055 Domini
1837 4011 1889 4053 ad
1922 4009 2117 4052 Nathan:
2138 4021 2153 4046 ι
2174 4005 2251 4048 Dic
2275 4015 2397 4048 servo
2421 4015 2516 4046 meo
2549 4000 2725 4044 David‘:

1506 4087 1630 4131 «Non
1666 4085 1891 4130 aedilicablt
1927 4082 2030 4124 mihi
2061 4081 2263 4129 domum,
2294 4077 2393 4131 quia
2429 4073 2729 4128 sanguinarius

1507 4175 1522 4200 ι
1546 4165 1627 4210 est,
1649 4157 1722 4202 sed
1744 4156 1856 4198 filius
1874 4156 1966 4208 ejus
1989 4150 2221 4196 succedens
2244 4149 2283 4192 ei
2311 4148 2354 4204 in
2377 4159 2506 4201 regno
2518 4144 2730 4187 sacietdo·

1508 4245 1524 4271 ‹
1543 4241 1663 4274 mum
1682 4226 1845 4271 nomini
1861 4238 1971 4280 mec,
1993 4230 2035 4267 et
2063 4221 2273 4266 stabiliam
2299 4218 2497 4261 thronum
2521 4216 2630 4269 ejus,
2658 4226 2732 4256 us·-

1512 4318 1526 4344 ι
1551 4314 1636 4358 que
1670 4301 1714 4344 in
1751 4298 2075 4354 sempiternum,
2093 4299 2134 4336 et
2169 4304 2244 4348 ego
2268 4299 2340 4336 ero
2364 4289 2400 4334 ei
2426 4289 2467 4332 in
2487 4293 2665 4340 patrem.
2686 4289 2729 4330 et
