2924 4588
14 0 106 133 ’,Η

784 86 1094 136 SERMONES.
1124 112 1172 120 —
1201 87 1254 131 IN
1285 87 1374 134 Dm
1402 88 1639 136 NATALIS
1668 92 1871 137 nomm.

2530 97 2618 140 242

27 171 190 230 quibus
213 177 256 216 et
285 183 364 226 pro
387 171 545 228 quibus
568 171 736 216 Patrem
753 173 798 217 in
817 176 1020 230 passione
1039 176 1279 232 alloquens,
1306 182 1342 226 Α
1364 179 1468 230 lium
1496 179 1597 223 latet
1614 182 1847 226 intellectu.
1869 181 1982 235 Quid
2005 183 2120 228 enim
2144 184 2260 228 aliud
2276 191 2342 231 est
2365 197 2613 230 sacramen-

0 254 15 289 ιι
32 243 95 290 ait
118 259 126 286 :
154 241 211 285 Et
239 255 314 298 pro
351 247 409 286 eis
439 245 656 290 sanctifico
679 259 744 288 me
758 247 912 298 insum,
936 255 984 290 ut
1021 247 1167 292 simet
1203 251 1283 304 ipsi

0 289 16 358 l'
30 315 284 369 sanctificati
307 317 350 357 in
373 317 545 359 veritate
566 315 709 371 (loun.
736 331 824 361 xvxi
839 351 850 367 ,
870 320 958 378 ¹9).
978 319 1132 366 Fortes
1154 321 1197 364 in
1219 323 1284 366 ira

0 378 2 415 {
28 395 131 440 sua,
156 395 257 430 sunt
279 393 493 444 martyres
520 389 566 431 in
590 391 735 434 l'urore
751 393 1275 446 persecutionis-robusti.

33 457 303 503 &xsultantes
326 459 369 502 in
389 460 524 516 gloria
542 449 666 506 mea:
687 471 788 507 sunt
807 466 946 509 sancti
964 465 1182 517 doctores,
1203 479 1281 522 pa-

29 533 93 579 eis
115 531 286 580 taudem
310 538 504 589 tempore
520 535 762 586 arridente,
789 538 833 581 in
856 536 1040 582 Domino
1063 539 1278 584 laetantes.

31 597 50 646 ⁴⁴¹
81 604 135 649 X.
161 605 284 650 Tunc
306 613 467 657 autem,
492 617 542 653 ut
584 609 629 652 in
655 611 937 665 sequentibus
961 612 1161 664 habetur,
1210 627 1283 659 so-

27 679 122 731 nuit
141 690 222 722 vox
247 679 534 723 multitudinis
555 682 598 724 in
619 683 858 735 montibus,
875 685 1000 742 quasi
1024 685 1280 740 populorum

12 747 333 807 ‘frequentium
360 765 440 807 pro
461 765 513 796 eo
528 753 644 809 quod
682 756 897 802 instanter
914 757 1045 801 verbo
1065 756 1141 801 Dei
1172 770 1281 813 prae-

17 811 207 886 ,donibus
237 824 540 870 insistentibus
572 828 785 880 veritatis,
815 828 858 872 in
882 830 1053 885 populis
1077 820 1279 873 innume·-

28 888 88 940 ris
107 908 241 940 sonus
264 897 454 941 intonuit
486 899 775 945 consessionis
801 900 955 947 tidelis.
994 902 1277 957 Etsubseeu-·

27 958 96 1013 tiis
122 969 232 1013 idem
257 970 466 1026 propheta
486 971 715 1027 adjunxit:
746 973 835 1016 Vox
857 976 1020 1018 sonitus
1054 989 1214 1032 requiri,
1238 984 1277 1018 et

25 1034 204 1104 pitatium
227 1054 570 1103 conqreqatarum
595 1047 702 1104 (Isa.
743 1062 842 1101 xiii,
863 1050 930 1107 4);
966 1051 1079 1106 quod
1100 1064 1186 1095 non
1209 1057 1277 1095 est

26 1116 155 1180 aliud,
181 1119 264 1162 nisi
288 1120 403 1174 quod
436 1122 619 1175 apostoli
643 1122 825 1177 profecti
863 1123 1156 1179 praedicabant
1174 1124 1276 1177 >uhi·

25 1201 134 1254 que,
178 1196 222 1233 et
252 1192 475 1235 veritatem
522 1194 843 1249 suscipiebant,
880 1201 923 1239 et
960 1196 1275 1241 confitebantur

1366 256 1456 293 tum
1491 251 1691 307 baptismi
1727 255 1771 296 in
1805 267 1939 311 aqua;
1981 262 2299 300 sacramentum
2336 259 2530 312 corporis
2571 266 2614 303 et

1365 324 1591 378 sanguinis
1635 324 1797 368 Christi
1824 326 1868 369 in
1906 339 2017 382 pane
2056 335 2099 371 et
2130 330 2232 372 vino
2258 345 2267 372 :
2294 336 2614 373 sacramentum

1363 395 1654 450 impositionis
1671 410 1873 441 manuum
1899 400 1942 442 in
1960 401 2164 444 unctione
2194 402 2446 445 chrismatis
2473 418 2482 445 :
2508 401 2612 457 quid

1362 472 1516 509 caetera
1538 474 1699 511 sanctae
1721 467 1817 512 fidei
1852 477 2140 522 sacramenta,
2175 471 2403 527 iniq-uibus
2439 472 2613 529 agnitus

1362 549 1458 584 esse
1482 539 1688 589 creditur,
1721 540 1807 584 nisi
1845 541 2019 596 quidam
2066 543 2212 598 panni,
2233 544 2448 598 inquibus
2484 548 2614 587 natus

1362 610 1625 655 involvitur?
1651 618 1692 656 et
1711 615 1986 669 praesepium,
2014 616 2086 658 uhi
2109 616 2268 660 domita
2295 617 2495 660 animalia
2513 617 2613 660 mit-

1362 687 1529 728 tuntur.
1549 683 1699 728 Nonne
1721 686 1832 728 sacri
1858 687 1976 730 verbi
2005 692 2072 731 est
2094 688 2355 740 intellectus,
2381 689 2455 732 ubi
2484 700 2612 733 man-

1361 756 1472 799 sueti
1505 762 1546 799 et
1584 757 1768 802 humiles
1790 759 2074 815 spiritualiter
2112 761 2394 805 reficiuntur?
2429 762 2614 817 quiescit

1359 840 1462 884 ergo
1493 828 1537 871 in
1571 841 1676 873 sano
1711 831 1822 874 sacri
1858 832 1978 874 verbi
2010 832 2227 877 intellectu
2266 834 2379 889 apud
2409 835 2609 889 gentiles,

1358 901 1430 956 qui
1450 901 1492 944 in
1515 902 1633 944 nulla
1650 903 1814 945 carnali
1838 904 1992 947 litterae
2014 904 2296 961 intelligentia
2322 907 2511 962 quietem
2535 908 2614 949 ha·-

1358 973 1429 1017 bet
1459 975 1572 1029 apud
1593 974 1781 1027 Judaeos,
1800 977 1902 1031 quia
1927 976 2023 1022 ideo
2042 980 2278 1022 reclinatur
2311 980 2356 1022 in
2384 981 2610 1035 pra’sepio.

1357 1046 1458 1102 quia
1492 1060 1580 1090 non
1619 1053 1711 1090 erat
1732 1049 1772 1091 ei
1808 1049 1928 1092 loeus
1955 1050 1997 1092 in
2032 1050 2286 1096 diversorio.
2324 1051 2430 1095 Nam
2466 1038 2539 1107 qui
2568 1052 2611 1095 in

1357 1119 1565 1163 mundum
1583 1121 1716 1172 venit,
1743 1122 1855 1176 apud
1883 1121 2055 1167 Judaeos
2079 1124 2279 1178 primitus
2303 1125 2508 1179 divertit3
2536 1126 2610 1170 sed

1356 1191 1414 1234 ibi
1441 1193 1581 1236 locum
1609 1206 1695 1237 non
1728 1195 1906 1245 invenit,
1947 1197 2050 1252 quia
2090 1202 2137 1238 ut
2159 1197 2249 1253 ipse
2274 1198 2334 1240 ait
2361 1215 2370 1242 ι
2398 1198 2518 1241 Venit
2567 1200 2610 1240 in

25 1266 171 1320 ggntes
193 1262 236 1304 in
280 1263 488 1307 unitatem
523 1264 619 1308 fidei
646 1266 852 1309 collectae,
891 1265 1083 1310 Primum
1127 1267 1273 1322 itaque
1303 1260 1332 1303 Β
1355 1266 1517 1308 nomine
1542 1266 1687 1309 Patris
1712 1268 1794 1320 sui,
1838 1275 1877 1311 et
1908 1282 1991 1311 non
2027 1277 2263 1325 receperunt
2280 1284 2372 1314 eum
2398 1270 2540 1328 (loun.
2567 1286 2606 1324 v,

25 1323 105 1394 vox
129 1334 274 1376 sonuit
293 1346 446 1391 regum
466 1349 477 1389 ;
500 1336 658 1389 deinde
681 1339 875 1393 gentium
892 1345 1270 1396 congregatarum.

25 1380 130 1466 Quia
154 1406 339 1462 primum
371 1415 556 1453 exeunte
589 1410 732 1454 edicto
761 1402 786 1453 a
808 1409 1000 1462 Christo,
1029 1417 1076 1454 ut
1108 1412 1275 1455 descri-

24 1466 194 1535 feretur
207 1483 434 1524 universus
447 1483 567 1531 orbis
595 1498 605 1526 :
633 1483 776 1526 ierunt
791 1485 973 1539 apostoli
997 1484 1040 1527 in
1063 1485 1274 1528 mundum

23 1536 268 1616 finiversum
312 1554 547 1608 praedicare
584 1554 864 1613 Evangelium
906 1557 1119 1601 universae
1153 1571 1274 1602 crea-

18 1624 143 1684 ttjrae.
167 1623 222 1667 Et
250 1635 345 1668 tunc
370 1626 489 1670 ibant
523 1641 680 1680 omnes,
708 1637 752 1677 ut
777 1630 1088 1685 profiterentur,
1120 1631 1275 1686 sinyuli

23 1675 249 1762 {civitate
286 1712 382 1750 sita,
423 1701 613 1756 quando,
639 1708 687 1744 ut
709 1703 754 1744 in
773 1702 952 1746 Actibus
975 1704 1271 1759 apostolorum

20 1767 162 1837 legitis
186 1786 195 1814 :
218 1771 494 1816 Crediderunt
524 1781 662 1831 pentes
682 1782 876 1832 *quoquot
915 1783 1036 1818 eram
1070 1776 1275 1830 precordi-

24 1835 131 1901 ttdtoe
148 1843 202 1886 nd
217 1845 341 1888 vitam
361 1853 558 1890 oeternam
577 1847 688 1904 (Act.
708 1860 806 1899 xiii,
826 1848 924 1907 48);
950 1849 1272 1903 confluentibus,

39 1915 70 1980 ’τ’
87 1917 147 1978 ait
163 1916 316 1970 lsaias,
344 1917 397 1961 ad
417 1927 594 1963 montem
618 1921 738 1964 illum
759 1921 930 1967 dom-um
943 1922 1110 1965 Domini
1136 1924 1275 1965 omne·-

23 1965 95 2038 {iza
110 1989 296 2045 gentibus
330 1990 439 2048 (lsa.
478 2005 528 2043 ιι,
554 1993 616 2050 2).
643 1993 736 2038 Hoc
759 2000 843 2047 est,
874 1995 990 2051 quod
1009 1996 1069 2037 ait
1094 2001 1275 2038 sanctus

20 2058 168 2115 David,
208 2063 316 2107 velle
357 2057 405 2108 se
443 2067 775 2122 cognoscerem
807 2074 922 2111 terra
943 2067 1057 2111 viam
1105 2067 1274 2111 Domini

15 2127 156 2203 &psat
197 2147 312 2187 LXVI,
339 2136 410 2193 5);
436 2139 480 2182 in
507 2137 702 2182 Ecclesia
737 2139 907 2184 scilicet
929 2141 982 2187 de
1007 2142 1209 2196 gentibus
1230 2141 1276 2183 fi-

15 2218 16 2224 ’
35 2217 114 2268 γθιιι
135 2205 245 2262 ejus,
291 2214 334 2252 et
378 2209 424 2252 in
468 2211 670 2255 omnibus
710 2212 912 2267 gentibus
934 2211 1083 2256 lesum
1122 2225 1269 2256 suum.

8 2202 138 2342 &func
157 2277 340 2325 eximius
370 2282 441 2326 ille
466 2284 762 2338 apostolorum
785 2285 946 2330 chorus
970 2297 994 2328 a
1019 2286 1177 2341 populo
1197 2285 1221 2329 J
1227 2299 1274 2328 u·

33 2558 35 2561 ’
60 2570 108 2610 'ra
125 2568 230 2625 legis
253 2569 400 2613 florem
424 2572 578 2623 tenuit,
603 2573 656 2615 ad
683 2574 887 2628 populum
906 2574 1109 2629 gentilem
1133 2574 1266 2618 venit.

70 2629 100 2683 ⁴'i
122 2641 164 2684 in
198 2654 251 2686 eo
278 2642 393 2698 quod
426 2643 551 2687 iidem
589 2646 830 2700 suscipiens
868 2657 1003 2688 sacrae
1036 2643 1270 2700 Scripturas

8 2759 9 2762 ,
51 2704 186 2767 nem,
212 2715 448 2771 spiritualis
473 2717 764 2774 intelligentiae
781 2718 1002 2769 dentibus,
1034 2730 1110 2773 per
1135 2730 1269 2773 expo·

7 2784 232 2839 sitionem,
272 2789 619 2841 comminuendo,
667 2790 853 2846 comedit
879 2805 888 2833 z
912 2791 1027 2834 illius
1067 2791 1111 2833 in
1140 2802 1268 2846 quem

20 2860 261 2921 1e'siderant
299 2862 437 2917 angeli
474 2864 723 2918 prospicere
748 2861 790 2919 (1
813 2862 931 2906 Patr.
954 2874 986 2912 1,
1023 2862 1091 2919 12)
1121 2868 1164 2905 et
1193 2856 1268 2918 qui

8 2929 145 2987 'sortis
166 2939 208 2976 et
235 2939 387 2989 potens
410 2941 476 2978 est
496 2935 541 2977 in
571 2935 720 2990 praelio
746 2934 884 2991 (Paul.
910 2947 1036 2986 xxiii,
1063 2933 1123 2991 8),
1150 2935 1193 2976 in
1221 2946 1268 2978 se

8 2998 9 3002 ’
37 2992 283 3058 ἰιιιιεὶοιιοιιι
314 3006 573 3050 construxit.
615 3006 724 3059 Quia
749 3008 840 3049 visu
871 3005 1160 3049 desiderabilis
1200 3005 1267 3049 vel

23 3071 280 3134 manufortis
295 3086 420 3123 sonat
443 3079 592 3126 David,
621 3078 774 3123 Nonne
798 3080 867 3122 hic
891 3084 1068 3135 sanctus
1088 3077 1263 3134 Josepli,

23 3149 230 3205 gloriosus
279 3152 445 3196 scilicet
473 3152 768 3209 apostolorum
790 3162 929 3196 coetus
955 3151 1009 3195 de
1032 3150 1158 3195 domo
1202 3156 1267 3194 cst

24 3231 69 3264 ac
89 3219 249 3265 familia
287 3222 439 3275 David,
478 3237 588 3280 quos
624 3225 716 3279 ipse
749 3236 836 3267 non
867 3216 957 3278 ‘jam
988 3236 1153 3274 servos,
1191 3222 1266 3267 sed

23 3297 195 3348 micos‚
230 3310 339 3353 quos
373 3298 529 3342 fratres
559 3310 662 3348 suos
696 3298 799 3341 alibi
831 3298 1084 3352 nuncupat?
1119 3295 1261 3352 (Joan.

49 3381 91 3420 v,
116 3370 192 3424 15;
215 3384 288 3422 xx,
311 3371 380 3427 17)
401 3362 650 3426 quos'etiam
667 3371 810 3414 Patris
834 3371 901 3414 sui
924 3371 1110 3426 appellat
1130 3368 1265 3412 filios?

40 3439 190 3487 Humi.
212 3457 255 3495 v,
276 3444 364 3500 45).
402 3444 455 3486 Et
471 3444 656 3489 ascendit
672 3445 994 3499 utprofiteretur
1010 3456 1103 3485 cum
1125 3442 1268 3485 Maria

30 3531 75 3551 ι»
102 3523 265 3560 ansata
314 3517 393 3561 sibi
434 3530 578 3568 uxore,
619 3524 665 3562 ut
697 3517 925 3574 gentilitati
950 3515 1266 3560 consessionem

36 3586 115 3630 ‘dei
130 3588 396 3642 praedicaret,
415 3589 580 3634 habens
603 3590 683 3633 sihi
709 3589 987 3644 conjunctam
1011 3587 1267 3643 sapientiam

6 3669 145 3709 ,uuam
177 3658 378 3704 Salomon
401 3666 526 3704 vccat
543 3660 724 3704 amicam
743 3672 867 3711 suam
894 3659 1038 3715 (Prov.
1080 3670 1159 3707 v11,
1200 3658 1261 3713 4).

10 3725 26 3777 ἱ,
45 3741 70 3772 ιι
82 3742 169 3786 qua
182 3732 493 3787 profundorum
506 3732 679 3788 quidem
698 3731 1000 3788 mysteriorum
1014 3731 1151 3774 latitat
1165 3742 1266 3772 sen·

11 3819 39 3838 -1
50 3805 216 3848 ussicut
235 3807 278 3848 in
307 3812 551 3862 praegnante
579 3805 716 3847 latitat
742 3804 868 3848 fctus.

10 3878 15 3894 '
59 3870 147 3918 xl.
171 3875 225 3918 Ec
238 3876 394 3933 fuctum
411 3884 488 3928 est,
513 3877 612 3919 dum
630 3884 763 3920 essent
786 3876 859 3927 iot,
882 3876 1040 3931 impleti
1059 3883 1156 3917 sunt
1178 3874 1263 3917 dies

10 3949 15 3994 ἶ
36 3958 110 3991 us
129 3948 174 3992 ut
193 3951 305 4008 virqo
327 3960 490 4007 parere!
507 3964 521 3992 .·
540 3958 579 3994 et
599 3952 754 4006 peperit
765 3950 904 4004 filium
920 3949 1007 4005 96
1029 3962 1150 3991 suum
1177 3949 1266 4002 pri·

9 4014 15 4080 ζ
51 4022 283 4076 ingenitum.
307 4023 430 4067 Tunc
466 4024 752 4079 spiritualiter
777 4022 1096 4077 quodammodo
1121 4022 1164 4063 in
1185 4021 1264 4063 Be-

10 4087 206 4138 blebem
252 4094 384 4140 Maria
418 4096 640 4141 Clu-istum
678 4097 862 4152 peperit,
905 4094 1077 4150 quando
1122 4095 1263 4149 ipsum

4 4180 15 4211 .·
39 4154 229 4210 'atholica
265 4180 379 4212 sanae
401 4168 722 4224 praedicationis
758 4167 971 4222 sapientia
996 4178 1071 4221 per
1093 4167 1263 4220 plenam

8 4258 30 4285 .=
50 4239 148 4278 ectae
165 4236 260 4281 fidei
281 4239 478 4282 notitiam
497 4240 719 4298 gentilium
745 4238 950 4281 cordibus
973 4236 1147 4279 infudit.
1181 4236 1263 4288 Qui

14 4308 175 4353 munis
213 4311 429 4356 involutus
473 4312 708 4355 reclinatur
740 4312 786 4353 in
828 4311 1055 4365 praesepio,
1078 4309 1178 4364 quia
1219 4309 1263 4351 in

4 4379 18 4442 ,ξ
43 4376 120 4421 idei
141 4380 275 4426 latens
309 4385 605 4437 sacramentis,
630 4386 677 4428 in
701 4387 1023 4429 mansuetorum
1056 4387 1099 4425 et
1122 4382 1262 4425 humi-

1355 1336 1445 1391 54).
1461 1336 1524 1379 ‘Et
1547 1338 1648 1399 alibi
1673 1338 1725 1383 de
1748 1352 1799 1383 eo
1824 1352 1900 1394 per
1914 1339 2122 1384 loannem
2141 1341 2301 1384 dietum
2321 1349 2388 1386 est
2418 1358 2427 1386 ε
2455 1342 2506 1385 1η
2519 1355 2612 1397 pro-

1355 1408 1449 1462 pria
1483 1410 1590 1452 venit
1627 1418 1667 1453 et
1703 1412 1880 1454 §uicum
1902 1426 1983 1454 non
2006 1420 2243 1468 receperunt
2276 1413 2418 1470 (Joan.
2448 1427 2479 1465 i,
2519 1416 2606 1472 tt).

1357 1480 1440 1524 Sed
1457 1481 1556 1526 liliis
1581 1483 1733 1527 alienis
1750 1484 2060 1529 mentientibus
2076 1486 2132 1537 ei,
2157 1492 2199 1530 et
2222 1486 2567 1531 claudicantibus
2585 1500 2608 1530 a

1355 1553 1522 1598 semitis
1556 1555 1649 1598 suis
1674 1554 1812 1611 (Psal.
1856 1569 1963 1607 xvii,
1988 1557 2079 1615 liti),
2122 1559 2306 1614 populus
2356 1572 2482 1614 quem
2520 1574 2607 1603 non

1354 1627 1557 1682 cognovit
1594 1628 1772 1671 servivit
1813 1629 1868 1679 ei,
1900 1628 1943 1672 in
1977 1629 2125 1673 auditu
2152 1631 2270 1676 auris
2303 1631 2494 1675 obedivit
2523 1631 2603 1688 [αἱ.

1356 1701 1548 1758 servivit]
1573 1702 1625 1745 ei.
1653 1701 1762 1755 Quia
1793 1700 1954 1747 Judaeis
1997 1717 2094 1747 eum
2130 1717 2206 1760 per
2247 1706 2475 1761 prophetas
2506 1719 2609 1750 ven-

1356 1780 1497 1818 turum
1535 1775 1885 1831 praedicantibus,
1931 1777 2005 1820 sed
2038 1783 2295 1833 praesentem
2331 1778 2605 1835 negantibus,

1354 1850 1444 1888 eta
1475 1846 1545 1888 via
1585 1846 1780 1889 veritatis
1827 1848 2162 1891 aberrantibus:
2193 1848 2377 1904 populus
2415 1850 2606 1904 gentium

1356 1918 1476 1974 prius
1500 1907 1585 1961 non
1604 1921 1784 1968 electus,
1805 1921 2003 1964 eumdem
2033 1921 2252 1965 Christum
2293 1921 2537 1974 Dominum,
2564 1928 2607 1965 et

1354 2002 1431 2046 per
1468 1990 1594 2034 tidem
1640 1991 1849 2048 suscepit,
1889 1999 1932 2035 et
1971 1991 2066 2048 ejus
2093 1993 2343 2037 obedienter
2381 1994 2608 2049 praeceptis

1354 2063 1584 2118 acquievit.
1623 2063 1703 2116 Qui
1756 2065 1961 2107 nimirum
2005 2064 2158 2116 tudam,
2200 2066 2315 2121 quod
2342 2066 2607 2122 negligenter

1353 2138 1693 2192 praetereundem
1706 2150 1793 2181 non
1816 2143 1954 2189 est‚et
1977 2136 2052 2181 mii
2073 2146 2298 2190 vocantur,
2318 2151 2397 2194 pro
2419 2151 2470 2182 eo
2491 2140 2606 2195 quod

1354 2208 1590 2252 secundum
1617 2208 1868 2252 electionem
1892 2207 2138 2252 charissimi
2183 2215 2285 2252 sunt
2326 2218 2504 2266 propter
2522 2209 2602 2253 Pa-

1353 2287 1461 2334 tres;
1489 2281 1565 2325 sed
1587 2282 1732 2332 alieni,
1758 2281 1832 2336 qui
1849 2281 2086 2325 seeundum
2111 2281 2389 2338 Evangelium
2424 2283 2603 2335 inimici,

1352 2362 1529 2410 propter
1567 2361 1732 2409 gentes.
1760 2353 1814 2396 Et
1852 2354 1935 2397 hoc
1973 2354 2101 2398 modo
2133 2354 2235 2398 dum
2277 2356 2420 2398 locum
2445 2355 2607 2399 habere

1351 2441 1440 2472 non
1475 2428 1615 2484 potuit
1646 2429 1692 2471 in
1732 2427 1988 2479 diversorio,
2016 2428 2240 2471 recliiiavit
2264 2441 2362 2472 eum
2402 2427 2534 2471 Maria
2559 2429 2603 2472 in

1350 2502 1560 2557 praesepio
1592 2500 1883 2545 :infundente
1932 2501 2072 2557 ipsum
2119 2501 2331 2556 sapientia
2369 2501 2603 2544 intellectui

1350 2572 1541 2629 gentium
1585 2573 1688 2617 dum
1721 2586 1798 2630 per
1830 2572 1956 2617 iidem
1991 2573 2216 2616 introitum
2243 2574 2400 2617 hahere
2422 2587 2510 2617 non
2527 2587 2603 2630 po-

1351 2646 1431 2689 tuit
1452 2646 1503 2688 ad
1523 2645 1655 2688 corda
1676 2644 1940 2688 ludaeorum.
2063 2645 2065 2648 ⁴
2109 2636 2111 2639 ⁸

1403 2717 1499 2762 ΧΠ.
1519 2718 1594 2761 Est
1614 2718 1754 2761 adhuc
1771 2717 1986 2773 quoddam
2009 2717 2184 2760 tertium
2210 2717 2416 2769 edictum,
2442 2718 2494 2761 de
2518 2730 2601 2773 quo

1348 2803 1434 2834 una
1447 2803 1544 2833 eum
1558 2791 1625 2833 his
1641 2790 1796 2846 quaead
1819 2790 1920 2832 illud
1933 2790 2163 2845 pertinent,
2185 2791 2227 2832 in
2242 2789 2410 2834 duobus
2425 2790 2491 2833 his
2509 2803 2602 2833 ser-

1347 2863 1564 2913 monibus,
1589 2863 1661 2918 qui
1687 2863 1800 2904 hune
1835 2862 2029 2917 proxime
2073 2851 2335 2918 praecedunt,
2355 2869 2481 2918 prout
2505 2861 2601 2917 Spi-

1347 2936 1458 2980 ritus
1476 2935 1694 2990 veritatis]
1709 2934 1881 2985 infudit,
1910 2946 2057 2978 coram
2075 2935 2285 2978 charitate
2300 2941 2443 2979 vestra
2467 2935 2599 2977 locuti

1347 3002 1498 3052 sumus
1511 3024 1519 3051 :
1533 3008 1672 3063 ipsum
1686 3008 1926 3051 estinterna
1940 3007 2182 3063 inspiratio,
2198 3020 2283 3064 qua
2307 3008 2432 3051 sortis
2444 3009 2599 3063 illcpu-

1346 3085 1500 3136 gnator
1519 3086 1682 3131 noster,
1709 3080 1763 3124 ad
1774 3079 1900 3134 cujus
1913 3079 2079 3123 beatam
2092 3080 2359 3136 suspiramus
2370 3081 2594 3132 visionem,

1347 3165 1474 3196 suum
1487 3152 1680 3208 quotidie
1704 3164 1790 3196 non
1834 3140 2172 3196 cessat'visita're
2193 3154 2404 3197 electum:
2452 3166 2598 3197 ascen-

1346 3223 1449 3267 dere
1478 3223 1642 3267 faciens
1664 3222 1959 3278 suumJoseph
1986 3235 2011 3265 a
2034 3222 2207 3267 Galilaea
2242 3224 2295 3267 ad
2331 3224 2518 3267 Judaeam
2537 3257 2547 3274 ‚
2574 3238 2597 3266 a

1345 3294 1557 3354 Nazareth
1577 3297 1619 3338 in
1635 3295 1900 3346 Bethlehem,
1915 3295 2101 3350 eoquod
2125 3297 2182 3338 sit
2200 3295 2291 3351 ipse
2313 3295 2532 3346 dedomo,
2547 3309 2596 3339 ac

1290 3387 1325 3430 D
1348 3366 1509 3410 familia
1532 3367 1683 3418 David,
1710 3373 1756 3410 ut
1780 3367 2032 3423 profiteatur
2055 3380 2154 3410 eum
2179 3368 2312 3410 Maria
2337 3368 2595 3423 desponsata

1348 3440 1431 3483 sibi
1453 3453 1586 3483 uxore
1599 3446 1930 3496 praegnante,‘eo
1947 3439 2089 3490 modo,
2116 3452 2200 3495 quo
2223 3440 2345 3483 vobis
2368 3440 2593 3483 ostendere

1347 3515 1595 3558 curavimus
1632 3515 1675 3557 in
1712 3513 1779 3557 his
1822 3511 1992 3555 duobus
2034 3500 2322 3562 sermonibus,
2372 3514 2445 3568 qui
2478 3514 2593 3555 hune

1347 3586 1540 3643 proxime
1571 3587 1836 3642 praecedunt.
1864 3584 1923 3627 De
1945 3597 2031 3627 uno
2060 3585 2201 3627 adhuc
2237 3585 2353 3640 loqui
2375 3586 2589 3636 volumus,

1345 3663 1387 3700 et
1410 3656 1582 3712 quidem
1607 3656 1748 3712 quoad
1781 3655 1959 3698 brevius
1989 3666 2237 3708 possumus,
2278 3656 2379 3709 quia
2402 3654 2592 3698 debitum

1345 3730 1532 3773 edictum
1568 3729 1753 3772 necdum
1777 3728 2114 3782 abimperatore
2135 3735 2283 3770 nostro
2316 3728 2437 3778 exiit,
2460 3730 2593 3772 exibit

1347 3806 1490 3844 autem
1520 3807 1639 3851 tunc,
1666 3798 1837 3855 quando
1868 3798 1941 3839 iila
1978 3797 2155 3840 instabit
2179 3798 2300 3849 hora,
2326 3800 2370 3840 in
2391 3812 2477 3855 qua
2500 3812 2594 3842 om-

1344 3889 1439 3927 nes,
1464 3875 1538 3930 qui
1583 3875 1626 3915 iu
1654 3871 1940 3915 momirnentis
1977 3876 2092 3919 sunt,
2126 3870 2300 3915 audient
2323 3883 2470 3915 vocem
2494 3871 2591 3914 Fiiii

1345 3948 1436 3995 Dei.
1457 3953 1498 3989 et
1521 3942 1752 4001 procedent
1776 3941 1918 3997 (Joan.
1938 3956 1979 3992 v,
2003 3942 2093 3997 28).
2109 3941 2232 3984 Tunc
2249 3944 2380 3986 exibit
2404 3945 2590 3987 edictum

1345 4017 1476 4067 istud,
1507 4014 1679 4072 quando
1729 4021 1846 4055 canet
1896 4014 2010 4063 tuba,
2041 4021 2079 4056 et
2111 4015 2264 4056 mortui
2289 4022 2498 4070 resuryent
2523 4015 2590 4056 in-

1345 4090 1532 4144 corrupti
1551 4087 1592 4142 (1
1615 4086 1710 4129 Cor.
1754 4099 1825 4135 xv,
1871 4085 1958 4141 52).
2005 4084 2125 4129 Tune
2162 4087 2295 4129 exibit
2338 4087 2410 4141 qui
2451 4086 2589 4128 media

1343 4168 1468 4206 nocte
1491 4162 1653 4202 clamor
1677 4159 1747 4200 liet
1773 4172 1784 4201 :
1814 4156 2114 4213 Ecce4sponsus
2154 4159 2277 4208 venit,
2304 4158 2410 4199 exite
2430 4157 2589 4198 obviam

1342 4235 1380 4276 ei
1404 4231 1583 4288 (Manli.
1612 4244 1710 4279 xxv,
1737 4229 1808 4284 6).
1836 4228 1925 4271 Hoc
1955 4235 2140 4273 exeunte
2178 4231 2318 4274 edicto
2343 4230 2464 4271 ibunt
2502 4242 2586 4270 nou

1342 4304 1513 4362 quidem
1536 4302 1664 4357 aliqui
1684 4316 1693 4352 ;
1725 4301 1797 4344 sed
1816 4313 1980 4352 omncs,
2007 4303 2107 4358 quia
2130 4303 2318 4357 virgines
2334 4313 2481 4343 omnes
2502 4306 2583 4341 tam

1346 4377 1579 4435 prudentes
1618 4386 1744 4430 quam
1791 4372 1934 4426 fatuae,
1970 4386 2128 4429 sponso
2149 4374 2361 4425 veniente,
2389 4384 2577 4418 surrexe
