2924 4588
201 160 311 202 tm
347 148 349 150 ’
558 168 585 202 o

1199 158 1357 203 emm
1387 155 1735 207 comistoltts

2636 166 2744 213 ¹¹96

199 251 393 293 ferebant
425 247 539 292 enim
578 247 834 304 quandotpie
875 248 1134 301 necessario,
1170 251 1428 306 quandoque
1453 256 1487 300 Α
1512 263 1584 294 seu
1609 251 1740 295 odore
1762 252 1957 296 carnium
1980 254 2264 299 delectaretur
2302 251 2526 308 [warinus.
2566 260 2640 303 sed
2669 273 2744 316 pu-

200 327 366 378 sponte,
388 322 646 377 quandoque
668 333 788 363 casu.
810 319 1061 365 Necessario
1085 329 1245 370 autem,
1270 323 1334 366 vel
1376 334 1427 366 ex

199 399 314 444 vot0,
336 394 402 436 vel
419 405 469 436 ex
489 392 717 447 praeaepto.
746 391 859 435 Sane
882 405 934 435 ez
955 399 1166 448 praecepto
1192 393 1430 438 offerebant

197 466 409 520 primitias
457 462 645 519 frugum,
687 475 886 517 uvarum,
913 462 1131 508 fructuum
1162 467 1190 508 ³.
1233 464 1430 508 Decimus

197 551 365 595 quoque
384 537 648 587 eorumdem,
674 544 716 579 et
747 535 921 591 insuper
964 536 1233 581 animalium.
1261 533 1429 578 Primo·

197 612 341 666 genita
367 621 537 664 quoque
559 607 776 660 animalia,
802 613 844 650 et
886 607 1139 650 liberorum.
1177 605 1429 650 Oblationes

197 684 323 725 etiam
349 683 478 725 trium
501 681 838 731 solemnitatum,
865 688 947 722 etc.
969 681 1012 722 in
1034 679 1151 723 hunc
1175 679 1347 722 modum
1370 680 1425 722 ⁰.

196 753 276 795 Mel
299 761 440 796 autem
463 760 505 796 et
530 752 787 795 fermentum
805 763 1024 806 nunquam
1044 750 1335 794 offerebantur
1352 750 1431 793 Do-

195 831 328 881 mino,
357 837 498 872 tamen
520 828 720 884 primitiae
745 840 896 871 eorum
922 827 1189 883 temporibus
1212 828 1303 871 suis
1320 827 1428 870 offe·-

196 901 400 942 rcbantur
418 901 643 952 sacerdoti,
669 902 740 943 sed
767 900 827 943 nil
843 911 893 943 cx
913 901 974 943 cis
994 912 1123 954 super
1147 901 1279 944 altare
1301 913 1431 956 pone-

195 974 335 1016 batur.
374 972 670 1015 Communitcr
705 980 844 1015 autem
887 985 911 1015 a
957 972 1074 1016 nollo
1105 973 1319 1016 sacrificio
1363 973 1428 1016 sal

193 1048 340 1090 deesse
362 1045 556 1097 debebat,
582 1052 625 1090 et
645 1044 740 1090 idco
759 1046 984 1089 dicebatur
1004 1047 1067 1089 sal
1103 1046 1296 1100 t'oetleris,
1326 1046 1426 1102 qnia

193 1132 278 1163 non
312 1127 404 1163 erat
447 1111 510 1163 sas
550 1118 631 1163 boc
686 1119 942 1175 transgredi.
1000 1118 1136 1165 Porro
1188 1121 1427 1166 secundum

193 1194 387 1236 ordinem
425 1193 520 1236 libri
561 1204 585 1235 a
625 1192 848 1236 sacrificiis
888 1193 1178 1238 inchoandum
1227 1201 1307 1238 est.

248 1270 262 1284 ·
288 1266 455 1309 Αάάίιὶο
478 1266 518 1309 l.
540 1265 641 1308 Duae
661 1272 782 1310 erant
807 1266 1025 1322 primitiae.
1047 1267 1204 1312 Primae
1227 1269 1428 1324 primitiae

194 1338 363 1394 frugum
386 1339 438 1382 de
460 1339 588 1395 spicis
607 1339 872 1392 contricatis,
902 1339 1041 1395 primo
1060 1340 1130 1384 die
1152 1354 1424 1398 azymorum.

193 1410 400 1456 Secundae
439 1412 480 1454 in
507 1412 706 1468 panibus,
731 1411 772 1454 in
799 1411 867 1454 die
888 1411 1180 1458 Pentecostes.

248 1491 264 1505 ·
284 1486 487 1530 ‘Additio
511 1488 554 1530 2.
585 1487 630 1531 Si
655 1495 751 1531 erat
780 1488 1112 1544 primogenitum
1153 1489 1342 1534 hominis
1375 1490 1429 1534 de

193 1559 343 1613 levitis,
367 1563 456 1617 ipse
482 1562 636 1618 templo
652 1562 914 1615 remanebat,
942 1562 1007 1606 sin
1022 1569 1164 1607 autem
1187 1562 1430 1608 redimeba-

194 1642 263 1677 tut·
296 1635 485 1690 quinque
504 1635 635 1678 siclis.

277 1710 375 1752 (Tse.
413 1706 481 1753 111.
521 1710 581 1753 De
604 1709 874 1765 holocaustis,
912 1718 951 1755 et
979 1712 1100 1755 modo
1126 1713 1342 1770 offerendi.

249 1782 586 1837 Sacrificiorum,
609 1784 689 1826 alia
723 1784 995 1837 holocausta,
1015 1785 1099 1828 alia
1122 1785 1348 1830 sacrificia.
1376 1784 1428 1829 Et

191 1858 330 1911 primo
344 1857 396 1899 de
415 1856 679 1902 holocaustis
692 1858 930 1901 videamus.
952 1855 1214 1901 Holocausta
1230 1858 1429 1901 diceban-

192 1936 259 1971 tur
286 1928 355 1970 iila
380 1929 609 1982 sacrificia,
631 1936 839 1992 quae‘tota
871 1927 1233 1972 incendebantur.
1271 1927 1425 1979 Holon,

189 2002 319 2054 enim,
349 2009 496 2054 totum,
519 2013 687 2055 cauma,
713 2001 949 2044 incendium
987 1990 1160 2045 dicitur.
1181 2000 1331 2045 Ficbat
1350 2011 1434 2045 aui

195 2083 279 2118 tem
304 2082 469 2118 tantum
491 2076 530 2117 in
555 2075 707 2127 tribus,
737 2076 943 2119 armentis
966 2074 1145 2127 scilicet,
1171 2073 1426 2130 pecudibus,

190 2150 263 2192 sed
289 2155 453 2192 tantum
474 2149 531 2192 de
566 2149 720 2194 ovibus
751 2155 793 2193 ct
815 2149 973 2210 capris.
993 2147 1045 2193 Et
1078 2148 1120 2192 in
1139 2149 1318 2203 avibns;
1352 2149 1427 2193 sed

191 2232 355 2266 tantum
397 2222 439 2266 in
479 2231 648 2268 turture
669 2231 711 2267 et
740 2224 956 2268 columba.
978 2222 1037 2267 De
1065 2224 1271 2267 armentis
1290 2230 1328 2267 et
1351 2237 1426 2280 pc-

190 2295 372 2339 cudibus
395 2294 458 2339 sic
497 2310 508 2339 ε
543 2294 809 2339 Ol'l'crebatur
844 2301 1008 2338 tantum
1046 2294 1266 2338 masculus
1302 2294 1426 2338 anni·

190 2369 312 2413 culus
330 2368 478 2425 (Lavit.
502 2367 550 2424 ι),
576 2367 741 2413 scilicet
758 2367 886 2412 unius
905 2368 1024 2422 amri,
1048 2368 1116 2412 vel
1135 2369 1266 2422 circa,
1294 2380 1422 2427 supra
1447 2386 1483 2437 C

190 2453 349 2483 annum
375 2453 476 2485 non.

249 2514 367 2559 Unde
396 2514 652 2571 quandoque
684 2515 822 2562 hostIa
844 2529 998 2573 agnus,
1021 2516 1284 2579 quandoque
1313 2518 1427 2569 aries

190 2590 442 2646 appellatur.
469 2589 550 2634 Bos
574 2591 687 2634 enim
714 2603 844 2645 supra
872 2603 1032 2638 annum
1076 2599 1246 2648 poterat
1276 2591 1423 2635 offerri

190 2673 237 2708 ut
261 2665 320 2708 ait
348 2663 579 2719 Joscphus.
607 2664 708 2708 Erat
741 2677 913 2721 quoque
954 2666 1278 2718 immaculatus,
1310 2670 1426 2722 quod

191 2751 274 2782 non
296 2739 347 2781 de
368 2739 534 2784 macula
561 2738 749 2791 velleris,
779 2740 850 2783 scd
876 2740 1071 2795 corporis
1099 2739 1424 2796 intelligendum

188 2819 268 2863 est,
294 2813 332 2857 id
355 2818 421 2854 est
447 2823 530 2854 non
555 2811 717 2865 debile,
735 2819 809 2855 aut
829 2811 967 2859 fracto
988 2814 1203 2865 membro,
1235 2821 1311 2857 aut.
1349 2826 1428 2869 pa-

187 2890 311 2943 pulas
336 2887 497 2930 babens
517 2889 530 2904 ·
549 2895 623 2930 aut
653 2887 860 2940 scabiem,
887 2893 961 2932 aut
984 2900 1164 2940 caecum,
1206 2894 1248 2931 et
1272 2887 1426 2943 bujits·

191 2962 324 3007 modi.
354 2960 708 3019 offerebaturque
743 2962 890 3018 ‘primo
927 2962 1139 3006 s2cerd‹›ti
1173 2961 1226 3005 ad
1267 2963 1425 3007 ostium

190 3035 305 3086 atrii,
333 3042 377 3077 ut
401 3034 560 3077 videret
586 3034 622 3077 si
652 3034 855 3078 idoneum
897 3041 1012 3078 esset
1041 3034 1094 3077 ad
1141 3033 1426 3087 offerendum,

187 3114 334 3160 postea
361 3106 412 3149 ad
445 3108 603 3150 ostium
641 3105 904 3150 tabernaculi
945 3105 1207 3150 offerebatur
1244 3105 1427 3149 Domino

187 3191 263 3236 per
282 3191 486 3221 manuum
516 3177 830 3234 impositionem
848 3190 979 3233 snper
1002 3186 1146 3233 caput,
1173 3178 1274 3222 lotis
1307 3179 1428 3232 prius

187 3250 412 3303 manibus,
446 3249 544 3306 quia
566 3257 720 3306 praetcr
762 3263 882 3294 marc
915 3251 1204 3303 sacerdotum,
1235 3256 1360 3293 erant
1383 3250 1425 3292 in

186 3324 299 3367 atrio
321 3324 408 3366 duo
447 3323 599 3374 maria,
627 3334 758 3366 unum
789 3323 1001 3373 virorum,
1042 3330 1084 3365 et
1123 3323 1305 3364 alterum
1328 3334 1427 3365 tnu-

187 3396 356 3439 licrum.
376 3394 501 3440 -Unde
524 3402 607 3439 cta
626 3395 722 3439 loco
742 3395 946 3441 offerendi
973 3394 1025 3438 ab
1061 3395 1250 3438 ttebraeis
1284 3395 1426 3438 liostia

186 3459 473 3512 dicebatur&
500 3465 687 3511 Gentiles
718 3474 861 3511 autem
895 3466 950 3509 ab
985 3466 1184 3509 hostibus
1205 3456 1426 3509 vincendis

189 3540 390 3593 bostiam,
423 3547 507 3583 eta
537 3540 660 3586 victis
684 3540 879 3585 hostibus
928 3539 1150 3582 victimam
1185 3550 1426 3583 consueve-

188 3620 282 3655 rant
324 3614 538 3668 appellare
555 3614 623 3656 “2
667 3610 893 3656 victimam
939 3622 1044 3654 vero
1084 3609 1251 3653 Hebraei
1282 3622 1307 3652 a
1333 3611 1426 3652 vin-

188 3684 339 3728 ciendo
354 3686 568 3738 dixerunt,
595 3686 694 3741 quia
714 3685 905 3728 vinctum
923 3683 1220 3727 adducebatur
1244 3681 1423 3724 animal.

188 3757 380 3801 oblatam
405 3759 466 3802 sic
493 3759 697 3809 bostiam,
717 3758 950 3802 reducebat
976 3757 1181 3800 sacerdos
1214 3756 1266 3799 ad
1289 3755 1425 3798 altare

189 3831 554 3878 holocaustorum,
580 3837 622 3873 et
657 3838 776 3875 stans
801 3830 855 3874 ad
888 3830 1133 3886 aquilonem
1171 3828 1425 3870 immolabat

189 3917 300 3957 enni,
341 3916 486 3947 coram
522 3903 721 3956 Domino,
746 3906 795 3947 ad
822 3905 937 3948 latus
972 3905 1139 3954 altaris,
1165 3911 1207 3945 et
1254 3903 1296 3945 in
1321 3915 1426 3945 con-

187 3990 332 4034 spectu
348 3988 611 4030 sanctorum,
631 3978 917 4033 fundebatque
938 3978 1188 4033 sanguinein
1204 3978 1296 4031 ejus
1310 3978 1423 4020 circa

188 4050 450 4106 crepidinem
490 4050 639 4094 altaris
672 4051 714 4093 iu
741 4052 924 4093 circuitu
945 4054 1028 4093 “···.
1053 4050 1256 4094 Hebraeus
1279 4050 1422 4101 babet,

194 4141 208 4165 c
238 4126 459 4180 parietem.
488 4138 502 4164 ι
525 4121 754 4177 Josepbus,
782 4137 795 4162 ‹
824 4123 1020 4175 limbum,
1055 4139 1068 4159 ι
1098 4122 1222 4173 sorte,
1241 4122 1420 4173 labium,

189 4198 534 4253 supereminens,
562 4195 837 4250 detractaque
859 4195 967 4249 pelle
1001 4196 1168 4245 bostiae.
1212 4207 1309 4249 qua:
1332 4201 1422 4236 erat

190 4270 442 4319 sacerdotis,
465 4275 584 4313 artus
627 4267 670 4310 in
694 4269 832 4310 frusta
871 4267 1141 4315 concidebat,
1182 4267 1340 4320 quibus
1360 4266 1421 4309 lo-

190 4346 262 4394 tis,
282 4356 379 4386 cum
400 4343 554 4397 capite,
584 4341 762 4396 pedibus
795 4349 837 4383 et
869 4340 1100 4392 intestinis,
1122 4340 1424 4384 adolebatom-

191 4420 262 4461 nia
286 4429 416 4471 super
439 4416 572 4458 altare
595 4415 637 4457 in
662 4414 978 4464 holocaustum,
1021 4420 1064 4455 et
1102 4413 1278 4455 ‹nlorcm
1320 4424 1422 4457 sua-

186 4504 281 4538 ycm
310 4490 506 4536 Domine.
537 4487 703 4530 Nomst
725 4489 1002 4538 credendum,
1031 4485 1145 4540 quod
1174 4485 1214 4527 in
1257 4485 1421 4538 nidore,

1511 325 1597 368 tius
1621 324 1727 368 inre
1742 325 1999 382 significata,
2039 335 2084 371 et
2119 329 2347 373 devotione
2369 330 2656 376 oll‘erentium.
2698 332 2745 376 S.

1510 405 1654 440 autem
1694 397 1748 440 de
1782 398 1934 443 avibus
1970 401 2090 444 lieret
2133 397 2452 454 bblocaustuiu,
2489 402 2614 448 tiebat
2649 404 2743 449 sir?

1510 471 1582 511 scd
1607 482 1706 512 cum
1732 470 1819 513 duo
1843 470 2061 525 offerrent,
2088 480 2135 516 ut
2156 473 2317 516 dictum
2342 481 2423 526 est,
2447 476 2587 529 primo
2617 476 2746 519 borno

1509 541 1561 584 de
1594 541 1910 598 lsi-aelpostea
1959 545 2180 589 sacerdos.
2210 545 2438 598 Quomodo
2477 548 2535 591 ab
2573 548 2748 592 bomine

1510 614 1769 658 offerebatur
1783 617 1967 670 avicula,
1991 625 2114 661 tacet.
2140 617 2268 662 Forte
2301 620 2402 675 quia
2425 620 2575 663 eodeni
2600 623 2744 676 modo,

1508 696 1596 739 quo
1624 693 1665 727 et
1685 697 1833 740 pecus,
1859 685 1968 730 sorte
2010 694 2176 731 tantum
2207 691 2435 734 sacerdoti.
2478 689 2748 736 offerebatur

1509 763 1650 801 autem
1675 758 1817 812 pullus
1845 759 2041 812 turturis,
2076 761 2141 803 vel
2175 762 2384 806 columbae
2421 764 2490 807 cui
2525 763 2750 820 frangebat

1510 831 1712 874 sacerdos
1735 830 1892 874 collum
1915 833 2007 876 sola
2031 845 2175 876 manu.
2220 833 2314 878 Non
2355 836 2470 879 enim
2495 836 2650 881 licebat
2677 850 2750 881 sa-

1509 902 1753 947 cerdottbus
1790 903 1950 948 serrum
1974 905 2115 949 levare
2141 919 2269 961 super
2307 919 2446 951 avem.
2485 908 2553 961 Et,
2587 917 2748 954 retorto

1508 976 1618 1019 collo
1635 989 1732 1019 cum
1774 978 1912 1034 capite
1954 979 2036 1023 sub
2064 980 2234 1032 assella,
2273 993 2415 1037 ungue
2452 989 2592 1026 cutem
2630 985 2748 1037 colli,

1509 1047 1581 1091 ubi
1599 1046 1783 1090 fractum
1806 1058 1915 1101 erat,
1938 1050 2182 1105 rumpebat,
2205 1058 2248 1094 et
2275 1050 2373 1095 suso
2407 1053 2616 1108 sanguine
2657 1055 2746 1097 cir-

1511 1134 1608 1165 cum
1634 1121 1895 1175 crepidinem
1914 1122 2077 1175 altaris,
2097 1123 2331 1167 vesiculam
2361 1126 2546 1181 gutturis
2572 1132 2613 1169 ct
2654 1127 2748 1181 plu·

1509 1202 1602 1234 mas
1624 1191 1877 1247 projiciebat
1893 1191 1946 1234 ad
1970 1191 2178 1235 orientem
2201 1192 2244 1236 in
2269 1192 2366 1237 loco
2384 1203 2567 1245 secreto,
2594 1195 2664 1237 ubi
2685 1193 2749 1237 ei·

1508 1275 1634 1307 neres
1671 1264 2015 1317 effundebantur,
2054 1265 2377 1321 ⁴contractisque
2419 1266 2589 1311 assellis
2617 1275 2746 1310 niano

1508 1337 1704 1380 adolebat
1725 1349 1819 1380 eam
1840 1350 1971 1392 super
1991 1338 2125 1382 altare
2145 1339 2187 1382 in
2209 1339 2529 1383 holocaustum.
2555 1337 2607 1383 Et
2655 1340 2750 1388 baec

1506 1415 1630 1452 erant
1650 1409 1833 1460 minora,
1857 1416 1898 1452 et
1923 1409 2136 1465 simplicia
2161 1410 2431 1462 holocausta,
2471 1423 2568 1466 quae
2593 1410 2748 1453 volun·

1508 1483 1614 1526 tarie
1633 1481 1806 1526 flebant.
1835 1480 2173 1537 Erantquaedam
2201 1483 2365 1538 majora
2385 1482 2572 1538 quadam
2599 1493 2748 1526 neces·

1506 1556 1632 1600 sitatc
1653 1554 1780 1608 facta,
1806 1567 1903 1611 qnae
1930 1562 1971 1598 et
1992 1556 2209 1599 sanctiora
2249 1555 2437 1612 quodam
2474 1555 2619 1607 modo,
2643 1554 2747 1611 quia

1507 1635 1644 1673 totum
1670 1627 1995 1681 incendebatur,
2017 1635 2061 1672 et
2085 1628 2224 1684 pellis,
2258 1634 2302 1672 et
2346 1627 2497 1679 timus.
2517 1628 2570 1671 de
2587 1627 2748 1683 quibus

1505 1709 1604 1758 post
1624 1702 1807 1754 dicetur,
1832 1703 2019 1758 quodam
2044 1703 2173 1745 modo
2194 1702 2338 1746 minus
2361 1702 2508 1758 digna,
2549 1701 2650 1757 quia
2673 1713 2748 1745 su-

1505 1787 1582 1832 per
1595 1775 1731 1818 altare
1750 1787 1836 1817 non
1850 1773 2303 1819 cremabantur.Nunc
2326 1776 2378 1819 de
2403 1774 2628 1819 sacrificiis
2648 1786 2749 1831 par-

1508 1848 1681 1892 tialibus
1700 1859 2035 1903 prosequamur,
2059 1856 2102 1891 et
2126 1848 2399 1892 voluntariis.

1561 1925 1576 1939 ·
1589 1922 1763 1964 Additn‘o
1777 1922 1818 1965 l.
1841 1921 2002 1978 Papula
2022 1929 2089 1965 est
2105 1922 2195 1966 oris
2210 1922 2455 1975 iulii-initas,
2475 1934 2572 1979 quae
2587 1921 2748 1967 Gallice

1505 1994 1664 2039 dicitur
1691 1995 1890 2050 iampast.

1561 2071 1594 2087 “
1609 2068 1783 2111 Additio
1804 2068 1848 2112 Ξ.
1871 2066 1992 2111 Unde
2018 2069 2153 2112 bostia
2175 2068 2408 2112 secundum
2429 2066 2645 2118 Hebraeos,
2665 2066 2746 2110 ab·

1507 2147 1570 2184 ter
1590 2140 1825 2184 secundum
1845 2141 2039 2196 gentssles.

1632 2214 1806 2256 Additio
1816 2215 1858 2257 5.
1883 2211 2064 2258 Victima
2087 2226 2183 2270 quae
2207 2214 2363 2259 cecidit
2395 2213 2551 2260 dextra·
2570 2211 2746 2258 victrice

1504 2296 1700 2332 vocatur.

1621 2380 1820 2425 Hostibus
1838 2395 1864 2425 a
1885 2381 2055 2425 domitis
2076 2382 2213 2425 hostia
2234 2394 2380 2426 nomen
2397 2381 2536 2426 habet.

2164 2458 2166 2460 ’
2305 2454 2466 2511 (Ovio.)

1561 2529 1742 2574 Domitis
1759 2529 1919 2586 posuit,
1955 2540 2032 2584 pro
2059 2526 2301 2581 domandis,
2324 2528 2451 2578 ‚metri
2473 2532 2743 2575 necessitate.

1659 2603 1834 2645 Addicio
1877 2604 1918 2646 4.
1952 2602 2154 2654 Quaedam
2199 2600 2341 2644 hostia
2379 2601 2685 2647 immolabatur
2721 2617 2744 2648 a

1507 2676 1751 2727 sacerdote,
1787 2687 1884 2731 quae
1922 2682 2013 2718 erat
2041 2672 2353 2730 aliquantulum
2405 2686 2582 2730 magna,
2621 2676 2746 2731 cujus

1507 2750 1685 2805 sanguis
1712 2747 2014 2794 effundebatur
2040 2747 2093 2790 ad
2130 2746 2394 2801 crepidinem
2439 2747 2605 2792 altaris.
2653 2748 2746 2792 Ala

1507 2824 1648 2867 hostia
1678 2835 1774 2878 quae
1798 2822 1937 2876 maior
1955 2827 2064 2873 erat,
2090 2819 2368 2864 occidebatur
2411 2819 2468 2862 ita
2508 2820 2623 2875 quod
2648 2833 2749 2864 san·

1508 2896 1637 2951 guine
1651 2893 2018 2951 ejus'aspergebat
2040 2893 2242 2937 sacerdos
2264 2893 2448 2948 parietes
2484 2893 2620 2949 ipsius
2638 2896 2747 2938 alta·

1507 2969 1583 3012 ris.
1605 2965 1709 3011 Erat
1727 2974 1870 3010 autem
1888 2972 1930 3008 et
1947 2964 2088 3008 hostia
2107 2965 2311 3016 maxima,
2338 2976 2436 3020 qna>
2468 2966 2745 3010 sacrificaba-

1508 3047 1594 3091 tur,
1613 3038 1739 3093 cujus
1761 3036 1938 3092 sanguis
1954 3034 2267 3087 effundebatur,
2294 3035 2348 3079 ab
2369 3036 2462 3091 ipso
2479 3035 2744 3091 immolante,

1506 3122 1637 3165 super
1658 3121 1822 3166 cornua
1850 3108 1987 3163 ipsius
2011 3107 2178 3151 altaris.

1553 3181 1656 3222 Car.
1695 3177 1766 3222 tv.
1793 3177 1854 3220 De
1891 3178 2112 3232 sacrificiis
2142 3177 2331 3232 pacificis
2352 3185 2391 3223 et
2418 3177 2690 3225 salutaribus.

1563 3251 1736 3312 llorum.
1765 3251 1960 3305 quaedam
1979 3255 2103 3293 erant
2125 3249 2319 3305 pacifica,
2349 3249 2544 3306 quaedaiu
2583 3248 2746 3298 salula-

1508 3324 1590 3374 ria,
1615 3337 1712 3380 quae
1733 3324 1895 3367 scilicet
1917 3335 1993 3378 pro
2013 3322 2151 3365 salute
2172 3321 2330 3376 danda,
2349 3323 2415 3367 vel
2429 3326 2544 3376 data,
2564 3325 2746 3374 velcon·

1511 3399 1719 3441 servanda
1746 3397 2051 3440 offerebantur.
2079 3394 2284 3439 Similiter
2305 3403 2346 3438 ct
2365 3409 2441 3451 pro
2461 3409 2581 3452 pace,
2601 3397 2668 3440 vel
2690 3397 2744 3441 ad

1510 3471 1660 3522 Deum,
1687 3470 1753 3512 rel
1779 3470 1831 3511 ad
1856 3468 2095 3521 bominem,
2119 3468 2185 3511 vcl
2219 3469 2320 3523 quia
2358 3469 2410 3512 ad
2435 3469 2596 3512 bonum
2627 3455 2746 3526 pacis

1507 3545 1683 3596 fiebant,
1707 3555 1804 3586 cum
1827 3542 1983 3597 cuique
2005 3541 2116 3597 quod
2142 3554 2267 3585 suum
2306 3549 2396 3584 erat
2428 3542 2636 3596 dabatur,
2660 3544 2747 3587 sci-

1506 3617 1604 3660 licet
1631 3615 1733 3668 Deo,
1759 3623 1797 3657 et
1822 3616 2051 3667 sacerdoti,
2090 3622 2131 3657 ct
2156 3614 2370 3662 offerenti.
2396 3614 2548 3658 Ficbat
2579 3623 2742 3669 autem,

1506 3702 1603 3732 cuin
1629 3695 1720 3730 etat
1741 3690 1793 3729 dc
1819 3687 2097 3737 animalibus,
2123 3689 2176 3729 de
2206 3694 2403 3729 armento
2429 3694 2614 3736 tantum,
2637 3688 2745 3730 ctdo

1506 3761 1743 3816 pecudibus
1766 3759 1999 3813 praedictis,
2027 3760 2079 3800 de
2110 3759 2262 3801 avibus
2294 3771 2395 3801 vero
2425 3770 2526 3800 noti.
2552 3756 2667 3802 Sane
2690 3765 2740 3802 vtn

1508 3836 1635 3876 modo
1656 3833 1859 3875 ussei-endi
1886 3832 1940 3873 ab
1962 3830 2151 3882 bomine,
2180 3830 2245 3872 vel
2273 3830 2514 3882 sacerdote,
2534 3830 2645 3873 idem
2670 3830 2744 3873 fle·

1507 3906 1580 3950 bat
1610 3917 1706 3947 cuin
1728 3906 1866 3947 hostia
1907 3903 2165 3946 holocausti.
2194 3901 2275 3944 Sed
2303 3904 2343 3943 in
2376 3902 2457 3946 boc
2478 3908 2585 3944 'erat
2621 3901 2744 3945 diffe-

1507 3978 1662 4024 rentia,
1686 3977 1784 4030 quia
1809 3977 1876 4017 hic
1901 3975 2157 4018 oflerebatur
2181 3974 2418 4023 masculus,
2462 3974 2527 4015 vcl
2563 3972 2741 4027 femina,

1505 4056 1548 4091 et
1576 4047 1824 4096 anniculus,
1865 4046 1930 4088 vel
1970 4046 2222 4100 grandiora,
2268 4039 2542 4086 immaculata
2580 4048 2738 4087 tanieti.

1506 4123 1611 4165 Pars
1636 4133 1735 4163 vcro
1762 4121 1913 4163 bostiae
1938 4119 2195 4163 oflerebatur
2215 4117 2412 4168 Domino,
2435 4130 2535 4172 pars
2559 4125 2652 4160 erat
2671 4129 2741 4159 sa-

1506 4196 1743 4245 cerdotum,
1774 4193 1936 4247 rexiqna
1972 4188 2258 4235 offerentium.
2313 4190 2371 4234 De
2413 4200 2607 4234 armento
2651 4190 2742 4234 baec

1505 4266 1797 4309 oli'crcbantnr
1833 4263 2031 4306 Domino.
2067 4261 2218 4305 Omnis
2241 4261 2374 4316 adeps
2412 4274 2508 4316 quae
2538 4267 2606 4304 est
2645 4261 2740 4316 pin-

1504 4339 1641 4395 guedo
1659 4339 1912 4381 interiorum
1936 4336 2212 4380 offerebatur.
2225 4333 2446 4389 pinguedo
2463 4333 2577 4377 enirn
2608 4345 2739 4388 supra

1479 4401 1679 4457 ¹cai-nem
1700 4412 1915 4460 animalis,
1941 4409 2108 4460 arvina,
2139 4407 2202 4449 vel
2244 4407 2392 4450 lardus
2431 4407 2604 4449 dicitur.
2633 4404 2738 4458 Quae

1499 4486 1620 4531 carni
1666 4484 1866 4537 admista,
1889 4481 2059 4538 proprie
2097 4480 2327 4536 pinguedo,
2372 4492 2468 4537 quae
2506 4478 2734 4532 intestinis,
