2924 4588
250 86 269 111 ἱ

310 112 408 168 ’27'

307 295 446 332 suum,
473 281 543 336 qui
562 292 603 345 Ψ
624 277 743 321 coelis
756 284 821 319 est
842 267 1009 331 (ΜαιιΙι.
1035 284 1078 323 x,
1097 271 1167 327 53)
1183 301 1195 320 ,
1218 268 1291 325 qui
1309 279 1436 322 opera
1452 277 1527 309 sua

307 356 466 399 faciunt
480 358 524 395 ut
534 349 756 395 videantur
771 348 823 390 ab
839 345 1096 390 hominibus.
1121 336 1205 385 Fac
1226 352 1305 384 nos
1322 350 1528 383 conscen—

305 427 420 478 dere,
449 438 475 467 o
493 430 637 467 sancte
660 420 810 472 David,
834 419 877 461 in
900 418 1114 462 civitatem
1142 422 1259 457 tuam
1284 410 1527 455 Bethlehem

304 498 355 540 de
369 497 535 539 civitate
551 493 772 542 Nazareth,
790 497 834 535 ut
853 498 967 533 tuam
984 494 1026 532 et
1040 499 1124 531 non
1144 491 1333 529 nostram
1352 485 1393 526 in
1410 481 1526 527 omni

303 570 412 611 bono
425 579 550 623 opere
560 563 879 608 nostrolaudem
896 571 1149 617 quaeramus.
1160 557 1196 601 Ο
1213 557 1382 610 mitiset
1393 554 1528 597 humi·

303 641 353 683 lis
376 638 493 688 lesu,
518 637 588 693 qui
614 636 808 678 informa
829 639 991 683 nostra,
1022 631 1227 676 hodierna
1242 630 1327 679 die,
1353 627 1525 672 humilis

302 722 525 765 apparens,
544 708 730 765 quandiu
757 707 797 748 in
822 705 981 748 mundo
1001 704 1085 760 87
1113 702 1247 754 suisti,
1291 713 1378 746 non
1406 713 1526 756 quae·

302 782 393 825 sisti
417 782 592 838 gloriam
638 787 770 828 tuam,
803 778 877 821 sed
899 778 994 832 eius
1026 776 1099 831 qui
1123 774 1239 819 misit
1277 779 1317 817 te
1340 789 1350 816 :
1376 772 1524 829 procul

300 856 405 910 pelle
423 867 445 896 a
469 853 589 897 nobis
613 853 721 897 hunc
746 851 915 894 oculum
941 859 1139 904 nequam,
1162 846 1234 902 qui
1252 858 1408 902 corpus
1429 845 1525 888 red-

299 929 360 973 dit
382 928 653 972 tenebrosum
670 924 785 982 (Luc.
812 936 859 973 n,
880 922 966 979 54).
986 921 1099 978 Fuga
1118 935 1143 963 a
1164 920 1303 970 nobis,
1324 920 1397 975 qui
1416 919 1526 962 mul-

301 1002 424 1044 toties
460 1000 503 1043 in
532 1000 642 1042 bono
670 1008 796 1053 opere
831 1004 976 1040 nostro
1021 1005 1069 1037 se
1114 992 1282 1048 ingerit,
1328 991 1525 1035 humanae

301 1072 435 1116 laudis
472 1072 719 1127 appetitum,
760 1069 937 1111 internae
973 1067 1119 1122 gratiae
1164 1065 1407 1118 inimicum;
1450 1064 1522 1120 qui

298 1157 405 1200 opus
428 1147 550 1187 etiam
574 1142 764 1198 quamvis
786 1143 839 1184 sit
862 1141 1033 1193 bonum,
1060 1151 1083 1180 a
1100 1138 1379 1182 retributione
1397 1136 1523 1181 efficit

298 1218 499 1261 alienum.
534 1215 590 1258 Da
610 1222 652 1258 ut
670 1214 742 1258 tibi
767 1214 864 1264 soli,
896 1215 938 1256 in
971 1212 1085 1256 oinni
1111 1211 1225 1268 quod
1247 1212 1415 1267 agimus
1439 1212 1524 1267 pla-

298 1301 394 1332 cere
409 1300 646 1344 quaeramus
668 1302 678 1330 ε
704 1294 744 1330 et
779 1294 861 1329 ate
878 1284 1125 1329 affectemus
1144 1284 1188 1327 in
1209 1295 1337 1339 opere
1368 1283 1518 1333 videri,

298 1372 321 1402 a
347 1366 385 1403 te
413 1360 536 1403 etiam
566 1359 785 1415 cupiamus
810 1359 852 1400 in
875 1369 1004 1413 opere
1028 1356 1306 1405 remunerari.
1336 1353 1394 1398 Da
1415 1366 1522 1410 quo-

294 1446 378 1488 que
396 1438 440 1475 ιιι
459 1433 501 1476 ιιι
524 1433 646 1476 nobis
663 1431 714 1474 ad
740 1433 893 1482 locum,
923 1429 1034 1474 unde
1059 1434 1216 1474 exeunt
1245 1427 1433 1478 flumina,
1454 1441 1522 1473 re-

298 1510 528 1552 vertantur,
570 1510 779 1559 quatenus
814 1503 858 1546 ιιι
901 1501 1045 1558 sapida
1080 1499 1312 1546 resectione
1334 1500 1520 1546 civitatis

293 1580 404 1626 tuae,
430 1588 455 1619 o
486 1574 660 1630 pulcher
690 1582 731 1618 et
762 1574 881 1616 sortis
906 1571 1060 1624 David,
1088 1564 1414 1624 commoremur,
1441 1585 1521 1616 nec

293 1646 414 1690 suavi
440 1645 559 1696 flore,
583 1646 750 1695 decore,
768 1651 808 1688 et
831 1644 983 1687 decora
1008 1644 1099 1699 ejus
1118 1643 1300 1688 sanitate
1324 1644 1399 1702 [σί.
1425 1658 1520 1691 sua·

293 1718 438 1776 vitate]
473 1719 614 1763 illicite
645 1718 919 1762 delectemur.
967 1717 1052 1767 Sic,
1094 1717 1284 1768 Domine,
1314 1718 1515 1762 ascende·

290 1804 386 1834 mus
407 1803 429 1833 a
449 1790 655 1837 Nazareth
675 1790 729 1834 ad
770 1790 1028 1841 Bethlehem,
1069 1790 1169 1833 dum
1202 1797 1244 1834 et
1269 1791 1515 1845 humanum,

290 1865 362 1919 qui
385 1864 436 1908 de
448 1877 547 1908 sanc
562 1865 664 1908 itate
677 1870 717 1908 et
737 1862 846 1906 sama
868 1862 966 1907 boni
991 1863 1131 1919 operis
1148 1863 1376 1919 procedere
1390 1865 1513 1916 solet,

291 1936 461 1979 omnino
501 1935 743 1991 respuimus
782 1934 968 1979 savorem
990 1950 1001 1978 ι
1032 1942 1073 1978 et
1092 1936 1192 1988 tuis,
1232 1935 1515 1992 quodcunque

289 2009 467 2058 agimus,
505 2007 684 2051 occultis
722 2007 957 2058 obtutibus,
998 2005 1213 2051 offerimus
1255 2019 1331 2063 per
1354 2015 1514 2053 rectam

287 2079 363 2120 tihi
388 2078 465 2122 soli
509 2076 701 2133 placendi
737 2077 1031 2130 intentionem.
1058 2077 1146 2121 Vox
1183 2085 1271 2130 tua,
1305 2094 1329 2123 0
1365 2080 1447 2135 pie,
1488 2092 1513 2123 o

285 2150 393 2193 boue
415 2149 513 2194 Jesu
539 2151 626 2194 liaeo
651 2158 715 2194 cst
737 2162 750 2192 .·
777 2150 823 2193 Si
844 2163 915 2206 eqo
940 2150 1126 2206 qlorilico
1151 2154 1362 2207 meipsum,
1380 2154 1513 2210 qlort‘a

286 2236 373 2265 mea
400 2223 573 2266 nihilest
599 2221 738 2274 (loun.
772 2236 826 2272 vi,
864 2224 949 2278 5t).
979 2223 1030 2267 Et
1064 2225 1214 2268 iterum
1243 2225 1348 2270 dicis
1373 2243 1382 2270 ς
1424 2226 1511 2284 qu

284 2309 364 2337 non
406 2308 542 2351 quoero
581 2296 756 2352 gloriam
793 2310 924 2339 meam
946 2296 1084 2353 (ibim,
1116 2298 1202 2356 50).
1244 2298 1433 2350 Fratres,
1473 2300 1507 2344 si
1531 2319 1566 2368 C
1590 2301 1717 2344 ctiam
1736 2300 1805 2342 hic
1828 2301 1870 2342 in
1899 2300 2098 2354 praesenti
2121 2301 2349 2352 exercetis,
2376 2300 2439 2343 sic
2455 2306 2522 2344 est
2544 2300 2598 2344 ad
2618 2300 2767 2358 illudp
2799 2320 2818 2338 .:

284 2368 416 2421 gloria
439 2367 596 2411 Christi
619 2367 724 2411 nihil
747 2369 802 2411 sit
827 2369 862 2411 si
900 2370 1107 2424 glorificat
1141 2383 1186 2415 se
1211 2372 1348 2426 ipsum
1370 2388 1380 2416 :
1406 2374 1510 2429 quid

281 2443 344 2479 est
371 2438 430 2480 vel
453 2438 554 2493 quid
577 2449 670 2482 esse
703 2445 841 2493 potest
865 2439 998 2494 gloria
1036 2446 1198 2492 nostra,
1226 2445 1262 2486 si
1296 2443 1508 2498 glorilice·

279 2520 376 2553 mus
399 2521 477 2553 nos
501 2507 645 2565 ipsos?
665 2507 952 2556 Emundeinus
977 2511 1117 2568 itaque
1145 2527 1222 2558 nos
1246 2515 1298 2558 ah
1330 2517 1511 2561 immun·

279 2581 382 2625 ditia
407 2581 521 2626 saecis
540 2583 680 2639 huius,
724 2597 818 2639 quae
857 2586 1013 2629 sensim
1050 2586 1225 2631 influere
1248 2597 1429 2632 conatur
1464 2591 1508 2635 in

279 2653 455 2699 internis
479 2655 662 2700 motibus
690 2657 878 2701 nostris:
903 2656 1149 2704 studeamus
1174 2660 1267 2715 puri
1287 2667 1412 2718 ..tque
1434 2663 1509 2706 de-

278 2724 413 2769 saecati
438 2738 638 2783 apparere
654 2728 696 2771 in
714 2730 1014 2786 conspectibus
1032 2731 1142 2786 ejus,
1164 2734 1236 2789 qui
1261 2742 1326 2778 est
1346 2736 1509 2782 discre-

276 2803 345 2841 tor
365 2800 666 2856 cogitationum
691 2806 733 2845 et
755 2802 1036 2847 intentionum
1061 2805 1219 2851 cordis.

331 2868 378 2914 ll.
407 2869 631 2915 Videamus
650 2885 762 2916 nunc
776 2877 871 2930 quis
902 2875 980 2919 iste
1002 2876 1058 2919 sit
1091 2889 1261 2928 sensus,
1285 2890 1411 2934 quem
1434 2894 1506 2937 ge-

277 2943 415 2987 minus
434 2943 478 2987 in
501 2957 548 2989 se
568 2945 636 2990 bic
659 2948 847 2990 continet
860 2959 1128 3000 ascensus‚,a
1147 2948 1170 2993 J
1177 2951 1292 2996 udaea
1310 2954 1506 2999 videlicet

277 3015 321 3057 in
339 3014 569 3071 Galilaeam;
597 3031 619 3061 a
642 3015 849 3064 Nazareth
872 3022 916 3063 in
941 3019 1201 3067 Bethlehem.
1230 3024 1273 3067 Si
1298 3026 1504 3082 quidquid

277 3085 351 3128 tihi
380 3086 487 3130 oeus
511 3088 562 3132 de
592 3101 637 3132 se
654 3089 761 3145 ipso,
789 3092 877 3135 sive
906 3092 957 3136 de
980 3093 1046 3136 his
1066 3106 1160 3149 quae.
1175 3096 1227 3138 ad
1246 3110 1343 3142 eum
1381 3100 1508 3153 peiti-

277 3165 391 3207 neut,
416 3158 601 3202 revelat:
631 3173 715 3203 non
754 3161 806 3206 de
843 3163 1037 3206 acumine
1062 3166 1327 3217 subtilitatis,
1359 3170 1425 3212 vel
1453 3170 1504 3213 de

278 3229 427 3271 merito
447 3232 685 3276 sanctitatis
717 3239 815 3283 tuae,
862 3235 934 3278 sed
953 3247 975 3277 a
999 3235 1180 3291 gratuita
1213 3239 1347 3294 ipsius
1368 3244 1503 3296 gratia

278 3302 500 3355 provenire
522 3316 604 3348 uon
621 3306 756 3348 solum
780 3307 850 3362 pio
886 3307 1013 3350 corde
1038 3310 1186 3359 sentis,
1223 3311 1298 3354 sed
1321 3318 1361 3356 et
1380 3313 1503 3367 pleno

278 3383 351 3415 ore
367 3374 661 3425 conliteris,ut
682 3389 778 3420 cum
823 3378 955 3421 Paulo
989 3380 1057 3431 (ΙΙ
1093 3379 1190 3424 Cor.
1232 3395 1295 3431 ιιι,
1323 3385 1502 3440 5)dicas
1528 3392 1560 3434 D
1584 3388 1701 3424 certa
1726 3387 1768 3423 et
1786 3381 1951 3425 occulta
1985 3383 2208 3438 sapientiae
2243 3396 2332 3427 suae
2367 3383 2652 3429 manifestans
2672 3384 2831 3431 rev-³³

278 3454 362 3486 non
386 3443 657 3489 sufficientem
684 3450 1030 3505 essetecogilare
1054 3453 1211 3507 aliquid
1224 3466 1275 3496 et
1300 3463 1355 3505 te,
1380 3459 1503 3510 quasi

279 3527 328 3557 ex
346 3520 417 3567 te;
442 3516 514 3560 sed
537 3515 827 3562 sufficientiam
853 3525 967 3564 tuam
990 3534 1043 3564 ex
1077 3523 1169 3577 ipso
1192 3537 1303 3576 esse,
1327 3532 1427 3570 tunc
1452 3529 1502 3572 dc

279 3592 446 3628 occuuo
482 3587 748 3632 revelationis
773 3588 824 3632 ad
852 3590 1067 3644 publicum
1100 3594 1299 3641 ascendis
1334 3598 1504 3643 conses-

280 3655 427 3705 sionis,
453 3667 501 3699 ac
525 3669 600 3712 per
630 3658 709 3701 hoc
727 3671 753 3702 a
780 3658 950 3704 Galilaea
985 3661 1038 3704 ad
1073 3661 1276 3709 Judaeam.
1326 3666 1443 3719 Quod
1467 3670 1503 3713 si

280 3732 367 3769 tarn
398 3728 516 3771 avide
538 3730 691 3779 esuris,
727 3738 770 3774 et
801 3733 894 3776 sitis
915 3735 1143 3789 iustitiam,
1170 3745 1217 3781 ut
1238 3751 1519 3795 nequaquam:

281 3803 323 3839 te
362 3799 589 3853 perlectum
623 3803 823 3856 aestiiues,
875 3813 1252 3865 quantumcunque
1290 3812 1503 3866 perfectus

283 3866 440 3915 rueris;
490 3868 578 3916 scd.
599 3883 694 3912 cum
719 3882 1039 3921 consummatus
1063 3877 1211 3930 fueris,
1251 3880 1428 3935 deputes
1462 3890 1503 3926 te

283 3938 467 3993 incipere
485 3938 631 3995 (Eccli.
652 3955 773 3994 ,ιι-ιιι,
798 3945 839 4000 6)
879 3956 1074 4002 respectu
1097 3949 1210 3993 illius
1238 3950 1351 4002 boui,
1390 3955 1503 4009 quod

284 4004 421 4052 adhuc
443 4010 576 4062 deest,
610 4015 732 4068 quasi
770 4029 846 4070 pro
888 4020 1070 4073 quadam
1101 4024 1383 4070 teneritudine
1427 4026 1500 4079 [al.

283 4080 353 4136 qui
372 4093 447 4135 pro
469 4085 647 4137 quadam
670 4085 798 4129 habes
821 4090 1118 4150 teneritudine}
1141 4093 1273 4145 floris,
1299 4099 1504 4153 quidquid

282 4150 357 4193 tihi
377 4151 418 4194 in
442 4152 553 4196 bono
572 4166 696 4209 opere
717 4156 836 4200 adest
859 4160 892 4203 si
920 4162 1068 4217 niteris
1100 4165 1228 4208 etiam
1269 4165 1343 4223 [al.
1372 4169 1507 4210 iutro·

283 4224 417 4267 mittis
439 4230 481 4268 te
515 4225 658 4284 etiam]
683 4229 879 4275 omuibus
916 4234 1069 4284 modis,
1105 4237 1258 4291 quibus
1287 4240 1418 4288 vales,
1451 4243 1503 4283 ab

285 4290 366 4345 his,
390 4308 479 4350 quae
505 4297 591 4350 jam
615 4300 894 4355 acquisivisti,
937 4305 987 4346 ad
1033 4318 1081 4348 ea
1106 4320 1197 4362 quae
1220 4310 1398 4352 necdum
1430 4324 1505 4366 ap-

285 4366 539 4419 prehendisti
565 4370 800 4425 pertingere
821 4389 827 4415 ;
850 4373 1047 4417 nimirum
1086 4389 1105 4417 a
1125 4375 1333 4421 Nazareth
1355 4392 1504 4423 ascen-

534 90 564 125 ·
1181 105 1344 151 tuam
1374 96 1959 149 remanemus-,usis
2759 139 2774 154 ,v

311 211 472 262 fitetur5
498 208 558 252 sic
588 218 663 252 nec
706 171 938 252 mercedem
969 181 1197 244 ‘habebunt
1234 195 1344 252 apud
1365 194 1532 238 Patrem
1559 196 1591 239 Α
1615 191 1682 233 dis
1709 190 1761 233 ad
1786 188 2045 234 Bethlehem.
2074 185 2359 234 Utilissimum
2395 185 2472 243 [ul.
2501 186 2719 246 ultimum]
2750 213 2788 236 --.,
2805 221 2818 247 ,1

1609 267 1730 309 vobis
1753 266 1834 308 hoc
1865 264 1992 307 modo
2007 268 2074 308 est
2107 262 2359 314 ascendere,
2399 264 2502 322 quia
2531 268 2619 322 quo
2657 263 2813 321 (levus

1607 339 1659 381 ab
1685 339 1754 380 illo
1783 350 1880 381 esse
1907 335 2170 393 confitemini
2193 337 2237 380 in
2258 336 2456 393 publico,
2475 336 2593 394 quod
2616 337 2740 383 vobis
2782 351 2813 376 r:

1607 410 1838 452 revelatum
1864 415 1929 452 est
1960 410 2003 451 in
2027 407 2230 462 occulto;
2255 419 2308 453 eo
2332 407 2534 454 videbitis
2559 410 2685 455 vobis

1606 481 1698 524 sius
1719 487 1880 536 patere,
1915 480 2030 536 quod
2047 485 2227 524 eatenus
2244 479 2446 524 sensistis
2470 491 2546 525 vos
2563 480 2716 536 latere.
2750 477 2818 533 ζ

1604 554 1732 595 etiam
1757 551 1844 595 Deo
1870 553 2109 609 acceptius,
2133 564 2261 608 quam
2283 550 2468 597 fervoris
2492 553 2731 610 spiritualis

1606 624 1759 675 sectus,
1797 636 1926 679 quam
1955 623 2134 678 justitiae
2169 624 2338 668 esuries
2368 628 2436 670 est
2471 629 2515 668 et
2537 625 2651 671 sitis.
2682 625 2790 689 Just

1604 697 1814 753 profecto,
1852 702 1899 740 ut
1923 698 2163 742 esurientes
2190 709 2296 742 suos
2319 697 2495 755 impleat
2524 698 2669 753 bonis,
2689 698 2804 745 sac*
2876 761 2877 767 ἵ

1604 789 1678 820 eos
1704 787 1728 819 a
1762 775 1974 820 Nazareth
2012 775 2249 819 ascendere
2280 773 2335 818 ad
2373 773 2654 821 Bethlehem:
2678 766 2820 827 =desss

1603 847 1714 893 rium
1738 847 1883 892 cordis
1905 858 2054 891 eorum
2075 847 2271 891 tribuens
2295 847 2374 900 eis,
2406 858 2562 904 panem
2576 848 2775 895 videlicet
2810 850 2812 854 ’

1602 919 1862 963 conserendo
1879 919 2148 975 operationis
2185 918 2407 964 solidioris
2433 933 2444 964 :
2486 919 2562 976 qui
2587 932 2678 977 prae
2697 921 2786 967 nim
2797 972 2800 973 ⁷

1602 1005 1731 1050 quam
1772 993 1948 1043 habent,
1987 991 2028 1037 ei
2062 992 2258 1049 placendi
2291 990 2517 1045 aviditate,
2559 993 2789 1040 sanctitate

1602 1065 1743 1108 omnis
1761 1076 1893 1120 quam
1909 1069 2113 1108 exercent
2130 1062 2445 1115 conversionis,
2477 1065 2603 1121 quasi
2620 1066 2780 1122 quamd

1602 1137 1806 1191 deputant
1827 1134 2162 1181 teneritudinem
2186 1134 2322 1180 floris.
2357 1133 2430 1179 Sic
2450 1139 2496 1180 et
2534 1136 2578 1180 in
2603 1136 2685 1181 hoc
2721 1126 2817 1197 seul*

1602 1209 1795 1253 ascendit
1815 1207 1976 1264 Joseph
1995 1220 2018 1250 a
2041 1206 2216 1252 Gaulaea
2260 1207 2313 1253 de
2343 1208 2518 1253 civitate
2549 1207 2779 1263 Nazareth,

1600 1282 1789 1325 Judaeam
1807 1281 2024 1334 civitatem
2046 1279 2182 1324 David
2218 1293 2313 1336 quae
2329 1286 2511 1324 vocatur
2523 1280 2786 1335 Bethlehem,
2811 1290 2818 1318 ἰ

1601 1353 1811 1412 quidquid
1831 1353 1908 1400 tibi
1927 1353 1972 1397 in
2003 1353 2132 1397 corde
2162 1353 2396 1404 revelatur,
2419 1365 2473 1397 ex
2494 1351 2583 1398 Deo
2604 1365 2702 1399 esse
2724 1355 2819 1411 ple⁴

1599 1439 1674 1471 oro
1699 1427 1917 1471 confiteris
1939 1442 1948 1470 :
1973 1432 2018 1470 et
2053 1427 2107 1469 ab
2129 1425 2196 1470 his
2214 1439 2309 1482 quae
2335 1426 2424 1481 jam
2447 1427 2696 1482 explevisti,
2729 1426 2780 1472 ad
2816 1477 2818 1479 ,

1598 1510 1693 1555 quae
1728 1499 1920 1554 nondum
1956 1510 2187 1554 aggressus
2209 1511 2273 1550 es,
2308 1497 2377 1554 pia
2408 1497 2613 1548 aviditate
2650 1511 2769 1545 eurr

1597 1580 1644 1616 ut
1667 1578 1714 1617 et⁴
1726 1583 1776 1617 ea
1802 1580 1931 1627 opere
1949 1571 2138 1627 expleas.
2626 1572 2629 1575 “
2814 1564 2817 1565 ’

1653 1644 1719 1688 lll.
1747 1643 1976 1700 intelligite
2013 1642 2160 1694 etiam,
2184 1643 2285 1701 quia
2309 1643 2444 1688 multa
2490 1644 2615 1690 vobis
2650 1643 2765 1693 Deus
2816 1642 2820 1652 ”

1597 1718 1796 1775 praesenti
1848 1716 2026 1768 revelat,
2062 1715 2347 1761 manifestans
2378 1716 2521 1768 vobis,
2554 1721 2599 1762 et
2630 1729 2709 1775 qu
2732 1737 2751 1757 ι·
2774 1734 2808 1755 οι

1595 1796 1770 1847 peccata
1788 1791 1952 1835 evitare
1975 1789 2185 1843 debeatis,
2218 1801 2273 1834 ne
2297 1789 2560 1848 supplicium
2583 1790 2818 1856 incurratis

1594 1870 1636 1908 et
1651 1863 1868 1920 quomodo
1885 1863 2087 1907 virtutem
2113 1874 2333 1916 exercere,
2358 1870 2406 1908 ιιι
2430 1862 2483 1907 ad
2500 1864 2730 1920 pramium

1593 1935 1785 1991 tingatis.
1810 1934 1857 1979 ln
1878 1934 2023 1979 futuro
2046 1946 2151 1979 vero
2175 1946 2255 1991 pro
2278 1935 2362 1990 his,
2387 1947 2485 1992 quae
2513 1935 2640 1982 vobis
2665 1947 2755 1997 non
2775 1947 2826 1991 t'ev

1593 2008 1806 2060 velantur,
1825 2007 1921 2063 ejus¹
1935 2008 1979 2051 in
1996 2014 2206 2052 :eternum
2225 2007 2428 2052 laudibus
2448 2007 2689 2054 vacabitisz
2715 2008 2775 2057 mi
2812 2030 2824 2047 ι

1593 2081 1803 2125 ricordias
1832 2080 1926 2135 eJ‘us
1952 2080 1995 2124 in
2024 2087 2234 2124 aeternum
2269 2079 2518 2131 cantabitis,
2543 2080 2589 2124 in
2615 2092 2721 2125 voce
2741 2093 2810 2125 co

1591 2152 1811 2203 sessionis,
1830 2157 1873 2197 et
1890 2151 2193 2197 exsultationis
2219 2163 2374 2195 sonum
2411 2138 2657 2197 emittentes
2693 2151 2834 2218 exsul>⁴

1591 2226 1721 2270 tantis
1747 2224 1885 2280 (Psal.
1907 2238 1995 2269 xri.
2027 2225 2086 2282 5).
2119 2226 2417 2282 Quodcunque
2469 2225 2544 2284 [al.
2569 2238 2843 2286 quacunque*

1591 2374 1768 2420 celleus.
1783 2372 1899 2428 quod
1919 2372 1961 2415 in
1986 2373 2056 2416 illa
2076 2373 2279 2417 felicitate
2295 2372 2527 2426 habebitis,
2551 2372 2665 2418 sicut
2685 2371 2765 2420 flos
2798 2395 2800 2398 ·
2823 2394 2828 2411 2

1588 2455 1757 2498 panem.
1783 2442 1934 2487 Nonne
1951 2443 2047 2488 haec
2083 2444 2214 2487 sentit
2254 2443 2344 2495 ille,
2370 2444 2445 2499 qui
2463 2443 2556 2488 aitt
2591 2443 2646 2488 Id
2666 2443 2778 2502 qnod
2799 2495 2801 2498 .
2824 2459 2852 2495 l

1587 2516 1780 2569 pra-senti
1810 2523 2143 2559 momentaneum
2181 2523 2241 2559 est
2282 2523 2321 2559 et
2346 2516 2429 2560 leve
2458 2516 2747 2565 tribulationis
2778 2543 2781 2550 ι
2819 2510 2852 2581 j}

1587 2594 1686 2631 stroe
1709 2600 1838 2642 supra
1872 2587 2040 2632 modum
2082 2589 2126 2632 in
2164 2588 2422 2633 sublimitate
2461 2596 2663 2634 oeternum
2692 2588 2763 2648 910

1585 2659 1744 2713 pondus
1770 2661 2025 2715 operatu-rin
2059 2660 2178 2704 nobis
2216 2661 2287 2718 (ΙΙ
2303 2661 2402 2705 Cor.
2432 2674 2491 2711 lv,
2516 2660 2606 2720 17).
2639 2661 2752 2716 Quid
2845 2690 2854 2711 .

1587 2738 1935 2777 momentaneum
1967 2733 2049 2776 hoc
2071 2739 2114 2777 et
2140 2734 2263 2778 leve?
2304 2740 2349 2777 at
2385 2746 2463 2791 per
2501 2734 2586 2778 hoc
2616 2734 2776 2794 deputa
2836 2738 2855 2787 ᾗ

1585 2805 1815 2859 quamdam
1842 2806 2177 2850 teneritudinem
2209 2805 2361 2851 floris:
2392 2807 2497 2864 quid
2514 2802 2618 2853 vero
2647 2808 2738 2852 ibi:
2763 2822 2802 2854 s
2824 2814 2838 2850 Γ

1585 2873 1714 2918 blime
1736 2881 1778 2919 et
1793 2877 2020 2920 aeternum?
2045 2888 2095 2919 ac
2118 2877 2153 2920 si
2186 2876 2227 2919 id
2247 2876 2470 2921 refectioni
2505 2885 2727 2935 compatet
2745 2889 2770 2922 e
2836 2866 2853 2941 J

1586 2945 1684 2988 dam
1710 2947 1972 3003 sapidissimi
1994 2948 2118 3003 panis
2139 2962 2147 2990 :
2174 2954 2216 2991 et
2241 2949 2338 2992 ideo
2360 2948 2397 2992 si
2427 2942 2483 2992 ab
2505 2949 2588 2994 hac
2605 2949 2704 2994 vitae
2728 2961 2757 3005 p
2827 2962 2856 2995 π,

1587 3019 1720 3064 sentis
1742 3031 1952 3072 aerumna,
1977 3021 2022 3064 in
2041 3032 2126 3076 qua
2160 3020 2240 3064 tibi
2283 3021 2392 3065 bene
2411 3019 2596 3066 vivendo
2621 3023 2765 3068 revela

1587 3095 1762 3147 modus,
1783 3095 1856 3151 qni
1880 3096 2011 3140 estin
2028 3095 2210 3146 merito,
2246 3095 2300 3139 ad
2327 3097 2442 3140 illam
2461 3095 2691 3148 amoriset
2751 3105 2754 3108 ’
2796 3118 2816 3133 ³>
2836 3083 2864 3119 ‚2

1585 3166 1690 3210 desii
1725 3167 1924 3222 passibus
1970 3168 2172 3212 ascendis
2214 3167 2478 3221 felicitatem,
2501 3169 2547 3213 in
2579 3180 2665 3226 qua
2690 3167 2779 3215 Dei

1584 3243 1789 3280 aeternum
1818 3238 2016 3282 laudibus
2050 3238 2228 3282 insistas
2264 3241 2308 3282 ιιι
2344 3239 2550 3295 praemio:
2584 3238 2787 3296 prosectu
2815 3241 2818 3289 s

1585 3306 1755 3351 Galilaea
1775 3309 1974 3354 ascendis
1996 3310 2048 3352 ad
2066 3309 2259 3352 Judaeam
2282 3326 2290 3352 :
2310 3310 2381 3354 hic
2405 3311 2520 3355 enim
2539 3310 2753 3357 Dominus
2770 3311 2784 3356 i
2800 3338 2834 3349 ‚-

1584 3450 1662 3493 tibi
1682 3450 1900 3496 condensa
1920 3450 2059 3509 (psat.
2088 3465 2242 3505 xxvnr,
2263 3453 2324 3510 9),
2353 3454 2398 3498 in
2423 3454 2582 3510 quibus
2609 3454 2792 3500 diemll
2833 3487 2836 3491 ⁴

1583 3522 1821 3565 constituas
1845 3523 2096 3572 solemnem,
2126 3524 2201 3567 sed
2228 3524 2286 3569 ibi
2306 3525 2349 3568 in
2389 3525 2549 3580 templo
2567 3537 2654 3570 *suo
2690 3544 2695 3562 ι
2720 3556 2722 3559 -
2793 3558 2796 3562 -
2829 3548 2838 3565 ἰ

1581 3593 1723 3637 dicent
1741 3595 1830 3649 88
1849 3594 2028 3650 gloriam
2050 3609 2062 3640 ι
2081 3596 2196 3651 quod
2219 3602 2285 3640 est
2303 3597 2347 3640 in
2362 3597 2433 3641 illa
2450 3597 2830 3661 supernaludu,
2859 3630 2863 3642 ι

1582 3666 1681 3719 quia
1705 3666 1903 3713 coelestis
1921 3667 2009 3717 illa,
2035 3679 2164 3723 quam
2192 3668 2303 3712 Deus
2322 3666 2550 3721 inhabitat}
2569 3667 2849 3723 Jerusalem&
2876 3717 2879 3732 =

1583 3738 1626 3781 in
1646 3738 1799 3793 (livinae
1823 3751 1992 3795 semper
2020 3739 2161 3784 laudis
2184 3740 2462 3785 consessione
2492 3748 2574 3787 est.
2611 3741 2657 3786 Si
2683 3754 2710 3787 a

1583 3821 1606 3851 a
1634 3812 1790 3853 decoro
1814 3817 1855 3854 et
1876 3811 2094 3856 odorifero
2113 3811 2216 3857 llere
2234 3814 2287 3864 ad
2307 3815 2494 3858 solidum
2517 3815 2636 3858 illum
2657 3811 2853 3860 κιαι-πυ

1586 3881 1800 3926 felicitatis
1831 3895 1985 3938 panem
2025 3896 2267 3940 praeparare
2302 3893 2342 3930 te
2374 3886 2539 3940 studes,
2564 3887 2716 3932 neside
2796 3916 2806 3947 ·.

1583 3955 1736 3998 liabens
1749 3955 1937 4004 dissolri,
1978 3964 2019 3998 et
2058 3970 2146 3999 esse
2177 3971 2271 4003 cunt
2309 3958 2474 4002 Christo
2502 3959 2633 4016 (Phil.
2662 3972 2694 4014 1,
2721 3959 2846 4016 Ξόὶς
2881 3954 2883 3965 ⁴

1585 4024 1669 4069 illis
1696 4026 1954 4081 quandoque
1989 4026 2215 4070 admisceri
2252 4029 2450 4084 cupiens,
2473 4041 2584 4086 quos
2607 4029 2712 4074 facit
2732 4028 2828 4074 dit·

1585 4098 1785 4141 cumbere
1801 4130 1812 4149 ,
1838 4105 1878 4142 et
1906 4101 2174 4155 praecingens
2202 4113 2270 4152 se,
2293 4107 2422 4159 atque
2453 4104 2674 4150 transiens
2694 4103 2823 4152 mini·
2876 4123 2877 4126 ¹

1584 4175 1692 4214 strat
1718 4170 1800 4214 illis
1824 4169 1942 4226 (Luc.
1969 4183 2049 4223 ιιι,
2075 4172 2146 4230 58)
2170 4189 2178 4215 :
2205 4175 2522 4229 quodammodo
2539 4173 2593 4220 de
2612 4173 2824 4222 Nazareth
2845 4198 2849 4204 ¹
2881 4164 2883 4205 ἶ

1586 4241 1628 4282 ιιι
1662 4238 1909 4284 Bethlehem
1946 4242 2220 4294 conscendis,
2247 4251 2294 4287 ut
2327 4244 2441 4289 sicut
2465 4255 2695 4302 permanes
2723 4254 2855 4293 cum}
2882 4253 2883 4260 ¹

1585 4323 1636 4354 eo
1660 4310 1701 4354 in
1732 4311 2152 4358 imitationibus-suis
2172 4315 2214 4358 in
2231 4314 2440 4359 Nazareth
2463 4333 2473 4359 ς
2496 4316 2555 4359 ita
2570 4314 2823 4370 disponente
2842 4298 2861 4342 3

1587 4384 1678 4439 ipso
1702 4386 1776 4429 tihi
1797 4396 1974 4441 regnum
1995 4386 2098 4429 edas
2121 4393 2162 4430 ct
2185 4388 2308 4432 bibas
2333 4399 2672 4445 supermensam
2698 4397 2820 4432 susm
2841 4377 2882 4461 ι’(
