2924 4588
244 174 402 228 ⁸⁶5⁵&
529 182 559 218 ο

270 346 436 389 halatur.
470 343 516 384 lit
546 341 740 386 similiter
769 338 810 381 in
839 334 972 381 latere
1001 335 1269 379 occidentis:
1294 345 1347 376 ex
1374 331 1498 375 omni

268 421 389 471 parte
420 413 488 455 illa
521 407 841 453 [nummarium
873 414 1029 450 tectum
1055 411 1149 449 erat
1173 402 1382 451 cortinis,
1408 411 1497 444 uuo

268 493 430 530 tantum
454 483 596 527 cubito
619 483 731 524 circa
757 489 913 524 terram
938 490 988 522 cx
1014 478 1128 520 cintii
1156 480 1278 532 parte
1301 485 1385 517 non
1423 484 1498 516 vc-

267 558 369 601 lato.
409 551 765 610 Sus-ponebantur
804 562 906 607 saga
940 548 1140 594 similiter
1173 558 1247 602 per
1279 552 1502 588 transver-

267 641 359 672 sum
382 644 390 672 ;
416 628 507 677 scd,
532 626 633 681 quia
653 629 776 668 erant
799 623 989 679 triginta,
1012 632 1086 676 per
1110 620 1239 662 latera
1267 616 1500 661 descende-

266 704 368 745 bant
394 711 528 756 usque
550 697 601 741 ad
629 702 788 762 terrain
810 710 820 739 :
847 701 887 739 ct
911 694 968 736 ita
990 692 1179 738 cubitum
1201 690 1382 734 cortinis
1411 700 1499 732 non

269 771 453 815 velatum
483 769 575 824 ipsa
603 766 814 810 velabant.
852 764 903 807 Et
933 763 1004 819 qui
1035 775 1085 813 ex
1118 768 1366 805 transverso
1389 771 1497 816 qua-

270 843 461 899 draginta
482 845 665 897 quatuor
685 839 853 881 cubitos
874 835 1110 884 habebant,
1133 844 1229 877 cum
1250 838 1396 878 essent
1419 845 1502 876 un·

269 915 406 958 det-im
428 912 553 958 situul
572 911 721 967 Juncta
737 940 749 960 ,
773 916 816 952 ct
848 905 1292 962 nnnmquodque'crat
1316 910 1501 960 quatuor

268 986 531 1033 cubitorum,
550 981 855 1038 longitudinem
872 978 1136 1022 tabernaculi
1156 976 1329 1033 triginta
1344 975 1501 1023 cubitis

268 1043 462 1114 tegebant
484 1070 494 1107 ς
514 1056 566 1099 dc
582 1053 907 1111 quatuordecim
933 1051 1009 1107 qai
1034 1056 1284 1107 supererant
1304 1081 1319 1101 ‚
1340 1056 1500 1105 septem

268 1127 586 1173 descendebant
605 1127 657 1171 ad
680 1126 916 1176 orientem,
955 1129 997 1168 et
1026 1131 1191 1179 septem
1218 1123 1274 1167 ad
1303 1123 1504 1168 occiden-

266 1206 368 1245 tem.
402 1199 551 1244 Partes
579 1211 679 1243 vero
710 1210 933 1255 sagorum,
966 1209 1062 1252 quac
1095 1202 1372 1252 supererant,
1405 1207 1503 1250 pen-

268 1274 459 1317 dentium
479 1273 598 1328 juxta
623 1272 709 1316 duo
731 1273 861 1315 latera
886 1283 1039 1327 magna
1069 1282 1204 1326 usque
1233 1269 1288 1313 ad
1317 1275 1500 1322 terram,

266 1359 319 1390 ex
339 1352 516 1402 utraque
532 1351 652 1402 parte
675 1345 1000 1397 reducebantur,
1019 1343 1071 1387 ad
1096 1344 1322 1401 tegendum
1362 1343 1504 1387 intro-
1528 1322 1560 1365 B
1582 1339 1795 1396 Josephus
1812 1371 1822 1389 ‚
1847 1338 2032 1382 habehat
2052 1338 2223 1394 alonge
2242 1338 2522 1394 inspicientes
2540 1354 2550 1393 ;
2571 1340 2699 1396 372
2723 1348 2824 1387 nam
2872 1398 2876 1410 Ἴ,

268 1417 375 1459 itum
396 1416 659 1459 orientalem.
698 1414 891 1471 Sedquia
915 1419 1078 1470 septem
1095 1414 1226 1461 cubiti
1249 1426 1299 1459 ex
1322 1421 1505 1472 utraque

267 1487 519 1538 veniebant,
546 1488 588 1530 in
610 1487 750 1543 spatio
779 1499 881 1530 vero
912 1486 1114 1530 introitus
1137 1486 1283 1531 decem
1306 1492 1473 1531 tantum
1489 1519 1501 1538 ,

270 1560 602 1616 supersuebatur
623 1573 773 1616 sagum
797 1572 900 1616 sago
923 1574 934 1603 ι
959 1560 1026 1604 vel
1056 1559 1166 1604 sorte
1188 1559 1231 1603 in
1256 1562 1510 1607 summitate

270 1634 508 1690 quusque.
538 1633 622 1676 duo
644 1632 776 1676 cubiti
798 1632 1064 1688 retroplicati
1086 1633 1409 1694 consuebantur
1435 1633 1506 1676 in*

268 1713 358 1752 star
379 1717 551 1750 orarum
574 1705 817 1750 vestimenti
832 1736 843 1757 ‚
868 1709 911 1750 et
933 1712 1037 1750 tunc
1059 1717 1110 1750 ex
1133 1716 1257 1762 aequo
1285 1705 1501 1749 venientia

269 1788 371 1830 saga
406 1775 459 1820 de
491 1777 695 1821 lateribus
726 1776 772 1820 in
804 1775 945 1820 medio
969 1777 1171 1822 introitus
1190 1777 1505 1835 copulabantur

272 1850 315 1892 in
339 1848 486 1894 eodem
510 1849 632 1901 loeo,
667 1849 711 1892 in
745 1861 831 1907 quo
859 1856 902 1893 ct
932 1850 1127 1895 cortinae.
1158 1849 1210 1894 Et
1242 1850 1438 1895 similiter
1459 1851 1505 1895 in

276 1922 408 1966 latere
431 1922 663 1966 occidentis
690 1928 866 1979 propter
897 1922 1026 1978 buius
1063 1932 1413 1980 supersuturam,
1437 1925 1506 1969 vel

271 1994 590 2052 replicationem
630 2007 856 2052 sagorum.
898 1996 1003 2039 dicit
1038 1996 1176 2049 Beda,
1218 1998 1406 2055 primum
1438 1997 1506 2043 di-

271 2066 385 2111 xisse
402 2067 630 2112 Dominum
650 2067 785 2124 Moysi
804 2084 815 2112 ε
839 2067 1010 2112 Sextum
1032 2083 1177 2127 saqum
1197 2071 1240 2115 in
1260 2070 1396 2128 fronte
1409 2073 1506 2116 tecti

269 2137 450 2193 duplices
474 2137 635 2194 (Exod.
655 2151 783 2192 xxvi,
803 2140 881 2198 9),
904 2141 947 2184 id
964 2147 1030 2186 est
1061 2141 1286 2188 dimidium
1321 2156 1473 2202 sagum
1491 2177 1502 2197 ,

272 2211 387 2266 quod
420 2210 585 2255 excedit
616 2214 832 2266 cortinas,
874 2214 918 2258 in
953 2216 1132 2262 introitu
1164 2217 1426 2274 replicabis:
1462 2225 1506 2264 et

271 2283 410 2339 primo
438 2283 607 2339 planius
634 2285 818 2339 addidit,
857 2289 970 2343 quod
991 2295 1188 2345 superest
1209 2290 1349 2347 sagis,
1374 2291 1416 2341 id
1439 2299 1507 2336 est

272 2368 404 2399 unum
426 2369 574 2413 sagum
591 2389 602 2409 ,
623 2359 735 2414 quod
756 2360 942 2416 amplius
966 2367 1055 2413 est,
1076 2375 1127 2407 ex
1147 2363 1374 2411 medietate
1394 2365 1503 2422 ejus,
1528 2390 1561 2436 C

271 2429 439 2484 operies
468 2432 704 2486 posteriora
737 2433 1034 2488 tabernaculi,
1080 2436 1124 2480 id
1152 2444 1220 2481 est
1249 2437 1363 2483 latus
1391 2439 1507 2484 occi·

271 2502 426 2547 dentis.
451 2502 785 2560 Duplicahantur
813 2513 955 2553 autem
983 2506 1069 2560 ita,
1098 2515 1146 2553 ut
1174 2510 1379 2566 impetum
1405 2525 1503 2557 ven·

271 2581 413 2621 torum
437 2583 614 2633 possent
639 2579 875 2632 sustinere,
899 2586 943 2626 et
965 2581 1200 2627 secundum
1226 2583 1506 2642 hancdispo-

273 2646 497 2700 sitionem,
531 2649 851 2694 tabernaculum
885 2664 938 2696 ex
973 2651 1088 2697 omni
1127 2660 1249 2710 parte
1285 2657 1508 2712 tegebatur

273 2721 388 2778 sagis
419 2734 558 2778 usque
594 2722 647 2767 ad
677 2730 832 2767 terram
850 2756 862 2777 ,
890 2730 932 2769 et
966 2725 1074 2772 nibil
1106 2739 1159 2775 ex
1191 2740 1243 2772 eo
1266 2728 1505 2784 videbatur,

272 2798 316 2838 et
338 2796 567 2838 tentorium
582 2826 594 2845 ,
619 2796 733 2850 quod
757 2802 849 2840 erat
872 2795 916 2841 in
943 2797 1122 2843 introitu
1146 2800 1382 2856 pretiosum
1397 2834 1409 2854 ,
1439 2802 1507 2846 in-

273 2865 497 2912 visibiliter
539 2867 598 2912 ibi
634 2875 755 2921 erat;
796 2875 838 2913 et
873 2882 971 2915 cum
1010 2873 1255 2919 sacerdotes
1291 2874 1509 2920 intrabant

274 2940 614 2993 tabernaculum,
640 2943 706 2987 vel
729 2956 904 2989 necesse
926 2952 1020 2989 erat.
1042 2947 1194 2992 tollere
1216 2960 1318 3005 saga
1341 2955 1384 2994 et
1410 2962 1509 2995 cor-

274 3012 402 3062 tinas,
426 3018 470 3054 ut
494 3012 810 3065 subintrarent,
831 3017 894 3059 vel
921 3017 955 3060 si
982 3018 1024 3060 in
1046 3019 1185 3063 medio
1198 3019 1506 3077 jungebantur,

277 3084 446 3126 uncinis
469 3092 510 3128 et
536 3086 706 3131 annulis
730 3087 781 3129 ad
808 3088 1029 3133 introitum
1052 3103 1199 3135 eorum
1227 3093 1511 3139 dissolveren-

276 3159 372 3205 tur„
392 3154 483 3197 Alia
507 3162 572 3199 est
594 3154 764 3212 losepbi
791 3158 1046 3215 dispositio,
1074 3165 1143 3207 cui
1169 3166 1383 3209 consentit
1411 3165 1509 3210 Ori-

278 3238 408 3281 genes
424 3260 435 3279 ,
459 3233 500 3271 ct
522 3227 691 3272 ridetur
716 3231 993 3285 probabilior:
1018 3233 1088 3278 Ait
1110 3237 1224 3280 enim
1246 3237 1392 3281 decem
1414 3250 1511 3282 cor-

278 3298 389 3351 tinas
421 3299 500 3343 sibi
534 3307 683 3345 mutuo
713 3303 911 3358 junctas,
940 3315 985 3349 ut
1018 3308 1177 3351 dictum
1201 3316 1292 3361 est,
1320 3323 1344 3354 a
1370 3311 1510 3357 fronte

281 3369 539 3414 tabernaculi
572 3387 701 3430 super
735 3376 959 3421 introitum
989 3380 1158 3424 extendi
1191 3394 1267 3438 per
1291 3389 1509 3428 transver-

1091 168 1259 216 noant
1289 163 1876 212 rnAEttoxs‘rmTffiSls
1929 188 1932 191 ·

269 272 451 318 medium
480 276 622 326 aperte
650 264 942 315 trahebantur,
965 262 1138 318 sibique
1165 268 1314 304 mutuo
1337 259 1493 315 junge-
1519 261 1553 306 Λ
1575 256 1692 303 cirea
1713 253 2039 300 tabernaculum
2058 284 2070 303 ,
2096 256 2139 296 ct
2163 249 2337 307 paxillis
2357 250 2482 296 :creis
2505 251 2822 309 colligi-,bannis

2739 164 2822 208 sto

1576 328 1700 372 funes
1729 326 1894 384 (Exod.
1923 337 2091 381 xxviii,
2115 323 2230 382 ιὶθζις
2268 324 2368 376 quia
2402 325 2586 381 paxillos
2618 325 2823 372 babuisse

1575 399 1897 445 tabernaculum
1933 397 2045 440 inl'ra
2075 390 2245 453 Moyses
2267 396 2400 448 dicit.
2424 403 2468 441 et
2489 397 2532 440 in
2556 398 2730 442 modum
2755 407 2820 445 te·-

1575 474 1633 517 cti
1652 472 1938 529 dependentis
1970 473 2311 526 circumquaque
2340 468 2665 523 attollebantur,
2699 479 2757 523 ut,
2777 481 2823 518 ct

1575 544 2115 599 tabernaculum-undiquc
2138 542 2273 587 videri
2299 549 2469 603 posset,
2494 549 2537 587 et
2558 545 2733 589 circuiri
2761 546 2824 591 »ab
2848 575 2850 577 -
2916 579 2917 583 ,

1578 617 1914 674 ingredientibus
1939 617 2022 662 sub
2044 615 2242 660 cortinis.
2275 614 2545 675 Quocunque
2575 618 2704 662 modo
2730 617 2823 665 hare
2855 643 2857 647 Α

1577 689 1663 734 duo
1686 689 1950 747 operimenta
1976 688 2171 744 deposita
2205 687 2412 739 fuissent,
2434 690 2488 733 de
2520 689 2690 736 duobus
2722 688 2847 765 reiis

1578 762 1785 819 quisnon
1807 767 1874 806 cst
1897 762 2095 816 quaestio.
2122 761 2235 805 Sane
2263 762 2437 804 tertium
2460 767 2554 806 erat
2576 765 2821 819 operimen-⁴

1577 840 1667 878 tum
1693 833 1746 878 dc
1770 833 1952 888 pellibus
1975 833 2157 876 arietum
2191 832 2446 883 rubricatis,
2473 845 2567 889 quae
2598 835 2825 890 superiora
2859 894 2863 895 ⁷

1578 912 1745 949 tantum
1770 910 1988 960 tegentes„
2019 903 2073 947 ad
2107 904 2240 947 latera
2274 916 2362 947 non
2386 905 2731 957 descendebant,
2756 905 2828 951 rus
2847 909 2855 935 ³

1579 979 1734 1029 nibus,
1761 984 1802 1022 et
1826 976 1998 1033 paxillis
2024 976 2323 1031 aereis-assixis
2352 982 2480 1022 terrae
2502 971 2858 1039 circiindigam'--s

1581 1052 1788 1106 Quartum
1813 1063 1991 1106 qnoque·
2009 1050 2324 1110 operimentum
2349 1051 2391 1093 in
2425 1051 2623 1095 eumdem
2650 1053 2827 1096 modum

1580 1131 1674 1170 erat
1689 1123 2008 1180 superpositum
2029 1123 2082 1166 de
2103 1122 2286 1179 pellibus
2296 1123 2486 1166 arietum
2506 1123 2824 1180 byaciutliinis;

1581 1194 1855 1252 superposita
1878 1207 1980 1238 ⁷vero
2002 1199 2128 1238 crant
2152 1193 2239 1244 duo
2264 1194 2354 1240 haec
2375 1202 2552 1252 propter
2574 1203 2726 1240 aestum
2743 1230 2755 1251 ,
2782 1203 2828 1241 et

1583 1269 1782 1312 imbrium
1805 1266 2096 1311 diffusionem.
2124 1265 2282 1310 stultus
2307 1266 2452 1322 itaque
2486 1275 2652 1324 stupor,
2687 1273 2737 1312 ut
2767 1269 2828 1313 ait

1583 1408 1770 1456 colorem
1794 1412 1888 1467 ejus
1912 1411 1956 1454 in
1979 1411 2100 1454 nullo
2123 1412 2332 1467 putabant
2354 1410 2526 1455 differre
2550 1423 2574 1455 a
2599 1412 2724 1456 coelo.
2870 1446 2871 1450 ,

1639 1484 1747 1545 LIX.
1778 1483 1839 1528 De
1872 1495 1972 1528 area
2003 1483 2175 1541 quidem
2204 1485 2356 1528 scribit
2391 1484 2479 1536 sic,
2505 1490 2549 1529 et
2586 1484 2640 1530 de
2679 1484 2829 1543 propi,-
2863 1511 2867 1514 Α

1584 1559 1785 1610 tiatorio,
1811 1563 1854 1602 et
1876 1558 1929 1602 de
1948 1558 2039 1611 bis,
2065 1569 2160 1615 quae
2185 1570 2282 1602 cum
2305 1561 2368 1614 eis
2393 1559 2504 1608 intra
2526 1560 2667 1603 velum
2685 1567 2837 1606 erana·
2872 1559 2873 1562 ’

1585 1631 1854 1690 Longitudo,
1889 1631 2055 1688 inquit,
2079 1630 2402 1679 arerehabebat
2423 1633 2535 1678 duos
2564 1633 2758 1687 cubitos,
2784 1639 2829 1679 et
2878 1648 2881 1693 ,j

1583 1705 1807 1749 semissem
1827 1719 1838 1749 :
1863 1704 2047 1749 latitudo
2070 1704 2497 1760 cubitumsimiliter,
2521 1714 2562 1755 et
2583 1707 2824 1754 dimidium.
2851 1747 2854 1750 .
2879 1704 2881 1707 ’

1583 1777 1799 1835 loseplius
1837 1777 2031 1822 cubitum
2069 1782 2198 1823 vocat
2231 1778 2301 1823 bic
2337 1779 2559 1836 palmum;
2593 1787 2636 1825 et
2670 1781 2831 1826 dieitur
2876 1807 2882 1821 ›.

1584 1861 1687 1894 arca
1709 1861 1798 1894 non
1818 1849 2025 1895 habuisse
2039 1850 2194 1908 pedes.
2218 1855 2262 1897 et
2284 1850 2488 1896 deaurata
2504 1864 2608 1910 *esse
2631 1853 2762 1908 intus,
2787 1861 2830 1899 ct

1587 1922 1690 1969 loris
1713 1934 1820 1967 auro
1842 1922 2147 1967 mundissimo.
2171 1920 2390 1981 Factaque
2421 1929 2488 1970 est
2515 1937 2645 1982 supra
2667 1912 2838 1985 corona=

1585 2008 1715 2040 aurea
1734 1995 1788 2040 ad
1811 1994 1989 2039 modum
2013 1995 2179 2040 scilicet
2203 1996 2329 2048 labii,
2355 1998 2468 2055 quod
2495 1997 2538 2042 in
2570 1999 2761 2051 mensis.
2785 2005 2829 2046 et

1584 2067 1630 2112 in
1650 2066 1858 2112 scacariis
1882 2065 1971 2110 lieri
1996 2067 2106 2111 solet
2127 2082 2139 2120 ·‚
2165 2074 2207 2110 et
2226 2079 2303 2125 per
2334 2070 2560 2125 utriusque
2589 2069 2703 2114 latus
2733 2069 2829 2133 len·

1584 2138 1793 2198 gitudinis
1828 2146 1953 2184 crant
1988 2139 2080 2184 bini
2117 2139 2269 2184 circuli
2307 2141 2455 2193 aurei,
2490 2145 2626 2186 totum
2665 2143 2827 2201 liguum

1586 2219 1888 2272 penetrantes,
1935 2220 1977 2258 et
2018 2226 2096 2270 per
2134 2225 2210 2259 eas
2254 2220 2399 2260 vectes
2445 2215 2662 2274 deelignis
2704 2217 2827 2264 setim

1587 2287 1782 2332 deaurati
1807 2286 2166 2340 immittebantur,
2190 2287 2348 2344 quihus
2370 2300 2468 2332 arca
2487 2287 2702 2335 serebatur
2722 2306 2731 2334 z
2751 2302 2830 2335 nee
2880 2335 2882 2337 ,

1588 2370 1777 2414 unquam
1812 2350 2182 2406 extrahebantur:
2222 2359 2265 2405 in
2299 2371 2382 2416 qua
2425 2350 2668 2416 posita‘est
2704 2363 2827 2407 testi·-

1587 2429 1758 2475 licatio:
1801 2428 1844 2472 id
1876 2434 1966 2478 estv
1994 2429 2177 2483 tabulae,
2212 2428 2258 2483 in
2307 2430 2464 2489 quibus
2496 2431 2705 2488 scriptum
2727 2434 2842 2477 'eratv

1586 2507 1886 2546 testamentum
1917 2506 2112 2553 tantum,
2149 2508 2358 2558 quantum
2391 2503 2450 2548 ibi
2487 2505 2676 2561 reposita
2709 2507 2832 2556 testi·-

1585 2575 1730 2620 monia
1747 2574 1832 2618 dici
1855 2581 2054 2631 possunt.
2079 2573 2227 2621 Posita
2242 2582 2309 2621 est
2331 2577 2391 2622 ibi
2413 2588 2679 2632 urna-aurea
2700 2578 2839 2635 'plena-

1586 2660 1766 2700 manna.
1791 2648 1835 2692 in
1859 2649 2202 2696 testificationem
2227 2650 2343 2707 quod
2367 2663 2522 2708 panem
2554 2651 2744 2697 dedisset
2765 2651 2831 2697 eis

1585 2731 1627 2765 et
1648 2722 1701 2767 de
1723 2720 1848 2766 coelo.
1877 2710 2051 2766 Tabulae
2076 2722 2121 2766 in
2145 2723 2492 2769 testificationem
2508 2754 2520 2774 .
2545 2723 2738 2787 quodjin
2769 2725 2833 2786 le·

1587 2805 1683 2850 gem
1719 2793 1958 2838 naturalem
1999 2795 2184 2852 sopitam
2226 2797 2270 2846 in
2306 2796 2511 2846 cordibus
2547 2797 2832 2856 suscitaverat
2879 2855 2883 2858 .

1587 2867 1632 2910 in
1654 2866 1830 2924 scripto.
1857 2865 2244 2925 VirgazAaron,iin
2272 2869 2573 2914 testimonium
2598 2868 2710 2925 quod
2743 2881 2835 2926 om<

1588 2939 1658 2985 nis
1681 2944 1875 2996 potestas
1895 2950 1924 2996 a
1947 2938 2130 2985 Domino
2149 2941 2234 2986 Deo
2257 2948 2339 2986 est.
2377 2941 2758 2998 Deuteronomium
2787 2942 2854 2994 im

1591 3014 1884 3058 testimonium
1919 3015 2065 3070 pacti,
2105 3015 2219 3072 quod
2259 3014 2493 3062 dixerant:
2528 3007 2709 3075 Omnia,
2730 3029 2849 3073 ,quw-

1588 3084 1742 3130 dixerit
1787 3087 1904 3131 nobia
1947 3087 2087 3140 Deus,
2134 3089 2349 3143 faciemus.
2395 3087 2459 3133 Ob
2497 3089 2578 3133 boe
2614 3087 2731 3134 dicta
2750 3095 2833 3138 -est

1589 3171 1690 3203 arca
1729 3163 2005 3217 testamenti,
2030 3163 2094 3207 vei
2126 3162 2367 3214 testimonii
2384 3193 2395 3214 ,
2421 3169 2464 3207 et
2493 3160 2558 3224 ob⁴
2584 3162 2668 3208 hoc
2703 3162 2832 3221 etiam

1588 3235 1912 3280 tabernaculum
1926 3239 2030 3289 ‚tirel
2050 3237 2346 3286 testimonium
2362 3235 2526 3281 dictum
2549 3242 2617 3282 est
2637 3253 2646 3280 :
2671 3243 2715 3282 et
2735 3229 2833 3283 ideo

1589 3308 1752 3362 etiam,
1791 3309 1893 3365 quia
1930 3321 2072 3359 eausae
2113 3322 2202 3366 prae
2244 3309 2409 3354 foribus
2444 3310 2539 3366 ejus
2577 3310 2830 3370 agebantur.

1591 3380 1767 3426 Factum
1802 3388 1870 3428 est
1901 3384 2034 3429 ,etiam
2067 3396 2196 3440 super
2218 3395 2360 3429 arcam
2387 3384 2732 3440 propitiatorium
2754 3395 2834 3429 au»

280 3454 404 3495 sum,
428 3450 470 3488 et
492 3450 632 3501 tegere
652 3460 726 3503 per
745 3454 879 3493 totum
901 3451 1248 3507 tabernaculum,
1272 3457 1507 3502 etdescen-
1530 3459 1567 3506 Β
1589 3466 1709 3498 reum
1732 3471 1742 3498 ε
1770 3454 1813 3499 id
1842 3462 1909 3510 est
1943 3468 2075 3506 aurea
2106 3456 2277 3511 tabula,
2313 3460 2408 3513 ejus
2441 3457 2750 3514 longitudinis„
2775 3463 2849 3502 eh

280 3522 384 3576 uere
407 3515 529 3571 juxta
568 3519 680 3563 latus
716 3522 951 3568 occidentis
988 3538 1123 3582 usque
1153 3526 1206 3569 ad
1229 3534 1417 3583 terran13
1442 3531 1510 3574 in·-

280 3587 455 3631 troitum
475 3602 575 3634 vero
596 3604 680 3636 non
702 3594 786 3648 tegi
808 3596 948 3652 aliqua
967 3605 1088 3654 parte
1106 3599 1389 3653 cortinarum,
1412 3616 1508 3647 eum

286 3660 503 3716 proprium
527 3660 700 3707 haberet
720 3664 875 3711 velum.
914 3667 1119 3714 Similiter
1141 3677 1182 3714 et
1205 3672 1257 3717 de
1280 3675 1419 3730 sagis,
1443 3656 1510 3718 to*-

284 3736 371 3773 tum
394 3732 498 3775 dicit
527 3735 686 3790 operiri
718 3738 1064 3795 tabernaculum,
1090 3751 1266 3800 excepto
1299 3747 1508 3801 introitu;

282 3804 358 3849 scd
385 3806 483 3860 quia
506 3807 590 3851 duo
612 3809 740 3853 cubiti
766 3822 963 3868 sagorum
998 3824 1227 3871 supersunt
1260 3820 1436 3865 cortinis
1458 3834 1511 3865 ex

284 3886 462 3934 utraque
474 3888 608 3936 parte,
624 3882 726 3927 dicit
739 3897 813 3928 eos
838 3886 1035 3943 replicari
1062 3890 1141 3934 sub
1154 3893 1401 3942 cortina,ne
1413 3900 1513 3938 ien-

284 3958 353 3996 tus
368 3955 528 3998 intrans
554 3956 662 3999 inter
680 3970 796 4014 saga,
823 3969 867 4003 et
887 3961 1075 4009 cortinas
1111 3970 1246 4007 totum
1261 3973 1511 4011 concuteret

285 4028 620 4082 operimentum,
660 4043 735 4085 pro
768 4045 851 4087 quo
883 4039 926 4077 et
962 4035 1121 4078 dictum
1154 4043 1304 4092 putat:
1341 4037 1510 4082 Sextum

286 4109 427 4152 aequm
453 4099 493 4139 in
517 4099 649 4151 fronte
674 4102 766 4143 tecti
789 4102 985 4158 duplices.
1021 4104 1103 4148 Sed
1126 4109 1252 4150 etiam
1277 4111 1510 4156 secundum

287 4166 367 4209 hoc
392 4169 584 4224 speciosa
599 4202 609 4220 ,
632 4176 673 4214 et
698 4172 883 4227 pretiosa
900 4175 1128 4229 plurimum
1154 4190 1252 4232 pars
1273 4181 1513 4230 extrinseca

289 4237 545 4282 tabernaculi
580 4252 667 4284 non
702 4243 939 4295 videbatur,
975 4259 1053 4290 nec
1087 4248 1189 4291 illud
1219 4252 1510 4304 cattinarum,

289 4308 402 4366 quod
434 4311 548 4353 circa
583 4312 904 4360 tabernaculum
938 4316 1162 4362 defluebat.
1200 4319 1376 4366 Frustra
1412 4335 1513 4380 ergo

290 4381 396 4423 tanti
435 4384 575 4438 operis
617 4384 727 4428 sacta
766 4387 1051 4435 videbantur:
1088 4394 1287 4453 quocirca
1321 4393 1429 4440 forte
1461 4409 1514 4440 cx

291 4452 407 4494 omni
433 4460 551 4510 parte
582 4457 757 4502 cortinae
791 4464 835 4504 et
865 4471 965 4519 saga
987 4461 1158 4509 funibus
1179 4466 1516 4513 extendebantur

1589 3526 1858 3580 latitudinis,
1886 3529 2010 3591 cuius
2034 3535 2249 3581 estarca,
2274 3536 2323 3574 ut
2354 3542 2449 3574 eam
2481 3535 2624 3588 tegere
2653 3527 2858 3588 possets

1592 3601 1644 3646 de
1679 3600 1963 3657 spissitudine
1998 3603 2097 3658 eius
2134 3614 2222 3649 non
2260 3603 2434 3660 legitur.
2472 3602 2564 3648 Hoc
2606 3602 2834 3650 dicebatur
2865 3597 2866 3601 ¹

1591 3675 1842 3727 oraculum,
1872 3676 1974 3732 quia
2004 3674 2122 3723 Dens
2158 3676 2212 3721 de
2247 3676 2341 3720 loco
2379 3676 2466 3721 isto
2503 3687 2713 3732 responsa
2754 3675 2833 3720 da-

1591 3746 1678 3791 bat.
1715 3747 1988 3804 Responsum
2019 3749 2137 3794 enim
2166 3749 2360 3794 divinum
2389 3750 2613 3794 oraculum
2646 3749 2867 3804 (Ιίεἱωηζ

1592 3820 1694 3875 quia
1718 3822 1943 3865 orantibus
1969 3822 2112 3866 datur.
2147 3819 2377 3866 Dicebatur
2407 3823 2537 3866 etiam
2579 3821 2834 3878 propitiato.-

1590 3893 1736 3947 rium;
1767 3895 1868 3950 quia
1897 3894 2053 3939 exinde
2077 3895 2260 3951 loquens
2286 3894 2496 3940 Dominus
2518 3894 2834 3951 propitiabatur

1592 3966 1779 4021 populo:
1812 3967 1881 4010 vel
1912 3968 2012 4023 quia
2047 3967 2115 4012 die
2151 3968 2470 4024 propitiationis
2506 3966 2707 4018 dicebant
2733 3966 2834 4024 glo·
2874 4022 2891 4033 ff

1594 4039 1703 4081 riam
1741 4038 1909 4083 Domini
1948 4054 2120 4098 semper
2151 4041 2523 4102 *ibid-escendere.
2557 4031 2620 4085 Ex
2651 4046 2834 4096 utraque

1592 4121 1696 4152 vero
1719 4116 1843 4166 parte
1864 4113 2055 4162 oraculi,
2077 4113 2249 4158 scilicet·
2264 4113 2306 4156 in
2331 4112 2500 4165 dnobus
2522 4111 2834 4168 angulisantes·
2890 4127 2891 4130 ¹

1594 4179 1782 4224 rioribus
1798 4213 1811 4232 ,
1834 4182 1980 4238 positi.
1999 4188 2106 4243 sunt
2134 4183 2219 4227 duo
2249 4173 2467 4238 cherubin⁴
2483 4183 2609 4234 ,aurei
2625 4213 2638 4235 ,
2661 4189 2706 4227 et
2731 4193 2834 4238 pro-

1595 4250 1776 4296 ductiles
1793 4284 1803 4303 ,
1828 4265 1915 4302 non
1944 4253 2093 4302 fusiles
2115 4243 2306 4310 scilicet,
2322 4255 2413 4307 ⁴sed⁸
2429 4255 2704 4301 tunsionibus
2725 4253 2835 4307 mal-
2884 4267 2892 4275 a

1595 4323 1758 4368 leorum
1794 4326 2008 4381 producti,
2027 4326 2154 4375 ¹Sunt
2186 4333 2359 4381 autem,
2382 4332 2432 4371 ut
2450 4327 2564 4372 dicit·
2586 4325 2831 4383 Iosephus,

1597 4396 1796 4440 animalia
1836 4398 2025 4442 volatitia
2056 4398 2257 4444 habentia
2292 4398 2511 4456 liguram,
2534 4409 2630 4456 qnae
2658 4409 2683 4442 a
2713 4396 2832 4444 nullo

1598 4466 1816 4512 bominum
1841 4477 1908 4515 est
1933 4473 2142 4539 inspecta.
2169 4469 2268 4517 liaec
2289 4470 2395 4525 dixit
2411 4469 2591 4529 ‚Moyses
2620 4481 2667 4516 sc
2690 4469 2735 4514 in
2755 4467 2834 4516 Dei.
