2924 4588
306 101 320 142 l
331 96 417 143 585

295 269 342 299 ie
355 249 540 303 mortali,
600 263 768 294 ominus
779 250 971 304 quaedam
986 249 1108 303 signa
1123 243 1458 289 immortalitatis
1471 250 1544 287 os-

296 327 448 377 tendit,
468 323 705 377 utquando
737 312 961 376 ἀιξοίριιιί5
996 320 1154 375 dorpus
1190 330 1315 361 snum
1335 314 1467 365 dedit
1482 314 1542 356 ita

295 397 441 448 etiam,
458 405 555 451 post
573 393 952 442 resurrectionem,
975 391 1170 447 quaedam
1189 390 1310 445 signa
1346 385 1542 442 corporis

297 468 491 510 mortalis
529 454 743 515 osmunt,
789 470 835 507 ut
886 463 1059 520 quando
1095 461 1272 504 Tliomae
1315 459 1543 503 cicatrices

296 540 498 585 ostendit.

576 611 680 656 Cae.
699 610 942 654 Lxxxvn.
961 610 1022 653 De
1046 608 1246 652 lunatico.

355 706 370 733 ι
403 690 447 733 ln
470 688 669 746 sequenti
706 689 775 732 die
809 688 861 730 ad
886 699 1036 743 preces
1057 686 1191 742 patris
1216 682 1384 728 sanavit
1407 655 1540 724 lilium

298 763 534 806 lunaticum
556 772 682 817 quein
709 760 897 803 oblatum
941 758 1022 802 sibi
1046 756 1247 811 discipuli
1271 767 1424 798 sanare
1453 764 1540 796 non

298 842 494 890 poterant
519 831 689 891 (Manli,
716 832 835 889 xvii).
863 847 877 873 ›
909 829 1003 874 Non
1027 843 1080 873 ex
1104 829 1206 873 vitio
1226 829 1337 871 lunae
1367 827 1539 887 patiun-

300 914 370 950 tur
393 906 588 958 lunatici,
618 905 694 950 sed
718 904 932 948 daemones
968 915 1043 947 eos
1067 907 1222 946 vexant
1244 900 1312 943 liis
1332 898 1539 954 tempori-

300 983 395 1032 bus,
421 987 467 1024 ut
500 993 576 1036 per
599 981 743 1024 lunam
771 977 978 1023 insanient
1008 979 1120 1020 lunae
1142 975 1405 1019 Creatorem.
1433 972 1541 1015 Eru-

299 1053 678 1104 bescatJulianus,
704 1052 778 1107 qui
797 1051 901 1095 dicit
925 1050 1089 1093 nullum
1131 1051 1357 1104 peccatum
1377 1057 1473 1089 esse
1495 1044 1539 1088 in

300 1140 449 1183 puero.
468 1125 645 1182 Legitur
666 1125 780 1169 enim
803 1124 856 1168 de
874 1125 972 1175 isto,
1000 1122 1101 1178 quia
1132 1134 1154 1163 a
1176 1121 1360 1177 pueritia
1381 1117 1539 1162 lunati-

300 1212 377 1244 cus
414 1199 571 1250 l'uerat,
609 1198 653 1240 in
672 1209 775 1253 quo,
801 1197 838 1241 si
865 1196 970 1238 nihil
994 1195 1171 1238 liaberet
1198 1205 1321 1237 suum
1346 1193 1508 1235 daemon
1525 1222 1536 1241 ,

301 1283 387 1315 non
406 1271 527 1313 illum
562 1268 818 1325 possideret.
840 1267 1036 1322 Cumque
1061 1266 1318 1322 quaesissent
1340 1264 1543 1320 discipuli

298 1355 432 1400 quare
443 1343 522 1398 ipsi
535 1354 621 1385 non
637 1341 859 1397 eiecerint,
874 1340 955 1382 ait:
977 1354 991 1378 ι
1007 1339 1185 1394 Propter
1198 1337 1550 1382 incredulitatem

300 1422 504 1466 vestram,
532 1414 634 1470 qnia
676 1416 714 1457 si
749 1413 987 1456 habueritis
1024 1412 1166 1462 iidem,
1212 1411 1325 1454 sicut
1362 1422 1542 1466 granum

299 1488 478 1543 sinapis,
508 1486 662 1529 dicetis
681 1485 813 1527 monti
834 1484 959 1527 huic:
991 1482 1147 1527 Transi
1172 1483 1298 1533 hinc,
1337 1487 1379 1524 et
1407 1487 1544 1524 trans·

300 1559 394 1602 ibit.
425 1573 439 1599 »
467 1557 588 1609 Quod
612 1557 863 1600 translative
879 1555 931 1600 de
969 1556 1141 1599 diabolo
1164 1554 1383 1610 praesenti,
1415 1565 1543 1608 quem

298 1629 500 1685 ejecerat,
534 1633 677 1684 potest
708 1627 906 1682 intelligi,
931 1627 1033 1683 quia
1062 1639 1086 1669 a
1117 1625 1236 1669 nullo
1276 1626 1327 1669 ad
1357 1626 1542 1669 litteram

301 1701 456 1758 legitur
471 1699 646 1750 lactum,
665 1698 749 1743 nisi
775 1699 889 1755 quod
909 1700 962 1742 ad
981 1710 1130 1755 preces
1152 1697 1344 1755 Gregorii
1370 1697 1545 1742 Neocae-

299 1770 526 1822 sariensis,
551 1770 708 1825 legitur
732 1770 908 1826 quidam
923 1781 1047 1814 mons
1067 1776 1295 1819 retractus,
1313 1777 1354 1812 et
1370 1768 1543 1812 dedisse

300 1844 441 1886 locum
466 1842 658 1886 basilicae
682 1842 959 1886 fabricandae.
985 1841 1037 1884 Et
1061 1841 1114 1884 ad
1135 1831 1285 1897 preces
1316 1841 1540 1896 eujusdam

298 1915 456 1967 Patris,
477 1915 586 1970 lapis
611 1917 846 1960 translatus
870 1915 921 1959 de
942 1914 1084 1959 horto,
1099 1914 1175 1959 Vel
1197 1915 1336 1970 gratia
1358 1914 1541 1970 exempli

298 2001 376 2044 pro
400 1988 589 2044 quolibet
612 1988 864 2044 impossibili
887 1985 1058 2031 dictmn'
1076 1994 1157 2032 est.
1187 1987 1306 2032 Unde
1344 1990 1387 2030 in
1426 1987 1542 2031 Luca

299 2061 418 2104 aliud
439 2065 506 2104 est
528 2062 810 2115 exemplum:
843 2075 857 2100 ι
904 2060 1065 2106 Dicetis
1098 2062 1199 2104 huie
1240 2061 1384 2104 arbori
1418 2073 1542 2104 moro

300 2133 619 2189 transplantare
634 2132 677 2174 in
701 2145 837 2185 mare,
857 2141 898 2176 et
919 2133 1089 2177 obediet
1104 2131 1360 2190 vobis(Luc.
1379 2133 1535 2189 xvu).›

298 2220 401 2265 Car.
415 2217 676 2263 Lxxxviil.
703 2220 764 2262 De
780 2220 909 2263 verbis
932 2220 1116 2271 Domini,
1134 2218 1284 2274 quibus
1308 2219 1444 2262 innuit
1463 2220 1555 2277 tri-0

709 2275 836 2318 duum
861 2278 1006 2318 mortis
1029 2288 1132 2319 s.ttce

353 2350 406 2394 Et
425 2357 700 2396 accesserunt
717 2349 892 2407 quidam
911 2349 1228 2394 Pliarisaeorum
1245 2349 1296 2394 ad
1310 2347 1456 2394 Jesum
1474 2349 1539 2391 di-

297 2430 444 2470 centes
469 2440 481 2469 ι
502 2422 618 2468 Vade
638 2424 757 2475 hinc,
783 2423 826 2466 id
847 2429 912 2467 est
935 2422 989 2466 de
1012 2421 1201 2474 Galilaea,
1228 2422 1327 2478 quia
1349 2420 1540 2467 Herodes

242 2507 247 2510 ·
297 2497 451 2554 quaerit
483 2504 525 2541 te
545 2496 800 2547 interficere,
821 2504 861 2539 et
890 2497 948 2538 ait
966 2496 1094 2540 aliis:
1123 2510 1137 2537 ι
1164 2494 1242 2546 lte,
1270 2495 1402 2539 dicite
1422 2496 1538 2552 vulpi

300 2571 380 2621 illi,
404 2570 505 2626 quia
525 2581 624 2613 ecee
645 2568 855 2612 daemonia
876 2567 1020 2623 ejicio,
1042 2575 1083 2611 et
1121 2568 1327 2612 sanitates
1364 2567 1539 2623 perficio

297 2642 442 2692 hodie,
458 2647 500 2685 et
522 2653 635 2692 cras,
651 2647 693 2685 et
717 2641 843 2686 tertia
860 2641 929 2684 die
942 2653 1222 2685 consummor
1248 2639 1366 2699 (Luc.
1395 2641 1534 2699 xiii),›

296 2714 409 2770 quod
423 2718 519 2757 est:
545 2712 638 2770 lpse
662 2725 749 2756 non
767 2712 933 2756 occidet
956 2726 1040 2765 me,
1064 2713 1139 2759 sed
1163 2726 1243 2771 ego
1266 2726 1422 2776 ponam
1445 2715 1538 2757 ani-

296 2799 408 2829 mam
427 2798 583 2838 meam,
605 2787 665 2830 ita
685 2786 798 2843 quod
822 2786 960 2841 prima
986 2787 1056 2832 die
1083 2779 1237 2832 mortis
1263 2788 1432 2833 intrans
1472 2789 1536 2831 in·

296 2859 482 2911 sernum,
509 2860 654 2903 tollam
678 2859 862 2903 daenioni
900 2860 1174 2923 tyrannidem
1208 2873 1348 2906 suam.
1375 2861 1421 2906 ln
1445 2873 1539 2904 cra·

296 2933 409 2975 stine
433 2933 612 2977 educam
633 2933 942 2988 captivitatem,
959 2947 1087 2990 quam
1103 2936 1277 2978 sanitati
1293 2936 1535 2987 restituam,

295 3007 396 3048 dum
429 3014 593 3062 portam
612 3006 799 3061 paradisi
822 3011 1011 3062 apertam
1033 3008 1070 3050 ei
1095 3009 1334 3062 ostendam,
1363 3010 1428 3053 vel
1463 3022 1540 3066 po-

295 3091 394 3120 nam
417 3090 511 3121 eam
537 3079 580 3120 in
605 3077 822 3133 paradiso,
841 3090 936 3134 quae
960 3084 1025 3122 est
1054 3079 1095 3121 in
1113 3081 1317 3123 extremis
1337 3082 1467 3125 maris
1486 3083 1537 3125 ad

295 3151 501 3194 orientem
520 3183 530 3199 ,
558 3152 680 3206 quasi
703 3152 935 3195 restituens
953 3151 1170 3195 hominem
1195 3153 1383 3206 sanitati,
1410 3166 1537 3208 quam

294 3224 554 3279 perdiderat.
581 3222 724 3267 Tertia
750 3225 819 3268 die
835 3236 1058 3282 resurgam
1082 3232 1427 3270 consummatus.
1455 3226 1539 3270 Po·

295 3302 376 3339 test
397 3302 536 3340 tamen
561 3296 644 3339 hoc
662 3296 814 3340 referri
829 3297 879 3340 ad
905 3303 994 3340 tres
1016 3309 1154 3342 annos
1172 3299 1439 3352 operationis
1458 3300 1538 3342 mi-

1310 82 1475 128 PETm
1505 77 1870 128 COMESTORIS
2038 132 2043 134 Ἴ

286 185 522 253 cntionem,
510 178 1058 292 ,αἱιίιιιῑειιῃεηίοιιῑιιιιιθ
1071 174 1332 231 passionem,
1338 174 1543 227 incorpo·
1562 181 1598 224 Α
1622 171 1762 225 maior·
1797 174 1939 220 esset,
1975 174 2256 213 accesserunt
2275 169 2329 213 ad
2348 169 2515 223 «lesum,
2560 177 2602 215 et
2635 172 2862 218 dixerunt·

2748 85 2871 136 ¹58⁸

1622 239 1700 293 Qui
1707 253 1727 283 5
1745 248 1872 295 putas
1895 239 2034 295 maJor
2062 247 2127 283 est
2148 240 2192 283 in
2217 252 2349 296 regno
2386 242 2626 286 coelorum
2611 242 2630 270 ⁹
2657 242 2864 300 ι(ΜαιιΙι.

1622 323 1752 363 xv31n
1777 309 1913 352 Marc.
1937 321 2004 364 ix;
2030 308 2134 353 Luc.
2158 310 2239 367 ix.)
2264 309 2396 363 Quasi
2419 312 2642 358 dicerent·
2677 313 2754 358 Dic
2771 315 2869 379 quis

1624 383 1765 439 maJ'or
1787 390 1852 426 est
1877 383 1987 426 inter
2013 395 2094 427 nos
2108 383 2251 444 modo,
2273 383 2373 443 quia
2397 385 2469 428 ille
2487 385 2600 429 idem
2622 386 2763 442 maior
2784 388 2868 431 erit

1625 453 1668 496 in
1682 455 1807 506 coelo,
1836 456 1880 497 in
1899 465 1986 510 quo
2002 454 2223 498 errabant.
2242 453 2288 497 ln
2309 454 2455 498 futuro
2472 456 2585 499 enim
2602 457 2744 500 omnis
2760 469 2871 513 pra».-

1622 526 1726 569 latio
1749 525 1936 569 cessabit
1960 524 2227 581 angelorum,
2249 533 2292 569 et
2316 526 2557 580 hominum,
2579 533 2625 570 ut
2646 518 2871 583 apostolus

1621 597 1752 650 tradit
1773 610 1784 639 :
1810 596 1862 640 Et
1878 598 2130 653 amplexans
2145 591 2274 643 lesus
2287 599 2512 654 parvulum
2534 592 2681 642 docuit
2706 600 2872 645 similes

1622 664 1819 724 parvulo,
1846 668 1890 712 id
1922 674 1988 712 est
2015 668 2208 725 ⁴humiles
2238 670 2283 713 in
2309 670 2393 722 via,
2430 670 2612 714 exaltari
2638 672 2682 714 in
2710 668 2870 727 patria,

1621 747 1664 784 et
1688 741 1760 797 qui
1795 741 1923 784 vellet
1947 742 2113 796 primus
2131 754 2280 786 eorum
2304 755 2417 792 esse,
2446 735 2565 787 lieret
2584 743 2776 787 omnium
2794 743 2872 788 mi-

1622 812 1774 856 nister.
1800 810 1912 855 ltine
1936 809 2002 856 est
2029 813 2145 868 quod
2164 812 2330 869 primus
2361 813 2555 857 omnium
2595 815 2639 857 in
2674 815 2870 861 Ecclesia

1621 897 1771 928 servus
1808 889 2042 929 servorum*
2071 885 2146 929 Dei
2182 898 2228 928 se
2259 884 2434 930 fatetur.
2462 886 2674 931 Parvulas
2692 889 2789 939 iste,
2821 894 2872 934 ut

1619 957 1691 1012 qui
1716 958 1813 1001 dam
1854 957 2045 1010 tradunt,
2073 957 2153 1000 snit
2175 957 2387 1003 Martialis
2427 960 2651 1016 apostolus
2674 959 2872 1007 Lemovi-

1619 1034 1774 1071 tarum.

1618 1116 1719 1161 Car.
1733 1116 1838 1160 xci.
1854 1116 1912 1159 De
1920 1116 2124 1171 parabola
2133 1118 2235 1169 ovis,
2246 1124 2284 1161 et
2298 1119 2524 1170 drachmae,
2541 1126 2582 1162 et
2593 1115 2675 1176 filii
2687 1118 2867 1186 prodiqi.

1675 1189 1873 1246 Cumque
1897 1191 2265 1235 scandalizatores
2297 1191 2554 1246 pusillorum
2577 1193 2772 1240 dixisset,
2795 1203 2871 1247 per

1624 1263 1917 1318 metaphoram
1937 1263 2245 1316 membrorum,
2257 1264 2488 1313 eruendos,
2504 1269 2546 1307 et
2562 1264 2868 1319 projiciendos,

1623 1347 1703 1377 nec
1740 1334 2104 1378 contemnendum
2127 1347 2260 1377 unum
2280 1335 2333 1378 de
2359 1335 2620 1394 pusillis-ad
2646 1336 2872 1380 ostenden·

1623 1396 1723 1451 dum
1741 1406 1891 1463 quanti
1907 1407 1993 1451 sint
2014 1408 2160 1463 pusilli
2179 1407 2294 1463 apud
2317 1405 2503 1459 Patrem,
2528 1405 2724 1463 dixit-eis
2744 1419 2877 1462 ραι-3,,

1625 1478 1769 1521 bolam
1790 1478 1883 1521 ovis
1907 1478 2154 1522 centesimae
2176 1484 2428 1534 reportatae,
2464 1478 2629 1523 relictis
2651 1479 2868 1536 nonagin-

1623 1557 1665 1593 ta
1691 1562 1843 1594 novem
1868 1549 2041 1606 (illumi.
2066 1553 2211 1607 xviii).
2234 1549 2352 1595 Licet
2375 1552 2488 1594 enim
2513 1557 2662 1607 pastor
2683 1553 2780 1609 plus
2803 1553 2872 1597 di·

1625 1619 1729 1678 ligat
1746 1621 1922 1665 centum
1945 1634 2046 1664 oves
2065 1634 2194 1676 quam
2221 1633 2367 1673 unam,
2389 1628 2533 1667 tamen
2550 1625 2687 1680 magis
2703 1610 2881 1675 sollici2'

1624 1700 1693 1737 tus
1715 1687 1780 1738 es't
1802 1694 1856 1738 de
1878 1694 2062 1750 perdita,
2079 1707 2208 1751 quam
2229 1686 2282 1741 de
2303 1697 2595 1756 manentibus.
2614 1696 2696 1741 Pro
2719 1699 2871 1744 eodem

1622 1766 1789 1810 addidit
1812 1767 2061 1822 parabolam
2086 1769 2140 1812 de
2170 1768 2336 1813 decima
2362 1769 2567 1829 drachma
2600 1770 2791 1816 inventa.
2816 1772 2849 1814 Γ
2854 1778 2871 1820 t

1626 1845 1693 1882 est
1748 1838 1953 1882 drachma
2005 1852 2209 1885 nummus
2243 1848 2374 1884 certre
2411 1843 2666 1897 quantitatis
2705 1829 2879 1890 balens

1621 1911 1850 1968 imaginem
1875 1912 2007 1967 regis.
2032 1903 2242 1955 Drachma
2268 1925 2371 1956 vero
2393 1913 2675 1967 drachmatis,
2716 1920 2871 1969 quarta

1621 1996 1722 2039 pars
1748 1981 1920 2029 stateris
1943 1990 2057 2030 est'.
2083 1984 2269 2030 Tertiam
2291 1997 2461 2043 quoque
2476 1986 2529 2030 de
2551 1987 2699 2031 eodem
2723 1987 2871 2033 subdit

1622 2059 1893 2113 parabolam,
1914 2059 1967 2104 de
1985 2059 2071 2102 lilio
2092 2060 2287 2116 prodigo,
2315 2061 2358 2103 in
2378 2073 2464 2118 quo
2486 2068 2573 2105 non
2597 2047 2735 2106 solum
2769 2074 2870 2118 cau-

1620 2132 1737 2174 dium
1750 2144 1875 2175 suum
1889 2131 1941 2175 de
1957 2133 2127 2188 pusillis
2140 2133 2419 2180 redeuntibus
2434 2125 2638 2202 ostendit,
2651 2137 2725 2180 sed
2740 2137 2868 2187 etiarn

1621 2203 1906 2248 invidentium
1941 2200 2140 2248 murmur
2162 2207 2319 2262 arguit,
2336 2208 2379 2251 in
2403 2218 2487 2263 qua
2512 2207 2692 2262 siliquas
2710 2220 2866 2264 porco-

1621 2288 1714 2318 rum
1734 2276 1878 2342 cibum
1893 2277 2017 2322 dixit.
2029 2277 2174 2332 Etest,
2204 2281 2440 2325 secundum
2457 2282 2684 2349 quosdam,
2702 2283 2867 2328 fructus

1622 2347 1820 2392 arboris
1811 2358 1986 2403 sonum
2011 2348 2176 2394 faciens
2205 2364 2302 2394 cum
2322 2343 2579 2398 comeditur.
2608 2352 2684 2398 Est
2723 2362 2867 2415 autem

1621 2431 1755 2475 genus
1780 2411 2010 2477 leguminis
2036 2422 2208 2467 sonoris
2233 2423 2460 2470 frondibus
2482 2433 2524 2471 et
2556 2417 2721 2490 vacuis,
2753 2429 2867 2494 quod

1621 2504 1675 2534 m.
1668 2491 1757 2548 igis
1781 2500 1952 2535 onerat
1957 2494 2086 2548 (piam
2126 2495 2280 2539 reficit
2308 2495 2360 2538 Et
2397 2503 2497 2540 nota
2529 2499 2628 2555 quia
2666 2491 2780 2560 quod
2821 2501 2868 2546 in

1621 2563 1773 2607 avibus
1785 2563 1945 2607 dicitur
1956 2563 2088 2615 altile
2101 2564 2145 2607 in
2159 2565 2417 2610 animalibus
2433 2568 2590 2613 dicitur
2604 2573 2864 2626 saginatum.

1676 2634 1883 2679 Αάάἱιίο
1911 2638 1950 2680 l.
1976 2637 2162 2695 Dragma
2187 2639 2442 2697 dragmatis,
2469 2655 2606 2699 genus
2625 2645 2863 2712 carminis,

1619 2708 1671 2752 de
1695 2721 1780 2764 quo
1816 2709 2010 2754 dicitur:
2033 2711 2180 2755 Dulcia
2207 2710 2374 2758 cantica
2410 2715 2661 2777 dragmatis.
2683 2717 2864 2787 Drama,

1620 2782 1714 2826 sine
1750 2795 1794 2839 9,
1832 2785 2058 2842 canticum
2093 2797 2402 2841 personarum,
2435 2802 2524 2858 quo
2554 2790 2759 2846 scriptum
2799 2789 2866 2855 est

1619 2839 1841 2897 (Ζιιιιιίιιιιιι
1866 2857 2026 2900 amoris
2046 2859 2175 2901 etiam
2190 2856 2429 2903 declinatur
2443 2873 2466 2903 a
2491 2860 2746 2918 quibusdam
2766 2850 2867 2909 dra-

1620 2926 1719 2977 niis,
1745 2939 1767 2969 a
1786 2927 2046 2983 quibusdam
2066 2931 2294 2994 dramatis.

1618 2998 1722 3043 Car.
1747 2999 1876 3045 XCH.
1918 3002 1980 3045 De
2004 3003 2250 3048 dimittendo
2276 3007 2403 3067 [ratri
2426 3010 2656 3065 septuaqies
2695 3013 2860 3064 septies.
2887 3012 2892 3017 ”

1676 3074 1872 3131 Cumque
1899 3068 2139 3122 addidisset
2160 3078 2367 3125 Dominus
2390 3081 2443 3125 de
2476 3083 2774 3143 corripiendo
2776 3087 2863 3131 sra-

1625 3153 1712 3199 tre,
1734 3150 1805 3203 qui
1834 3150 1876 3192 in
1901 3158 1939 3194 te
1962 3152 2054 3194 solo
2086 3154 2293 3208 peccavit,
2314 3155 2353 3198 id
2380 3162 2446 3200 est
2471 3163 2511 3199 te
2548 3159 2643 3203 solo
2672 3161 2858 3224 sciente,
2884 3152 2891 3161 ⁴

1619 3221 1738 3274 prius
1767 3230 1952 3274 seciet0,
1975 3231 2072 3279 post
2096 3236 2241 3268 coram
2264 3216 2464 3279 testibus,
2490 3238 2587 3285 post
2610 3243 2756 3276 eoram
2781 3233 2862 3295 ch

1619 3293 1779 3347 clesia3
1805 3302 1846 3338 ct
1870 3295 2123 3347 addidisset,
2144 3312 2159 3338 ι
2187 3310 2454 3355 quascunque
2474 3302 2709 3363 ligaveritis
2731 3318 2863 3364 super

293 3368 537 3412 raculorum
551 3365 1112 3423 Christi,inquorumtertio
1124 3375 1539 3415 consummatusest.
1567 3370 1600 3412 D
1625 3373 1799 3418 terram,
1825 3383 1840 3408 ι
1872 3375 1975 3420 ete„
2000 3371 2198 3425 quaesivit
2217 3371 2385 3425 Penus,
2410 3385 2463 3417 ³¹¹
2481 3376 2779 3422 dilllissendum
2805 3381 2886 3430 Sit.

292 3435 343 3478 Et
356 3437 477 3492 quasi
487 3436 867 3488 ostendensJesus,
882 3435 996 3493 quod
1006 3449 1090 3480 non
1104 3445 1342 3481 moreretur
1353 3440 1395 3482 in
1406 3439 1544 3482 domi·

292 3511 366 3554 nio
378 3509 574 3561 Herodis,
591 3508 773 3562 addidit,
788 3525 802 3550 ‹
827 3511 1024 3566 quianon
1047 3513 1196 3568 capit»
1216 3510 1382 3568 (script.
1397 3513 1539 3569 suppl.

294 3581 453 3636 aliqua)
474 3593 542 3625 me
580 3596 595 3621 ι
622 3583 875 3639 proplietam
918 3584 1059 3639 perire
1093 3590 1214 3628 extra
1257 3582 1535 3628 Jerusalem.»

362 3654 463 3697 Car.
484 3653 706 3698 Lxxxtx.
735 3655 793 3698 De
813 3654 970 3699 tributo
994 3658 1154 3699 invento
1175 3658 1215 3699 in
1234 3670 1303 3700 ore
1326 3660 1468 3712 piscis.

347 3724 517 3768 Etcum
557 3728 742 3773 venisset
775 3728 1074 3783 capharnaum
1108 3737 1387 3774 accesserunt
1418 3734 1539 3787 quae·'

296 3800 437 3839 stores
469 3807 624 3838 census
651 3799 818 3852 capitis,
865 3805 906 3842 et
944 3800 1104 3843 missus
1129 3813 1151 3842 a
1176 3800 1356 3844 Domino
1381 3801 1534 3846 Petrus

294 3867 347 3908 ad
368 3878 498 3916 mare,
519 3864 615 3909 tulit
635 3869 790 3922 piscem
819 3870 859 3911 in
878 3871 1002 3925 cujus
1017 3883 1090 3914 ore
1114 3872 1277 3915 invenit
1309 3879 1528 3925 staterem,

295 3937 335 3979 id
355 3942 420 3979 est
444 3938 529 3979 duo
554 3938 864 3989 didrachmata,
892 3947 934 3982 et
955 3942 1081 3984 solvit
1106 3955 1183 3996 pro
1207 3954 1253 3986 se
1277 3949 1319 3986 et
1344 3957 1422 3999 pro
1449 3943 1531 3987 Do·

297 4009 411 4051 mino
452 4007 623 4064 (Mami.
664 4011 787 4064 xvii).
829 4011 915 4055 Etsi
962 4014 1074 4055 enim
1113 4014 1321 4059 Dominus
1362 4018 1529 4061 loculos

293 4081 487 4130 haberet,
515 4089 657 4125 tamen
679 4095 745 4131 ea,
771 4096 865 4138 quae
888 4085 983 4126 data
1002 4092 1124 4128 erant
1148 4088 1185 4130 ei
1210 4088 1251 4130 in
1290 4101 1394 4133 usus
1418 4102 1527 4145 pau-

294 4165 458 4207 perum.
489 4154 532 4195 in
557 4166 678 4196 usum
703 4156 921 4209 proprium
945 4157 1080 4199 noluit
1101 4159 1358 4212 expendere.

296 4239 393 4283 Cae.
422 4241 505 4284 Xt'.
535 4243 651 4294 Quod
683 4242 1152 4298 apostoliqnasierum
1143 4250 1232 4303 quis
1257 4263 1397 4292 iorum
1421 4259 1526 4295 esset

846 4301 994 4343 ”tal-(W.

342 4368 472 4411 oCum
487 4376 624 4413 autem
636 4371 832 4425 discipuli
849 4373 1103 4427 quoesissent
1119 4377 1160 4418 in
1173 4376 1256 4428 via,
1273 4390 1369 4432 quis
1378 4390 1522 4421 eorum

1626 3439 1745 3482 statii
1763 3441 1959 3495 peccanti
1981 3455 2117 3499 usque
2139 3446 2326 3509 septies?
2349 3437 2753 3504 Responditlesus:
2772 3451 2860 3498 lino

1628 3527 1640 3551 ‹
1675 3524 1813 3568 usque
1833 3515 2076 3571 septuagies
2112 3518 2288 3583 septies,
2323 3535 2337 3560 »
2367 3519 2410 3563 id
2433 3528 2497 3565 est
2533 3521 2859 3585 quadringentis

1621 3587 1855 3642 nonaginta
1877 3587 2060 3640 vicibus,
2086 3596 2129 3633 et
2153 3591 2285 3635 etiam
2314 3607 2328 3633 ι
2363 3596 2610 3650 septuagies
2635 3598 2812 3656 septies,
2840 3614 2854 3646 t
2914 3636 2916 3642 ,

1620 3658 1662 3699 id
1686 3663 1754 3702 est
1788 3671 1959 3705 omnem
1984 3661 2188 3718 injuriam
2214 3663 2387 3721 (Matth.
2415 3667 2558 3724 xviii).
2582 3667 2637 3712 Ut
2660 3670 2727 3714 bis
2745 3672 2860 3728 lega-

1618 3736 1687 3772 tur
1704 3733 1946 3788 septuagies
1963 3735 2140 3790 septies,
2161 3736 2219 3779 ita
2238 3737 2405 3782 scilicet
2422 3743 2469 3782 ut
2492 3742 2630 3796 prima
2645 3745 2858 3799 expositio

1614 3801 1827 3846 reseratur
1843 3803 1895 3847 ad
1909 3810 2093 3861 tempus,
2112 3807 2234 3863 quasi
2249 3807 2364 3852 dieat
2384 3822 2394 3850 :
2417 3809 2506 3854 Imo
2531 3823 2701 3869 semper
2713 3803 2859 3858 dimit·

1613 3882 1691 3919 tes.
1705 3871 1965 3920 Secunda'ad
1977 3891 2146 3923 omnem
2163 3880 2382 3936 injuriam,
2395 3885 2496 3940 quia
2513 3886 2781 3942 septuaginta
2795 3900 2860 3932 se-

1612 3951 1744 4003 ptem
1766 3961 1831 3993 ex·
1837 3962 2017 3995 numero
2034 3951 2345 4006 universitatis,
2359 3961 2401 3998 et
2422 3969 2601 4001 numero
2615 3964 2858 4026 transgres-

1611 4019 1760 4072 sionis,
1782 4021 1838 4064 id
1851 4028 1912 4065 est
1932 4035 1984 4067 ex
2011 4029 2172 4080 septem
2190 4032 2234 4070 et
2249 4026 2448 4071 undecim
2467 4035 2534 4074 est
2552 4034 2852 4088 compositum

1666 4091 1855 4136 'Addilio
1878 4094 1916 4138 1.
1935 4094 2215 4151 Septenarius
2230 4097 2389 4142 dicitur
2412 4113 2619 4146 numerus
2641 4102 2879 4154 πίπτει-ᾗ

1608 4165 1726 4217 tatis,
1745 4167 1843 4220 quia
1870 4167 2129 4213 universitas
2147 4169 2312 4214 dierum
2337 4173 2476 4215 currit
2494 4186 2571 4229 per
2581 4181 2741 4231 septem
2763 4177 2854 4220 ‹’ies

1607 4235 1898 4281 hebdomadae.
1911 4237 2185 4285 Undenarius
2209 4239 2415 4288 numerus
2439 4230 2598 4289 dicitur
2613 4251 2855 4310 transgres-

1606 4307 1757 4359 sionis,
1769 4309 1869 4364 quia
1884 4310 2047 4356 unitate
2059 4314 2374 4370 transgreditur
2386 4314 2549 4368 decem,
2563 4307 2856 4375 etnon'pcrve.

1605 4378 1667 4421 nit
1683 4380 1735 4423 ad
1759 4380 1984 4429 duodecim
1996 4385 2069 4440 qui
2086 4387 2167 4430 iter
2172 4398 2240 4430 uin
2255 4387 2394 4431 bonus
2414 4391 2617 4453 numerus
2631 4397 2695 4457 cst
2711 4402 2849 4455 quan·-
