<?xml version="1.0" encoding="UTF-8"?>
<!DOCTYPE html PUBLIC "-//W3C//DTD XHTML 1.0 Transitional//EN"
    "http://www.w3.org/TR/xhtml1/DTD/xhtml1-transitional.dtd">
<html xmlns="http://www.w3.org/1999/xhtml" xml:lang="en" lang="en">
 <head>
  <title>
</title>
<meta http-equiv="Content-Type" content="text/html;charset=utf-8" />
  <meta name='ocr-system' content='tesseract 3.04.00' />
  <meta name='ocr-capabilities' content='ocr_page ocr_carea ocr_par ocr_line ocrx_word'/>
</head>
<body>
  <div class='ocr_page' id='page_1' title='image "./patrologiaecursu00hammuoft_0305.png"; bbox 0 0 2924 4588; ppageno 0'>
   <div class='ocr_carea' id='block_1_1' title="bbox 157 69 239 118">
    <p class='ocr_par' dir='ltr' id='par_1_1' title="bbox 92 34 239 118">
     <span class='ocr_line' id='line_1_1' title="bbox 157 69 239 118; baseline -0.027 -2.769"><span class='ocrx_word' id='word_1_1' title='bbox 157 69 239 118; x_wconf 56' lang='grc' dir='ltr'><strong>ωδ</strong></span> 
     </span>
    </p>
   </div>
   <div class='ocr_carea' id='block_1_2' title="bbox 0 0 93 4588">
    <p class='ocr_par' dir='ltr' id='par_1_2' title="bbox 0 0 93 4588">
     <span class='ocr_line' id='line_1_2' title="bbox 0 0 93 4588; baseline 0 0"><span class='ocrx_word' id='word_1_2' title='bbox 0 0 93 4588; x_wconf 95' lang='lat' dir='ltr'><strong> </strong></span> 
     </span>
    </p>
   </div>
   <div class='ocr_carea' id='block_1_3' title="bbox 80 299 1390 364">
    <p class='ocr_par' dir='ltr' id='par_1_3' title="bbox 80 299 1390 364">
     <span class='ocr_line' id='line_1_3' title="bbox 80 299 1390 364; baseline 0.001 -15"><span class='ocrx_word' id='word_1_3' title='bbox 80 299 87 358; x_wconf 65' lang='lat' dir='ltr'><strong>J</strong></span> <span class='ocrx_word' id='word_1_4' title='bbox 152 306 269 364; x_wconf 89' lang='lat' dir='ltr'><strong>quod</strong></span> <span class='ocrx_word' id='word_1_5' title='bbox 291 306 419 356; x_wconf 83' lang='lat' dir='ltr'><strong>absit,</strong></span> <span class='ocrx_word' id='word_1_6' title='bbox 452 304 566 348; x_wconf 77' lang='lat' dir='ltr'><strong>sorte</strong></span> <span class='ocrx_word' id='word_1_7' title='bbox 598 303 883 362; x_wconf 77' lang='lat' dir='ltr'><strong>contingeret,</strong></span> <span class='ocrx_word' id='word_1_8' title='bbox 921 311 972 349; x_wconf 83' lang='lat' dir='ltr'><strong>ut</strong></span> <span class='ocrx_word' id='word_1_9' title='bbox 1003 306 1165 363; x_wconf 87' lang='lat' dir='ltr'><strong>aliquid</strong></span> <span class='ocrx_word' id='word_1_10' title='bbox 1187 309 1390 364; x_wconf 80' lang='lat' dir='ltr'><strong>praelatus</strong></span> 
     </span>
    </p>
   </div>
   <div class='ocr_carea' id='block_1_4' title="bbox 0 375 1393 730">
    <p class='ocr_par' dir='ltr' id='par_1_4' title="bbox 6 375 1393 655">
     <span class='ocr_line' id='line_1_4' title="bbox 34 375 1390 435; baseline 0.006 -17"><span class='ocrx_word' id='word_1_11' title='bbox 34 401 38 414; x_wconf 64' lang='grc' dir='ltr'>ι</span> <span class='ocrx_word' id='word_1_12' title='bbox 84 379 113 430; x_wconf 13' lang='grc' dir='ltr'><strong>ῑεζγ</strong></span> <span class='ocrx_word' id='word_1_13' title='bbox 152 383 270 429; x_wconf 78' lang='lat' dir='ltr'><strong>tuus,</strong></span> <span class='ocrx_word' id='word_1_14' title='bbox 294 377 411 434; x_wconf 81' lang='lat' dir='ltr'><strong>quod</strong></span> <span class='ocrx_word' id='word_1_15' title='bbox 435 375 522 422; x_wconf 88' lang='lat' dir='ltr'><strong>Deo</strong></span> <span class='ocrx_word' id='word_1_16' title='bbox 544 383 658 423; x_wconf 84' lang='lat' dir='ltr'><strong>esset</strong></span> <span class='ocrx_word' id='word_1_17' title='bbox 681 380 962 430; x_wconf 83' lang='lat' dir='ltr'><strong>contrarium,</strong></span> <span class='ocrx_word' id='word_1_18' title='bbox 992 379 1071 424; x_wconf 90' lang='lat' dir='ltr'><strong>tibi</strong></span> <span class='ocrx_word' id='word_1_19' title='bbox 1093 380 1299 435; x_wconf 65' lang='lat' dir='ltr'><strong>iuberet:</strong></span> <span class='ocrx_word' id='word_1_20' title='bbox 1329 380 1390 426; x_wconf 86' lang='lat' dir='ltr'><strong>si-</strong></span> 
     </span>
     <span class='ocr_line' id='line_1_5' title="bbox 15 439 1391 504; baseline 0.001 -8"><span class='ocrx_word' id='word_1_21' title='bbox 15 439 42 488; x_wconf 67' lang='grc' dir='ltr'><strong>’ῑ</strong></span> <span class='ocrx_word' id='word_1_22' title='bbox 150 457 227 496; x_wconf 76' lang='lat' dir='ltr'><strong>eut</strong></span> <span class='ocrx_word' id='word_1_23' title='bbox 241 451 530 502; x_wconf 87' lang='lat' dir='ltr'><strong>consulerem,</strong></span> <span class='ocrx_word' id='word_1_24' title='bbox 555 455 604 494; x_wconf 90' lang='lat' dir='ltr'><strong>ut</strong></span> <span class='ocrx_word' id='word_1_25' title='bbox 628 451 748 494; x_wconf 89' lang='lat' dir='ltr'><strong>nullo</strong></span> <span class='ocrx_word' id='word_1_26' title='bbox 769 451 897 495; x_wconf 88' lang='lat' dir='ltr'><strong>modo</strong></span> <span class='ocrx_word' id='word_1_27' title='bbox 921 453 1210 504; x_wconf 81' lang='lat' dir='ltr'>consentires,</span> <span class='ocrx_word' id='word_1_28' title='bbox 1236 457 1301 498; x_wconf 85' lang='lat' dir='ltr'><strong>sic</strong></span> <span class='ocrx_word' id='word_1_29' title='bbox 1322 455 1391 498; x_wconf 79' lang='lat' dir='ltr'><strong>ni·</strong></span> 
     </span>
     <span class='ocr_line' id='line_1_6' title="bbox 6 510 1390 577; baseline 0.002 -9"><span class='ocrx_word' id='word_1_30' title='bbox 6 510 10 518; x_wconf 61' lang='grc'><strong>’</strong></span> <span class='ocrx_word' id='word_1_31' title='bbox 151 524 386 568; x_wconf 84' lang='lat' dir='ltr'><strong>bilominus</strong></span> <span class='ocrx_word' id='word_1_32' title='bbox 415 534 556 567; x_wconf 88' lang='lat' dir='ltr'><strong>meum</strong></span> <span class='ocrx_word' id='word_1_33' title='bbox 597 523 834 568; x_wconf 85' lang='lat' dir='ltr'><strong>concilium</strong></span> <span class='ocrx_word' id='word_1_34' title='bbox 876 523 1013 577; x_wconf 76' lang='lat' dir='ltr'><strong>foret,</strong></span> <span class='ocrx_word' id='word_1_35' title='bbox 1053 531 1101 567; x_wconf 92' lang='lat' dir='ltr'><strong>ut</strong></span> <span class='ocrx_word' id='word_1_36' title='bbox 1133 538 1220 570; x_wconf 91' lang='lat' dir='ltr'><strong>non</strong></span> <span class='ocrx_word' id='word_1_37' title='bbox 1262 527 1390 572; x_wconf 86' lang='lat' dir='ltr'><strong>nimis</strong></span> 
     </span>
     <span class='ocr_line' id='line_1_7' title="bbox 74 591 1393 655; baseline 0.002 -15"><span class='ocrx_word' id='word_1_38' title='bbox 74 591 97 654; x_wconf 51' lang='grc' dir='ltr'><strong>’ᾗ</strong></span> <span class='ocrx_word' id='word_1_39' title='bbox 154 596 364 647; x_wconf 76' lang='lat' dir='ltr'><strong>frontose,</strong></span> <span class='ocrx_word' id='word_1_40' title='bbox 386 595 454 640; x_wconf 86' lang='lat' dir='ltr'><strong>vel</strong></span> <span class='ocrx_word' id='word_1_41' title='bbox 474 595 662 652; x_wconf 86' lang='lat' dir='ltr'>superbe</span> <span class='ocrx_word' id='word_1_42' title='bbox 684 596 827 641; x_wconf 86' lang='lat' dir='ltr'><strong>statim</strong></span> <span class='ocrx_word' id='word_1_43' title='bbox 851 597 1194 652; x_wconf 51' lang='lat' dir='ltr'><strong>contradicerem</strong></span> <span class='ocrx_word' id='word_1_44' title='bbox 1222 599 1298 643; x_wconf 91' lang='lat' dir='ltr'><strong>sed</strong></span> <span class='ocrx_word' id='word_1_45' title='bbox 1320 611 1393 655; x_wconf 91' lang='lat' dir='ltr'><strong>po-</strong></span> 
     </span>
    </p>

    <p class='ocr_par' dir='ltr' id='par_1_5' title="bbox 0 655 1388 730">
     <span class='ocr_line' id='line_1_8' title="bbox 0 655 1388 730; baseline 0.004 -21"><span class='ocrx_word' id='word_1_46' title='bbox 0 656 9 666; x_wconf 78' lang='grc'>”</span> <span class='ocrx_word' id='word_1_47' title='bbox 31 683 41 695; x_wconf 85' lang='grc'><em>·</em></span> <span class='ocrx_word' id='word_1_48' title='bbox 75 655 90 721; x_wconf 36' lang='grc'><strong>’,</strong></span> <span class='ocrx_word' id='word_1_49' title='bbox 153 669 239 712; x_wconf 89' lang='lat' dir='ltr'><strong>tius</strong></span> <span class='ocrx_word' id='word_1_50' title='bbox 262 678 340 724; x_wconf 90' lang='lat' dir='ltr'><strong>pro</strong></span> <span class='ocrx_word' id='word_1_51' title='bbox 362 669 603 712; x_wconf 82' lang='lat' dir='ltr'><strong>reverentia</strong></span> <span class='ocrx_word' id='word_1_52' title='bbox 628 669 784 724; x_wconf 84' lang='lat' dir='ltr'><strong>sancti,</strong></span> <span class='ocrx_word' id='word_1_53' title='bbox 809 668 926 730; x_wconf 81' lang='lat' dir='ltr'><strong>quod</strong></span> <span class='ocrx_word' id='word_1_54' title='bbox 946 669 986 714; x_wconf 91' lang='lat' dir='ltr'><strong>ei</strong></span> <span class='ocrx_word' id='word_1_55' title='bbox 1010 670 1290 715; x_wconf 88' lang='lat' dir='ltr'><strong>commissum</strong></span> <span class='ocrx_word' id='word_1_56' title='bbox 1306 676 1388 725; x_wconf 90' lang='lat' dir='ltr'><strong>est,</strong></span> 
     </span>
    </p>
   </div>
   <div class='ocr_carea' id='block_1_5' title="bbox 80 735 1393 798">
    <p class='ocr_par' dir='ltr' id='par_1_6' title="bbox 80 735 1393 798">
     <span class='ocr_line' id='line_1_9' title="bbox 80 735 1393 798; baseline 0.006 -18"><span class='ocrx_word' id='word_1_57' title='bbox 80 772 84 780; x_wconf 90' lang='lat'><strong>.</strong></span> <span class='ocrx_word' id='word_1_58' title='bbox 151 741 388 798; x_wconf 81' lang='lat' dir='ltr'><strong>regiminis,</strong></span> <span class='ocrx_word' id='word_1_59' title='bbox 412 741 505 798; x_wconf 84' lang='lat' dir='ltr'><strong>jugi</strong></span> <span class='ocrx_word' id='word_1_60' title='bbox 538 741 679 785; x_wconf 88' lang='lat' dir='ltr'><strong>omnis</strong></span> <span class='ocrx_word' id='word_1_61' title='bbox 705 735 961 786; x_wconf 79' lang='lat' dir='ltr'><strong>humilitatis</strong></span> <span class='ocrx_word' id='word_1_62' title='bbox 1006 755 1058 786; x_wconf 89' lang='lat' dir='ltr'><strong>ac</strong></span> <span class='ocrx_word' id='word_1_63' title='bbox 1095 745 1393 789; x_wconf 87' lang='lat' dir='ltr'><strong>mansuetudi-</strong></span> 
     </span>
    </p>
   </div>
   <div class='ocr_carea' id='block_1_6' title="bbox 29 813 1392 946">
    <p class='ocr_par' dir='ltr' id='par_1_7' title="bbox 29 795 1392 946">
     <span class='ocr_line' id='line_1_10' title="bbox 29 813 1392 874; baseline 0.003 -17"><span class='ocrx_word' id='word_1_64' title='bbox 29 832 39 842; x_wconf 90' lang='lat'><strong>·</strong></span> <span class='ocrx_word' id='word_1_65' title='bbox 151 814 222 858; x_wconf 85' lang='lat' dir='ltr'><strong>nis</strong></span> <span class='ocrx_word' id='word_1_66' title='bbox 244 813 452 858; x_wconf 84' lang='lat' dir='ltr'><strong>instantia</strong></span> <span class='ocrx_word' id='word_1_67' title='bbox 476 815 518 858; x_wconf 90' lang='lat' dir='ltr'><strong>ei</strong></span> <span class='ocrx_word' id='word_1_68' title='bbox 540 826 817 871; x_wconf 82' lang='lat' dir='ltr'><strong>suggereres;</strong></span> <span class='ocrx_word' id='word_1_69' title='bbox 842 828 896 860; x_wconf 91' lang='lat' dir='ltr'><strong>ne</strong></span> <span class='ocrx_word' id='word_1_70' title='bbox 919 815 973 859; x_wconf 85' lang='lat' dir='ltr'><strong>ad</strong></span> <span class='ocrx_word' id='word_1_71' title='bbox 996 817 1158 874; x_wconf 86' lang='lat' dir='ltr'><strong>aliquid</strong></span> <span class='ocrx_word' id='word_1_72' title='bbox 1193 819 1392 862; x_wconf 85' lang='lat' dir='ltr'><strong>commit-</strong></span> 
     </span>
     <span class='ocr_line' id='line_1_11' title="bbox 47 883 1391 946; baseline 0.008 -22"><span class='ocrx_word' id='word_1_73' title='bbox 47 883 51 889; x_wconf 76' lang='grc'><strong>’</strong></span> <span class='ocrx_word' id='word_1_74' title='bbox 151 885 329 931; x_wconf 86' lang='lat' dir='ltr'><strong>tendum</strong></span> <span class='ocrx_word' id='word_1_75' title='bbox 353 897 432 930; x_wconf 89' lang='lat' dir='ltr'><strong>suo</strong></span> <span class='ocrx_word' id='word_1_76' title='bbox 455 892 496 931; x_wconf 89' lang='lat' dir='ltr'><strong>te</strong></span> <span class='ocrx_word' id='word_1_77' title='bbox 519 893 734 943; x_wconf 69' lang='lat' dir='ltr'><strong>praecepto</strong></span> <span class='ocrx_word' id='word_1_78' title='bbox 779 889 1075 944; x_wconf 85' lang='lat' dir='ltr'><strong>compelleret,</strong></span> <span class='ocrx_word' id='word_1_79' title='bbox 1113 891 1228 946; x_wconf 89' lang='lat' dir='ltr'><strong>quod</strong></span> <span class='ocrx_word' id='word_1_80' title='bbox 1255 889 1391 936; x_wconf 83' lang='lat' dir='ltr'><strong>Deum</strong></span> 
     </span>
    </p>
   </div>
   <div class='ocr_carea' id='block_1_7' title="bbox 151 955 1391 1017">
    <p class='ocr_par' dir='ltr' id='par_1_8' title="bbox 68 942 1391 1022">
     <span class='ocr_line' id='line_1_12' title="bbox 151 955 1391 1017; baseline 0.005 -16.624"><span class='ocrx_word' id='word_1_81' title='bbox 151 955 387 1003; x_wconf 76' lang='lat' dir='ltr'><strong>offenderet</strong></span> <span class='ocrx_word' id='word_1_82' title='bbox 438 960 644 1015; x_wconf 78' lang='lat' dir='ltr'><strong>graviter.</strong></span> <span class='ocrx_word' id='word_1_83' title='bbox 698 957 781 1003; x_wconf 85' lang='lat' dir='ltr'><strong>Sed</strong></span> <span class='ocrx_word' id='word_1_84' title='bbox 812 965 854 1003; x_wconf 90' lang='lat' dir='ltr'><strong>et</strong></span> <span class='ocrx_word' id='word_1_85' title='bbox 885 960 966 1005; x_wconf 89' lang='lat' dir='ltr'><strong>hoc</strong></span> <span class='ocrx_word' id='word_1_86' title='bbox 1005 962 1310 1017; x_wconf 80' lang='lat' dir='ltr'><strong>adjiciendum,</strong></span> <span class='ocrx_word' id='word_1_87' title='bbox 1344 969 1391 1006; x_wconf 91' lang='lat' dir='ltr'><strong>ut</strong></span> 
     </span>
    </p>
   </div>
   <div class='ocr_carea' id='block_1_8' title="bbox 149 1031 1392 1089">
    <p class='ocr_par' dir='ltr' id='par_1_9' title="bbox 68 1031 1392 1089">
     <span class='ocr_line' id='line_1_13' title="bbox 149 1031 1392 1089; baseline 0.004 -13.694"><span class='ocrx_word' id='word_1_88' title='bbox 149 1043 250 1075; x_wconf 84' lang='lat' dir='ltr'><strong>cum</strong></span> <span class='ocrx_word' id='word_1_89' title='bbox 273 1031 335 1077; x_wconf 88' lang='lat' dir='ltr'><strong>sic</strong></span> <span class='ocrx_word' id='word_1_90' title='bbox 370 1033 616 1089; x_wconf 86' lang='lat' dir='ltr'><strong>contigerit,</strong></span> <span class='ocrx_word' id='word_1_91' title='bbox 653 1034 765 1077; x_wconf 85' lang='lat' dir='ltr'><strong>sicut</strong></span> <span class='ocrx_word' id='word_1_92' title='bbox 798 1033 994 1087; x_wconf 85' lang='lat' dir='ltr'><strong>humilis,</strong></span> <span class='ocrx_word' id='word_1_93' title='bbox 1042 1036 1106 1081; x_wconf 88' lang='lat' dir='ltr'><strong>sic</strong></span> <span class='ocrx_word' id='word_1_94' title='bbox 1138 1042 1304 1082; x_wconf 84' lang='lat' dir='ltr'><strong>secreta</strong></span> <span class='ocrx_word' id='word_1_95' title='bbox 1335 1038 1392 1082; x_wconf 89' lang='lat' dir='ltr'><strong>sit</strong></span> 
     </span>
    </p>
   </div>
   <div class='ocr_carea' id='block_1_9' title="bbox 72 1100 1393 1170">
    <p class='ocr_par' dir='ltr' id='par_1_10' title="bbox 72 1100 1393 1170">
     <span class='ocr_line' id='line_1_14' title="bbox 72 1100 1393 1170; baseline 0.007 -24"><span class='ocrx_word' id='word_1_96' title='bbox 72 1100 89 1154; x_wconf 55' lang='lat' dir='ltr'><strong>&#39;f</strong></span> <span class='ocrx_word' id='word_1_97' title='bbox 151 1105 237 1150; x_wconf 89' lang='lat' dir='ltr'><strong>ista</strong></span> <span class='ocrx_word' id='word_1_98' title='bbox 262 1105 481 1170; x_wconf 77' lang='lat' dir='ltr'><strong>suggestio</strong></span> <span class='ocrx_word' id='word_1_99' title='bbox 504 1111 593 1158; x_wconf 89' lang='lat' dir='ltr'><strong>tua,</strong></span> <span class='ocrx_word' id='word_1_100' title='bbox 622 1112 838 1162; x_wconf 84' lang='lat' dir='ltr'><strong>quatenus</strong></span> <span class='ocrx_word' id='word_1_101' title='bbox 862 1109 925 1153; x_wconf 90' lang='lat' dir='ltr'><strong>sic</strong></span> <span class='ocrx_word' id='word_1_102' title='bbox 949 1109 1060 1153; x_wconf 90' lang='lat' dir='ltr'><strong>male</strong></span> <span class='ocrx_word' id='word_1_103' title='bbox 1077 1110 1262 1166; x_wconf 69' lang='lat' dir='ltr'><strong>Jubenti.</strong></span> <span class='ocrx_word' id='word_1_104' title='bbox 1289 1112 1393 1155; x_wconf 86' lang='lat' dir='ltr'><strong>res-i-</strong></span> 
     </span>
    </p>
   </div>
   <div class='ocr_carea' id='block_1_10' title="bbox 0 1176 1452 1310">
    <p class='ocr_par' dir='ltr' id='par_1_11' title="bbox 0 1162 1452 1310">
     <span class='ocr_line' id='line_1_15' title="bbox 75 1176 1394 1239; baseline 0.006 -18.57"><span class='ocrx_word' id='word_1_105' title='bbox 75 1179 89 1223; x_wconf 68' lang='lat' dir='ltr'><strong>J&#39;</strong></span> <span class='ocrx_word' id='word_1_106' title='bbox 150 1182 257 1230; x_wconf 84' lang='lat' dir='ltr'><strong>stas,</strong></span> <span class='ocrx_word' id='word_1_107' title='bbox 286 1182 332 1219; x_wconf 88' lang='lat' dir='ltr'><strong>ut</strong></span> <span class='ocrx_word' id='word_1_108' title='bbox 353 1176 473 1219; x_wconf 87' lang='lat' dir='ltr'><strong>nullo</strong></span> <span class='ocrx_word' id='word_1_109' title='bbox 498 1177 627 1221; x_wconf 88' lang='lat' dir='ltr'><strong>modo</strong></span> <span class='ocrx_word' id='word_1_110' title='bbox 640 1177 782 1223; x_wconf 87' lang='lat' dir='ltr'><strong>Patris</strong></span> <span class='ocrx_word' id='word_1_111' title='bbox 807 1179 1058 1235; x_wconf 86' lang='lat' dir='ltr'><strong>pudibunda</strong></span> <span class='ocrx_word' id='word_1_112' title='bbox 1082 1182 1262 1228; x_wconf 79' lang='lat' dir='ltr'><strong>reveles.</strong></span> <span class='ocrx_word' id='word_1_113' title='bbox 1288 1182 1394 1239; x_wconf 81' lang='lat' dir='ltr'><strong>Ejus</strong></span> 
     </span>
     <span class='ocr_line' id='line_1_16' title="bbox 0 1239 1452 1310; baseline 0.007 -21"><span class='ocrx_word' id='word_1_114' title='bbox 0 1239 4 1249; x_wconf 90' lang='grc'><strong>’</strong></span> <span class='ocrx_word' id='word_1_115' title='bbox 76 1239 79 1242; x_wconf 69' lang='grc'><strong>’</strong></span> <span class='ocrx_word' id='word_1_116' title='bbox 149 1245 231 1291; x_wconf 85' lang='lat' dir='ltr'><strong>boe</strong></span> <span class='ocrx_word' id='word_1_117' title='bbox 257 1247 353 1291; x_wconf 88' lang='lat' dir='ltr'><strong>loco</strong></span> <span class='ocrx_word' id='word_1_118' title='bbox 377 1247 822 1305; x_wconf 71' lang='lat' dir='ltr'><strong>pudibunda,injusta</strong></span> <span class='ocrx_word' id='word_1_119' title='bbox 845 1251 960 1296; x_wconf 88' lang='lat' dir='ltr'><strong>illius</strong></span> <span class='ocrx_word' id='word_1_120' title='bbox 984 1253 1152 1308; x_wconf 86' lang='lat' dir='ltr'><strong>appello</strong></span> <span class='ocrx_word' id='word_1_121' title='bbox 1163 1263 1390 1310; x_wconf 61' lang='lat' dir='ltr'><strong>praecepta,</strong></span> <span class='ocrx_word' id='word_1_122' title='bbox 1417 1244 1452 1287; x_wconf 84' lang='grc' dir='ltr'><strong><em>Β</em></strong></span> 
     </span>
    </p>
   </div>
   <div class='ocr_carea' id='block_1_11' title="bbox 148 1318 1390 1378">
    <p class='ocr_par' dir='ltr' id='par_1_12' title="bbox 148 1318 1390 1378">
     <span class='ocr_line' id='line_1_17' title="bbox 148 1318 1390 1378; baseline 0.006 -17"><span class='ocrx_word' id='word_1_123' title='bbox 148 1330 245 1375; x_wconf 82' lang='lat' dir='ltr'><strong>quae</strong></span> <span class='ocrx_word' id='word_1_124' title='bbox 270 1318 342 1362; x_wconf 88' lang='lat' dir='ltr'><strong>hic</strong></span> <span class='ocrx_word' id='word_1_125' title='bbox 366 1331 545 1363; x_wconf 86' lang='lat' dir='ltr'><strong>necesse</strong></span> <span class='ocrx_word' id='word_1_126' title='bbox 569 1327 634 1365; x_wconf 88' lang='lat' dir='ltr'><strong>est</strong></span> <span class='ocrx_word' id='word_1_127' title='bbox 657 1321 811 1365; x_wconf 86' lang='lat' dir='ltr'><strong>humili</strong></span> <span class='ocrx_word' id='word_1_128' title='bbox 835 1322 1050 1378; x_wconf 85' lang='lat' dir='ltr'><strong>quodam,</strong></span> <span class='ocrx_word' id='word_1_129' title='bbox 1068 1330 1117 1370; x_wconf 85' lang='lat' dir='ltr'><strong>ut</strong></span> <span class='ocrx_word' id='word_1_130' title='bbox 1140 1325 1207 1370; x_wconf 87' lang='lat' dir='ltr'><strong>sic</strong></span> <span class='ocrx_word' id='word_1_131' title='bbox 1231 1326 1390 1378; x_wconf 86' lang='lat' dir='ltr'><strong>dicam,</strong></span> 
     </span>
    </p>
   </div>
   <div class='ocr_carea' id='block_1_12' title="bbox 0 1384 1392 1752">
    <p class='ocr_par' dir='ltr' id='par_1_13' title="bbox 0 1384 1392 1752">
     <span class='ocr_line' id='line_1_18' title="bbox 0 1384 1388 1458; baseline 0.006 -22"><span class='ocrx_word' id='word_1_132' title='bbox 0 1388 38 1436; x_wconf 69' lang='grc' dir='ltr'><strong>’ξ’</strong></span> <span class='ocrx_word' id='word_1_133' title='bbox 59 1384 93 1458; x_wconf 57' lang='grc' dir='ltr'><em>ξ</em></span> <span class='ocrx_word' id='word_1_134' title='bbox 147 1398 393 1449; x_wconf 82' lang='lat' dir='ltr'><strong>contemptu</strong></span> <span class='ocrx_word' id='word_1_135' title='bbox 434 1393 773 1439; x_wconf 87' lang='lat' dir='ltr'><strong>contradicendo</strong></span> <span class='ocrx_word' id='word_1_136' title='bbox 804 1409 1012 1453; x_wconf 84' lang='lat' dir='ltr'><strong>respuas;</strong></span> <span class='ocrx_word' id='word_1_137' title='bbox 1052 1405 1100 1442; x_wconf 86' lang='lat' dir='ltr'><strong>ut</strong></span> <span class='ocrx_word' id='word_1_138' title='bbox 1138 1399 1176 1444; x_wconf 88' lang='lat' dir='ltr'><strong>si</strong></span> <span class='ocrx_word' id='word_1_139' title='bbox 1210 1400 1388 1456; x_wconf 87' lang='lat' dir='ltr'><strong>aliquid,</strong></span> 
     </span>
     <span class='ocr_line' id='line_1_19' title="bbox 0 1464 1388 1527; baseline 0.006 -18"><span class='ocrx_word' id='word_1_140' title='bbox 0 1510 7 1527; x_wconf 42' lang='grc' dir='ltr'><strong><em>Β</em></strong></span> <span class='ocrx_word' id='word_1_141' title='bbox 140 1464 261 1522; x_wconf 79' lang='lat' dir='ltr'><strong>quod</strong></span> <span class='ocrx_word' id='word_1_142' title='bbox 287 1464 374 1510; x_wconf 87' lang='lat' dir='ltr'><strong>Deo</strong></span> <span class='ocrx_word' id='word_1_143' title='bbox 398 1467 663 1510; x_wconf 86' lang='lat' dir='ltr'><strong>contrarium</strong></span> <span class='ocrx_word' id='word_1_144' title='bbox 710 1473 752 1512; x_wconf 88' lang='lat' dir='ltr'><strong>et</strong></span> <span class='ocrx_word' id='word_1_145' title='bbox 775 1481 803 1512; x_wconf 85' lang='lat' dir='ltr'><strong>a</strong></span> <span class='ocrx_word' id='word_1_146' title='bbox 826 1469 967 1514; x_wconf 81' lang='lat' dir='ltr'><strong>salute</strong></span> <span class='ocrx_word' id='word_1_147' title='bbox 999 1471 1186 1516; x_wconf 86' lang='lat' dir='ltr'><strong>alienum</strong></span> <span class='ocrx_word' id='word_1_148' title='bbox 1209 1480 1275 1517; x_wconf 87' lang='lat' dir='ltr'><strong>est</strong></span> <span class='ocrx_word' id='word_1_149' title='bbox 1297 1479 1388 1525; x_wconf 86' lang='lat' dir='ltr'><strong>tua,</strong></span> 
     </span>
     <span class='ocr_line' id='line_1_20' title="bbox 143 1531 1392 1598; baseline 0.006 -17.178"><span class='ocrx_word' id='word_1_150' title='bbox 143 1537 335 1593; x_wconf 84' lang='lat' dir='ltr'><strong>jubendo</strong></span> <span class='ocrx_word' id='word_1_151' title='bbox 372 1537 594 1594; x_wconf 80' lang='lat' dir='ltr'>imponere</span> <span class='ocrx_word' id='word_1_152' title='bbox 625 1541 824 1592; x_wconf 76' lang='lat' dir='ltr'><strong>voluerit,</strong></span> <span class='ocrx_word' id='word_1_153' title='bbox 860 1542 966 1585; x_wconf 89' lang='lat' dir='ltr'><strong>nulli</strong></span> <span class='ocrx_word' id='word_1_154' title='bbox 990 1544 1162 1598; x_wconf 87' lang='lat' dir='ltr'><strong>penitus</strong></span> <span class='ocrx_word' id='word_1_155' title='bbox 1186 1531 1392 1590; x_wconf 84' lang='lat' dir='ltr'><strong>manifes-</strong></span> 
     </span>
     <span class='ocr_line' id='line_1_21' title="bbox 23 1610 1387 1678; baseline 0.006 -26"><span class='ocrx_word' id='word_1_156' title='bbox 23 1666 31 1678; x_wconf 49' lang='lat'><strong>·</strong></span> <span class='ocrx_word' id='word_1_157' title='bbox 146 1617 230 1654; x_wconf 80' lang='lat' dir='ltr'><strong>tes.</strong></span> <span class='ocrx_word' id='word_1_158' title='bbox 245 1610 292 1654; x_wconf 77' lang='lat' dir='ltr'><strong>Si</strong></span> <span class='ocrx_word' id='word_1_159' title='bbox 310 1616 349 1654; x_wconf 75' lang='lat' dir='ltr'><strong>le</strong></span> <span class='ocrx_word' id='word_1_160' title='bbox 371 1610 567 1663; x_wconf 76' lang='lat' dir='ltr'><strong>audierit,</strong></span> <span class='ocrx_word' id='word_1_161' title='bbox 585 1612 770 1657; x_wconf 80' lang='lat' dir='ltr'><strong>lucratus</strong></span> <span class='ocrx_word' id='word_1_162' title='bbox 788 1616 870 1657; x_wconf 78' lang='lat' dir='ltr'><strong>eris</strong></span> <span class='ocrx_word' id='word_1_163' title='bbox 893 1613 1065 1660; x_wconf 84' lang='lat' dir='ltr'><strong>Patrem</strong></span> <span class='ocrx_word' id='word_1_164' title='bbox 1089 1616 1387 1675; x_wconf 63' lang='grc' dir='ltr'>ιιιιωημίαιιὴ.</span> 
     </span>
     <span class='ocr_line' id='line_1_22' title="bbox 22 1677 1389 1752; baseline 0.008 -28"><span class='ocrx_word' id='word_1_165' title='bbox 22 1741 30 1752; x_wconf 87' lang='lat'><strong>.</strong></span> <span class='ocrx_word' id='word_1_166' title='bbox 67 1681 74 1741; x_wconf 54' lang='grc' dir='ltr'><em>ἦ</em></span> <span class='ocrx_word' id='word_1_167' title='bbox 147 1693 270 1735; x_wconf 79' lang='lat' dir='ltr'><strong>xviu,</strong></span> <span class='ocrx_word' id='word_1_168' title='bbox 293 1682 381 1740; x_wconf 76' lang='lat'><strong>¹5),</strong></span> <span class='ocrx_word' id='word_1_169' title='bbox 406 1683 547 1739; x_wconf 89' lang='lat' dir='ltr'><strong>ipsum</strong></span> <span class='ocrx_word' id='word_1_170' title='bbox 573 1677 748 1741; x_wconf 74' lang='lat' dir='ltr'><strong>quidem</strong></span> <span class='ocrx_word' id='word_1_171' title='bbox 773 1689 1117 1741; x_wconf 85' lang='lat' dir='ltr'><strong>emendans,sed</strong></span> <span class='ocrx_word' id='word_1_172' title='bbox 1139 1690 1279 1747; x_wconf 84' lang='lat' dir='ltr'><strong>ipsum</strong></span> <span class='ocrx_word' id='word_1_173' title='bbox 1303 1704 1389 1736; x_wconf 91' lang='lat' dir='ltr'><strong>non</strong></span> 
     </span>
    </p>
   </div>
   <div class='ocr_carea' id='block_1_13' title="bbox 145 1755 1390 1892">
    <p class='ocr_par' dir='ltr' id='par_1_14' title="bbox 145 1755 1390 1892">
     <span class='ocr_line' id='line_1_23' title="bbox 145 1755 1389 1814; baseline 0.007 -15"><span class='ocrx_word' id='word_1_174' title='bbox 145 1755 484 1812; x_wconf 80' lang='lat' dir='ltr'><strong>discooperiens.</strong></span> <span class='ocrx_word' id='word_1_175' title='bbox 508 1756 569 1801; x_wconf 87' lang='lat' dir='ltr'><strong>ibi</strong></span> <span class='ocrx_word' id='word_1_176' title='bbox 593 1759 686 1814; x_wconf 87' lang='lat' dir='ltr'><strong>ejus</strong></span> <span class='ocrx_word' id='word_1_177' title='bbox 710 1762 945 1807; x_wconf 88' lang='lat' dir='ltr'><strong>consulens</strong></span> <span class='ocrx_word' id='word_1_178' title='bbox 968 1763 1122 1807; x_wconf 86' lang='lat' dir='ltr'><strong>saluti:</strong></span> <span class='ocrx_word' id='word_1_179' title='bbox 1148 1763 1221 1807; x_wconf 85' lang='lat' dir='ltr'><strong>bic</strong></span> <span class='ocrx_word' id='word_1_180' title='bbox 1245 1770 1389 1808; x_wconf 83' lang='lat' dir='ltr'><strong>antem</strong></span> 
     </span>
     <span class='ocr_line' id='line_1_24' title="bbox 145 1827 1390 1892; baseline 0.007 -21"><span class='ocrx_word' id='word_1_181' title='bbox 145 1827 345 1874; x_wconf 78' lang='lat' dir='ltr'><strong>deferens</strong></span> <span class='ocrx_word' id='word_1_182' title='bbox 389 1832 652 1876; x_wconf 70' lang='lat' dir='ltr'><strong>auctoritati.</strong></span> <span class='ocrx_word' id='word_1_183' title='bbox 701 1831 763 1876; x_wconf 87' lang='lat' dir='ltr'><strong>lbi</strong></span> <span class='ocrx_word' id='word_1_184' title='bbox 788 1845 928 1888; x_wconf 87' lang='lat' dir='ltr'><strong>suam,</strong></span> <span class='ocrx_word' id='word_1_185' title='bbox 952 1847 1082 1890; x_wconf 88' lang='lat' dir='ltr'><strong>quam</strong></span> <span class='ocrx_word' id='word_1_186' title='bbox 1118 1848 1219 1892; x_wconf 77' lang='lat' dir='ltr'><strong>erga</strong></span> <span class='ocrx_word' id='word_1_187' title='bbox 1259 1836 1390 1881; x_wconf 85' lang='lat' dir='ltr'><strong>Deum</strong></span> 
     </span>
    </p>
   </div>
   <div class='ocr_carea' id='block_1_14' title="bbox 17 1900 1388 1975">
    <p class='ocr_par' dir='ltr' id='par_1_15' title="bbox 17 1900 1388 1975">
     <span class='ocr_line' id='line_1_25' title="bbox 17 1900 1388 1975; baseline 0.007 -32"><span class='ocrx_word' id='word_1_188' title='bbox 17 1962 26 1975; x_wconf 83' lang='lat'><strong>.</strong></span> <span class='ocrx_word' id='word_1_189' title='bbox 70 1918 74 1923; x_wconf 82' lang='lat'><em>-</em></span> <span class='ocrx_word' id='word_1_190' title='bbox 145 1900 271 1946; x_wconf 86' lang='lat' dir='ltr'><strong>debet</strong></span> <span class='ocrx_word' id='word_1_191' title='bbox 294 1903 452 1948; x_wconf 87' lang='lat' dir='ltr'><strong>babere</strong></span> <span class='ocrx_word' id='word_1_192' title='bbox 481 1905 692 1962; x_wconf 80' lang='lat' dir='ltr'><strong>integram</strong></span> <span class='ocrx_word' id='word_1_193' title='bbox 737 1906 777 1950; x_wconf 88' lang='lat' dir='ltr'><strong>ei</strong></span> <span class='ocrx_word' id='word_1_194' title='bbox 798 1919 1063 1953; x_wconf 84' lang='lat' dir='ltr'><strong>conservans</strong></span> <span class='ocrx_word' id='word_1_195' title='bbox 1089 1909 1388 1964; x_wconf 82' lang='lat' dir='ltr'><strong>sanctitatem3</strong></span> 
     </span>
    </p>
   </div>
   <div class='ocr_carea' id='block_1_15' title="bbox 142 1974 1391 3350">
    <p class='ocr_par' dir='ltr' id='par_1_16' title="bbox 142 1974 1391 2971">
     <span class='ocr_line' id='line_1_26' title="bbox 145 1974 1391 2034; baseline 0.007 -16"><span class='ocrx_word' id='word_1_196' title='bbox 145 1974 214 2019; x_wconf 84' lang='lat' dir='ltr'><strong>bic</strong></span> <span class='ocrx_word' id='word_1_197' title='bbox 235 1989 338 2020; x_wconf 83' lang='lat' dir='ltr'><strong>vero</strong></span> <span class='ocrx_word' id='word_1_198' title='bbox 357 1977 530 2031; x_wconf 85' lang='lat' dir='ltr'><strong>bonam,</strong></span> <span class='ocrx_word' id='word_1_199' title='bbox 558 1991 689 2034; x_wconf 84' lang='lat' dir='ltr'><strong>quam</strong></span> <span class='ocrx_word' id='word_1_200' title='bbox 724 1979 778 2023; x_wconf 91' lang='lat' dir='ltr'><strong>de</strong></span> <span class='ocrx_word' id='word_1_201' title='bbox 802 1980 876 2024; x_wconf 91' lang='lat' dir='ltr'><strong>illo</strong></span> <span class='ocrx_word' id='word_1_202' title='bbox 901 1981 1063 2025; x_wconf 82' lang='lat' dir='ltr'><strong>liabent</strong></span> <span class='ocrx_word' id='word_1_203' title='bbox 1087 1982 1176 2033; x_wconf 90' lang='lat' dir='ltr'><strong>alii,</strong></span> <span class='ocrx_word' id='word_1_204' title='bbox 1209 1982 1391 2027; x_wconf 89' lang='lat' dir='ltr'><strong>inteme-</strong></span> 
     </span>
     <span class='ocr_line' id='line_1_27' title="bbox 143 2050 1391 2111; baseline 0.008 -21"><span class='ocrx_word' id='word_1_205' title='bbox 143 2055 284 2103; x_wconf 82' lang='lat' dir='ltr'><strong>ratam</strong></span> <span class='ocrx_word' id='word_1_206' title='bbox 304 2050 557 2095; x_wconf 88' lang='lat' dir='ltr'><strong>custodiens</strong></span> <span class='ocrx_word' id='word_1_207' title='bbox 596 2051 864 2107; x_wconf 80' lang='lat' dir='ltr'><strong>opinionem.</strong></span> <span class='ocrx_word' id='word_1_208' title='bbox 902 2053 963 2097; x_wconf 88' lang='lat' dir='ltr'><strong>lbi</strong></span> <span class='ocrx_word' id='word_1_209' title='bbox 989 2054 1174 2111; x_wconf 83' lang='lat' dir='ltr'><strong>denique</strong></span> <span class='ocrx_word' id='word_1_210' title='bbox 1213 2068 1310 2099; x_wconf 86' lang='lat' dir='ltr'><strong>eum</strong></span> <span class='ocrx_word' id='word_1_211' title='bbox 1337 2056 1391 2100; x_wconf 85' lang='lat' dir='ltr'><strong>ab</strong></span> 
     </span>
     <span class='ocr_line' id='line_1_28' title="bbox 144 2121 1386 2178; baseline 0.003 -10"><span class='ocrx_word' id='word_1_212' title='bbox 144 2121 701 2178; x_wconf 80' lang='lat' dir='ltr'><strong>injustitia.retrahens;hic</strong></span> <span class='ocrx_word' id='word_1_213' title='bbox 723 2131 841 2171; x_wconf 88' lang='lat' dir='ltr'><strong>certe</strong></span> <span class='ocrx_word' id='word_1_214' title='bbox 863 2126 917 2171; x_wconf 87' lang='lat' dir='ltr'><strong>ab</strong></span> <span class='ocrx_word' id='word_1_215' title='bbox 941 2125 1122 2170; x_wconf 79' lang='lat' dir='ltr'><strong>infamia</strong></span> <span class='ocrx_word' id='word_1_216' title='bbox 1135 2127 1386 2173; x_wconf 78' lang='lat' dir='ltr'><strong>defendens.</strong></span> 
     </span>
     <span class='ocr_line' id='line_1_29' title="bbox 145 2192 1385 2256; baseline 0.006 -20"><span class='ocrx_word' id='word_1_217' title='bbox 145 2192 192 2236; x_wconf 80' lang='lat' dir='ltr'><strong>Si</strong></span> <span class='ocrx_word' id='word_1_218' title='bbox 237 2200 381 2239; x_wconf 87' lang='lat' dir='ltr'><strong>autem</strong></span> <span class='ocrx_word' id='word_1_219' title='bbox 428 2196 524 2249; x_wconf 89' lang='lat' dir='ltr'><strong>tibi,</strong></span> <span class='ocrx_word' id='word_1_220' title='bbox 558 2197 672 2253; x_wconf 89' lang='lat' dir='ltr'><strong>quod</strong></span> <span class='ocrx_word' id='word_1_221' title='bbox 705 2198 836 2250; x_wconf 83' lang='lat' dir='ltr'><strong>absit,</strong></span> <span class='ocrx_word' id='word_1_222' title='bbox 862 2200 1141 2256; x_wconf 79' lang='lat' dir='ltr'><strong>acquiescere</strong></span> <span class='ocrx_word' id='word_1_223' title='bbox 1180 2201 1385 2254; x_wconf 88' lang='lat' dir='ltr'><strong>noluerit,</strong></span> 
     </span>
     <span class='ocr_line' id='line_1_30' title="bbox 144 2268 1386 2329; baseline 0.005 -19"><span class='ocrx_word' id='word_1_224' title='bbox 144 2273 241 2324; x_wconf 86' lang='lat' dir='ltr'><strong>post</strong></span> <span class='ocrx_word' id='word_1_225' title='bbox 258 2268 392 2313; x_wconf 83' lang='lat' dir='ltr'><strong>multa</strong></span> <span class='ocrx_word' id='word_1_226' title='bbox 419 2268 612 2324; x_wconf 81' lang='lat' dir='ltr'><strong>impensa</strong></span> <span class='ocrx_word' id='word_1_227' title='bbox 635 2271 791 2315; x_wconf 87' lang='lat' dir='ltr'><strong>salutis</strong></span> <span class='ocrx_word' id='word_1_228' title='bbox 812 2271 1210 2329; x_wconf 86' lang='lat' dir='ltr'><strong>hortamenta,post</strong></span> <span class='ocrx_word' id='word_1_229' title='bbox 1235 2274 1386 2318; x_wconf 86' lang='lat' dir='ltr'><strong>crebra</strong></span> 
     </span>
     <span class='ocr_line' id='line_1_31' title="bbox 145 2342 1390 2404; baseline 0.006 -21"><span class='ocrx_word' id='word_1_230' title='bbox 145 2347 321 2387; x_wconf 85' lang='lat' dir='ltr'><strong>ostensa</strong></span> <span class='ocrx_word' id='word_1_231' title='bbox 346 2342 527 2404; x_wconf 84' lang='lat' dir='ltr'><strong>rationis</strong></span> <span class='ocrx_word' id='word_1_232' title='bbox 566 2349 835 2400; x_wconf 79' lang='lat' dir='ltr'><strong>argumenta,</strong></span> <span class='ocrx_word' id='word_1_233' title='bbox 861 2345 1101 2393; x_wconf 84' lang='lat' dir='ltr'><strong>humilitate</strong></span> <span class='ocrx_word' id='word_1_234' title='bbox 1126 2346 1312 2403; x_wconf 86' lang='lat' dir='ltr'><strong>quadam</strong></span> <span class='ocrx_word' id='word_1_235' title='bbox 1337 2348 1390 2391; x_wconf 92' lang='lat' dir='ltr'><strong>li-</strong></span> 
     </span>
     <span class='ocr_line' id='line_1_32' title="bbox 145 2411 1387 2465; baseline 0.006 -8"><span class='ocrx_word' id='word_1_236' title='bbox 145 2411 252 2462; x_wconf 74' lang='lat' dir='ltr'><strong>bera</strong></span> <span class='ocrx_word' id='word_1_237' title='bbox 278 2420 320 2459; x_wconf 85' lang='lat' dir='ltr'><strong>ct</strong></span> <span class='ocrx_word' id='word_1_238' title='bbox 339 2414 537 2460; x_wconf 84' lang='lat' dir='ltr'><strong>libertate</strong></span> <span class='ocrx_word' id='word_1_239' title='bbox 563 2416 714 2459; x_wconf 86' lang='lat' dir='ltr'><strong>humili</strong></span> <span class='ocrx_word' id='word_1_240' title='bbox 733 2416 803 2459; x_wconf 87' lang='lat' dir='ltr'><strong>illa</strong></span> <span class='ocrx_word' id='word_1_241' title='bbox 817 2417 892 2461; x_wconf 88' lang='lat' dir='ltr'><strong>tibi</strong></span> <span class='ocrx_word' id='word_1_242' title='bbox 915 2416 1030 2462; x_wconf 84' lang='lat' dir='ltr'><strong>Petri</strong></span> <span class='ocrx_word' id='word_1_243' title='bbox 1045 2424 1111 2463; x_wconf 84' lang='lat' dir='ltr'><strong>est</strong></span> <span class='ocrx_word' id='word_1_244' title='bbox 1128 2420 1387 2465; x_wconf 83' lang='lat' dir='ltr'><strong>assumenda</strong></span> 
     </span>
     <span class='ocr_line' id='line_1_33' title="bbox 144 2486 1385 2546; baseline 0.007 -19"><span class='ocrx_word' id='word_1_245' title='bbox 144 2487 396 2538; x_wconf 73' lang='lat' dir='ltr'><strong>auctoritas,</strong></span> <span class='ocrx_word' id='word_1_246' title='bbox 425 2499 509 2542; x_wconf 85' lang='lat' dir='ltr'><strong>qua</strong></span> <span class='ocrx_word' id='word_1_247' title='bbox 536 2486 696 2531; x_wconf 66' lang='lat' dir='ltr'><strong>¹ludaeis</strong></span> <span class='ocrx_word' id='word_1_248' title='bbox 730 2487 817 2532; x_wconf 89' lang='lat' dir='ltr'><strong>Deo</strong></span> <span class='ocrx_word' id='word_1_249' title='bbox 850 2490 1069 2533; x_wconf 84' lang='lat' dir='ltr'><strong>contraria</strong></span> <span class='ocrx_word' id='word_1_250' title='bbox 1113 2490 1385 2546; x_wconf 85' lang='lat' dir='ltr'><strong>jubentibus,</strong></span> 
     </span>
     <span class='ocr_line' id='line_1_34' title="bbox 146 2557 1388 2619; baseline 0.006 -20"><span class='ocrx_word' id='word_1_251' title='bbox 146 2557 282 2602; x_wconf 87' lang='lat' dir='ltr'><strong>libera</strong></span> <span class='ocrx_word' id='word_1_252' title='bbox 317 2571 439 2611; x_wconf 82' lang='lat' dir='ltr'><strong>voce,</strong></span> <span class='ocrx_word' id='word_1_253' title='bbox 470 2559 551 2603; x_wconf 87' lang='lat' dir='ltr'><strong>hoc</strong></span> <span class='ocrx_word' id='word_1_254' title='bbox 576 2560 705 2604; x_wconf 87' lang='lat' dir='ltr'><strong>modo</strong></span> <span class='ocrx_word' id='word_1_255' title='bbox 738 2561 991 2617; x_wconf 76' lang='lat' dir='ltr'><strong>respondit:</strong></span> <span class='ocrx_word' id='word_1_256' title='bbox 1032 2561 1210 2607; x_wconf 79' lang='lat' dir='ltr'><strong>obedire</strong></span> <span class='ocrx_word' id='word_1_257' title='bbox 1231 2572 1388 2619; x_wconf 76' lang='lat' dir='ltr'><strong>oportet</strong></span> 
     </span>
     <span class='ocr_line' id='line_1_35' title="bbox 144 2631 1388 2693; baseline 0.007 -20"><span class='ocrx_word' id='word_1_258' title='bbox 144 2633 278 2688; x_wconf 72' lang='lat' dir='ltr'><strong>niayis</strong></span> <span class='ocrx_word' id='word_1_259' title='bbox 318 2631 399 2676; x_wconf 83' lang='lat' dir='ltr'><strong>Deo</strong></span> <span class='ocrx_word' id='word_1_260' title='bbox 440 2636 565 2690; x_wconf 71' lang='lat' dir='ltr'><strong>quam</strong></span> <span class='ocrx_word' id='word_1_261' title='bbox 589 2634 822 2680; x_wconf 78' lang='lat' dir='ltr'><strong>hominibus</strong></span> <span class='ocrx_word' id='word_1_262' title='bbox 855 2634 966 2691; x_wconf 78' lang='lat' dir='ltr'><strong>(Act.</strong></span> <span class='ocrx_word' id='word_1_263' title='bbox 986 2649 1029 2686; x_wconf 84' lang='lat' dir='ltr'><strong>v,</strong></span> <span class='ocrx_word' id='word_1_264' title='bbox 1055 2635 1143 2693; x_wconf 71' lang='lat'><strong>29).</strong></span> <span class='ocrx_word' id='word_1_265' title='bbox 1165 2635 1287 2682; x_wconf 85' lang='lat' dir='ltr'><strong>Tunc</strong></span> <span class='ocrx_word' id='word_1_266' title='bbox 1321 2650 1388 2682; x_wconf 85' lang='lat' dir='ltr'><strong>re·-</strong></span> 
     </span>
     <span class='ocr_line' id='line_1_36' title="bbox 143 2707 1385 2764; baseline 0.003 -16"><span class='ocrx_word' id='word_1_267' title='bbox 143 2717 381 2762; x_wconf 84' lang='lat' dir='ltr'><strong>cognosce,</strong></span> <span class='ocrx_word' id='word_1_268' title='bbox 403 2708 517 2764; x_wconf 86' lang='lat' dir='ltr'><strong>quod</strong></span> <span class='ocrx_word' id='word_1_269' title='bbox 542 2707 832 2758; x_wconf 82' lang='lat' dir='ltr'><strong>obedientiam</strong></span> <span class='ocrx_word' id='word_1_270' title='bbox 859 2708 900 2752; x_wconf 91' lang='lat' dir='ltr'><strong>ei</strong></span> <span class='ocrx_word' id='word_1_271' title='bbox 927 2708 1165 2764; x_wconf 84' lang='lat' dir='ltr'><strong>promisisti</strong></span> <span class='ocrx_word' id='word_1_272' title='bbox 1190 2709 1385 2764; x_wconf 67' lang='lat' dir='ltr'><strong>quiderm</strong></span> 
     </span>
     <span class='ocr_line' id='line_1_37' title="bbox 144 2778 1387 2837; baseline 0.002 -15"><span class='ocrx_word' id='word_1_273' title='bbox 144 2778 221 2822; x_wconf 80' lang='lat' dir='ltr'><strong>sed</strong></span> <span class='ocrx_word' id='word_1_274' title='bbox 244 2778 286 2821; x_wconf 91' lang='lat' dir='ltr'><strong>in</strong></span> <span class='ocrx_word' id='word_1_275' title='bbox 306 2779 506 2833; x_wconf 77' lang='lat' dir='ltr'><strong>Glirist03</strong></span> <span class='ocrx_word' id='word_1_276' title='bbox 543 2784 591 2822; x_wconf 88' lang='lat' dir='ltr'><strong>ut</strong></span> <span class='ocrx_word' id='word_1_277' title='bbox 627 2779 730 2823; x_wconf 90' lang='lat' dir='ltr'><strong>dum</strong></span> <span class='ocrx_word' id='word_1_278' title='bbox 756 2779 834 2824; x_wconf 84' lang='lat' dir='ltr'><strong>tibi</strong></span> <span class='ocrx_word' id='word_1_279' title='bbox 870 2780 973 2823; x_wconf 84' lang='lat' dir='ltr'><strong>talia</strong></span> <span class='ocrx_word' id='word_1_280' title='bbox 994 2780 1135 2836; x_wconf 84' lang='lat' dir='ltr'><strong>jubet,</strong></span> <span class='ocrx_word' id='word_1_281' title='bbox 1174 2794 1268 2837; x_wconf 85' lang='lat' dir='ltr'><strong>quae</strong></span> <span class='ocrx_word' id='word_1_282' title='bbox 1300 2781 1387 2826; x_wconf 84' lang='lat' dir='ltr'><strong>Deo</strong></span> 
     </span>
     <span class='ocr_line' id='line_1_38' title="bbox 142 2852 1386 2909; baseline 0.004 -15"><span class='ocrx_word' id='word_1_283' title='bbox 142 2862 230 2894; x_wconf 90' lang='lat' dir='ltr'><strong>non</strong></span> <span class='ocrx_word' id='word_1_284' title='bbox 248 2852 422 2908; x_wconf 84' lang='lat' dir='ltr'><strong>ignoras</strong></span> <span class='ocrx_word' id='word_1_285' title='bbox 435 2852 680 2909; x_wconf 76' lang='lat' dir='ltr'><strong>displicere,</strong></span> <span class='ocrx_word' id='word_1_286' title='bbox 695 2854 809 2898; x_wconf 82' lang='lat' dir='ltr'><strong>scias</strong></span> <span class='ocrx_word' id='word_1_287' title='bbox 835 2858 877 2898; x_wconf 83' lang='lat' dir='ltr'><strong>te</strong></span> <span class='ocrx_word' id='word_1_288' title='bbox 893 2852 933 2898; x_wconf 89' lang='lat' dir='ltr'><strong>ei</strong></span> <span class='ocrx_word' id='word_1_289' title='bbox 957 2854 1002 2896; x_wconf 91' lang='lat' dir='ltr'><strong>in</strong></span> <span class='ocrx_word' id='word_1_290' title='bbox 1025 2853 1110 2898; x_wconf 88' lang='lat' dir='ltr'><strong>illis</strong></span> <span class='ocrx_word' id='word_1_291' title='bbox 1131 2855 1386 2899; x_wconf 86' lang='lat' dir='ltr'><strong>nullomodo</strong></span> 
     </span>
     <span class='ocr_line' id='line_1_39' title="bbox 142 2922 820 2971; baseline 0.01 -5"><span class='ocrx_word' id='word_1_292' title='bbox 142 2922 299 2970; x_wconf 85' lang='lat' dir='ltr'><strong>debere</strong></span> <span class='ocrx_word' id='word_1_293' title='bbox 315 2924 506 2971; x_wconf 85' lang='lat' dir='ltr'><strong>obedire.</strong></span> <span class='ocrx_word' id='word_1_294' title='bbox 788 2940 797 2946; x_wconf 85' lang='lat'><em>·</em></span> <span class='ocrx_word' id='word_1_295' title='bbox 817 2962 820 2965; x_wconf 37' lang='lat'><strong>.</strong></span> 
     </span>
    </p>

    <p class='ocr_par' dir='ltr' id='par_1_17' title="bbox 142 2995 1386 3350">
     <span class='ocr_line' id='line_1_40' title="bbox 199 2995 1386 3059; baseline 0.006 -20"><span class='ocrx_word' id='word_1_296' title='bbox 199 2995 309 3041; x_wconf 80' lang='lat' dir='ltr'><strong>XVI.</strong></span> <span class='ocrx_word' id='word_1_297' title='bbox 338 2995 502 3042; x_wconf 80' lang='lat' dir='ltr'><strong>Dehinc</strong></span> <span class='ocrx_word' id='word_1_298' title='bbox 525 3011 613 3044; x_wconf 84' lang='lat' dir='ltr'><strong>non</strong></span> <span class='ocrx_word' id='word_1_299' title='bbox 637 2998 796 3046; x_wconf 88' lang='lat' dir='ltr'><strong>minori</strong></span> <span class='ocrx_word' id='word_1_300' title='bbox 828 3008 986 3047; x_wconf 84' lang='lat' dir='ltr'><strong>conatu</strong></span> <span class='ocrx_word' id='word_1_301' title='bbox 1010 3002 1160 3055; x_wconf 83' lang='lat' dir='ltr'><strong>stude,</strong></span> <span class='ocrx_word' id='word_1_302' title='bbox 1194 3008 1243 3047; x_wconf 90' lang='lat' dir='ltr'><strong>ut</strong></span> <span class='ocrx_word' id='word_1_303' title='bbox 1270 3001 1386 3059; x_wconf 85' lang='lat' dir='ltr'><strong>quod</strong></span> 
     </span>
     <span class='ocr_line' id='line_1_41' title="bbox 144 3071 1386 3131; baseline 0.006 -17"><span class='ocrx_word' id='word_1_304' title='bbox 144 3082 221 3130; x_wconf 79' lang='lat' dir='ltr'><strong>per</strong></span> <span class='ocrx_word' id='word_1_305' title='bbox 246 3071 452 3116; x_wconf 87' lang='lat' dir='ltr'><strong>virtutem</strong></span> <span class='ocrx_word' id='word_1_306' title='bbox 475 3072 731 3118; x_wconf 75' lang='lat' dir='ltr'><strong>obedientiae</strong></span> <span class='ocrx_word' id='word_1_307' title='bbox 756 3075 946 3131; x_wconf 76' lang='lat' dir='ltr'><strong>proficis,</strong></span> <span class='ocrx_word' id='word_1_308' title='bbox 973 3077 1027 3121; x_wconf 86' lang='lat' dir='ltr'><strong>ad</strong></span> <span class='ocrx_word' id='word_1_309' title='bbox 1049 3077 1188 3121; x_wconf 87' lang='lat' dir='ltr'><strong>solum</strong></span> <span class='ocrx_word' id='word_1_310' title='bbox 1214 3082 1386 3122; x_wconf 71' lang='lat' dir='ltr'><strong>aeternae</strong></span> 
     </span>
     <span class='ocr_line' id='line_1_42' title="bbox 142 3144 1383 3204; baseline 0.005 -18"><span class='ocrx_word' id='word_1_311' title='bbox 142 3144 353 3188; x_wconf 87' lang='lat' dir='ltr'><strong>mercedis</strong></span> <span class='ocrx_word' id='word_1_312' title='bbox 377 3145 610 3201; x_wconf 89' lang='lat' dir='ltr'><strong>appetitum</strong></span> <span class='ocrx_word' id='word_1_313' title='bbox 635 3146 797 3192; x_wconf 80' lang='lat' dir='ltr'><strong>referre</strong></span> <span class='ocrx_word' id='word_1_314' title='bbox 814 3149 1030 3194; x_wconf 78' lang='lat' dir='ltr'><strong>intendas.</strong></span> <span class='ocrx_word' id='word_1_315' title='bbox 1045 3148 1242 3200; x_wconf 82' lang='lat' dir='ltr'><strong>Omnem,</strong></span> <span class='ocrx_word' id='word_1_316' title='bbox 1257 3162 1383 3204; x_wconf 84' lang='lat' dir='ltr'><strong>quem</strong></span> 
     </span>
     <span class='ocr_line' id='line_1_43' title="bbox 144 3216 1382 3277; baseline 0.006 -18"><span class='ocrx_word' id='word_1_317' title='bbox 144 3216 225 3261; x_wconf 86' lang='lat' dir='ltr'><strong>boc</strong></span> <span class='ocrx_word' id='word_1_318' title='bbox 242 3217 460 3274; x_wconf 86' lang='lat' dir='ltr'><strong>tripartito</strong></span> <span class='ocrx_word' id='word_1_319' title='bbox 473 3250 487 3274; x_wconf 79' lang='lat'><strong>,</strong></span> <span class='ocrx_word' id='word_1_320' title='bbox 507 3232 634 3275; x_wconf 87' lang='lat' dir='ltr'><strong>quem</strong></span> <span class='ocrx_word' id='word_1_321' title='bbox 651 3233 768 3264; x_wconf 89' lang='lat' dir='ltr'><strong>nunc</strong></span> <span class='ocrx_word' id='word_1_322' title='bbox 789 3222 976 3266; x_wconf 85' lang='lat' dir='ltr'><strong>breviter</strong></span> <span class='ocrx_word' id='word_1_323' title='bbox 995 3222 1232 3277; x_wconf 85' lang='lat' dir='ltr'><strong>tetigimus,</strong></span> <span class='ocrx_word' id='word_1_324' title='bbox 1254 3224 1382 3267; x_wconf 86' lang='lat' dir='ltr'><strong>modo</strong></span> 
     </span>
     <span class='ocr_line' id='line_1_44' title="bbox 143 3290 1383 3350; baseline 0.005 -18"><span class='ocrx_word' id='word_1_325' title='bbox 143 3290 411 3348; x_wconf 81' lang='lat' dir='ltr'><strong>spiritualem</strong></span> <span class='ocrx_word' id='word_1_326' title='bbox 429 3291 630 3336; x_wconf 87' lang='lat' dir='ltr'><strong>virtutem</strong></span> <span class='ocrx_word' id='word_1_327' title='bbox 647 3293 897 3338; x_wconf 73' lang='lat' dir='ltr'><strong>obedientiae</strong></span> <span class='ocrx_word' id='word_1_328' title='bbox 920 3294 1127 3350; x_wconf 80' lang='lat' dir='ltr'><strong>acquiris,</strong></span> <span class='ocrx_word' id='word_1_329' title='bbox 1143 3294 1383 3350; x_wconf 78' lang='lat' dir='ltr'><strong>profectum</strong></span> 
     </span>
    </p>
   </div>
   <div class='ocr_carea' id='block_1_16' title="bbox 874 63 2006 123">
    <p class='ocr_par' dir='ltr' id='par_1_18' title="bbox 874 63 2006 123">
     <span class='ocr_line' id='line_1_45' title="bbox 874 63 2006 123; baseline 0.012 -15"><span class='ocrx_word' id='word_1_330' title='bbox 874 63 948 109; x_wconf 82' lang='lat' dir='ltr'><strong>‘DE</strong></span> <span class='ocrx_word' id='word_1_331' title='bbox 976 63 1178 110; x_wconf 69' lang='lat' dir='ltr'><strong>onmem</strong></span> <span class='ocrx_word' id='word_1_332' title='bbox 1206 65 1276 111; x_wconf 72' lang='lat' dir='ltr'><strong>ET</strong></span> <span class='ocrx_word' id='word_1_333' title='bbox 1307 68 1506 113; x_wconf 64' lang='lat' dir='ltr'><strong>unum,</strong></span> <span class='ocrx_word' id='word_1_334' title='bbox 1539 71 1789 118; x_wconf 58' lang='lat' dir='ltr'><strong>CABOMC.</strong></span> <span class='ocrx_word' id='word_1_335' title='bbox 1823 74 2006 123; x_wconf 75' lang='lat' dir='ltr'><strong>PRAEM.</strong></span> 
     </span>
    </p>
   </div>
   <div class='ocr_carea' id='block_1_17' title="bbox 22 140 1454 291">
    <p class='ocr_par' dir='ltr' id='par_1_19' title="bbox 22 140 1454 291">
     <span class='ocr_line' id='line_1_46' title="bbox 95 140 1454 216; baseline 0.001 -11"><span class='ocrx_word' id='word_1_336' title='bbox 95 140 99 146; x_wconf 56' lang='lat'><strong>.</strong></span> <span class='ocrx_word' id='word_1_337' title='bbox 153 161 268 206; x_wconf 83' lang='lat' dir='ltr'><strong>enim</strong></span> <span class='ocrx_word' id='word_1_338' title='bbox 313 167 487 216; x_wconf 81' lang='lat' dir='ltr'><strong>propter</strong></span> <span class='ocrx_word' id='word_1_339' title='bbox 535 154 826 202; x_wconf 71' lang='lat' dir='ltr'><strong>obedientiam</strong></span> <span class='ocrx_word' id='word_1_340' title='bbox 871 157 1034 202; x_wconf 86' lang='lat' dir='ltr'><strong>malum</strong></span> <span class='ocrx_word' id='word_1_341' title='bbox 1081 159 1264 212; x_wconf 83' lang='lat' dir='ltr'><strong>admitti,</strong></span> <span class='ocrx_word' id='word_1_342' title='bbox 1312 160 1393 206; x_wconf 84' lang='lat' dir='ltr'><strong>etsi</strong></span> <span class='ocrx_word' id='word_1_343' title='bbox 1415 161 1454 207; x_wconf 75' lang='lat' dir='ltr'>A</span> 
     </span>
     <span class='ocr_line' id='line_1_47' title="bbox 22 224 1386 291; baseline 0.001 -16"><span class='ocrx_word' id='word_1_344' title='bbox 22 224 43 237; x_wconf 81' lang='grc'><strong>”</strong></span> <span class='ocrx_word' id='word_1_345' title='bbox 151 232 411 291; x_wconf 75' lang='lat' dir='ltr'><strong>quandoque</strong></span> <span class='ocrx_word' id='word_1_346' title='bbox 447 230 601 275; x_wconf 85' lang='lat' dir='ltr'><strong>debeat</strong></span> <span class='ocrx_word' id='word_1_347' title='bbox 645 230 808 275; x_wconf 83' lang='lat' dir='ltr'><strong>bonum</strong></span> <span class='ocrx_word' id='word_1_348' title='bbox 849 232 1090 277; x_wconf 86' lang='lat' dir='ltr'><strong>intermitti.</strong></span> <span class='ocrx_word' id='word_1_349' title='bbox 1135 231 1182 276; x_wconf 87' lang='lat' dir='ltr'><strong>Si</strong></span> <span class='ocrx_word' id='word_1_350' title='bbox 1227 239 1386 287; x_wconf 90' lang='lat' dir='ltr'><strong>autem,</strong></span> 
     </span>
    </p>
   </div>
   <div class='ocr_carea' id='block_1_18' title="bbox 1933 84 2714 221">
    <p class='ocr_par' dir='ltr' id='par_1_20' title="bbox 1933 84 2714 221">
     <span class='ocr_line' id='line_1_48' title="bbox 2625 84 2714 134; baseline 0 -1"><span class='ocrx_word' id='word_1_351' title='bbox 2625 84 2714 134; x_wconf 67' lang='lat'><strong>594</strong></span> 
     </span>
     <span class='ocr_line' id='line_1_49' title="bbox 1933 168 2255 221; baseline 0.016 -7"><span class='ocrx_word' id='word_1_352' title='bbox 1933 168 2117 219; x_wconf 75' lang='lat' dir='ltr'>SEBMO</span> <span class='ocrx_word' id='word_1_353' title='bbox 2144 171 2255 221; x_wconf 78' lang='lat' dir='ltr'><strong>xiv.</strong></span> 
     </span>
    </p>
   </div>
   <div class='ocr_carea' id='block_1_19' title="bbox 1475 268 2714 492">
    <p class='ocr_par' dir='ltr' id='par_1_21' title="bbox 1475 268 2714 492">
     <span class='ocr_line' id='line_1_50' title="bbox 1475 268 2713 336; baseline 0.013 -26"><span class='ocrx_word' id='word_1_354' title='bbox 1475 268 1536 311; x_wconf 74' lang='lat' dir='ltr'><strong>De</strong></span> <span class='ocrx_word' id='word_1_355' title='bbox 1555 282 1619 321; x_wconf 85' lang='lat' dir='ltr'><strong>eo,</strong></span> <span class='ocrx_word' id='word_1_356' title='bbox 1646 272 1762 336; x_wconf 37' lang='lat' dir='ltr'><strong>‚quod</strong></span> <span class='ocrx_word' id='word_1_357' title='bbox 1794 273 2067 319; x_wconf 75' lang='lat' dir='ltr'><strong>oveclieneiam</strong></span> <span class='ocrx_word' id='word_1_358' title='bbox 2108 279 2375 333; x_wconf 66' lang='lat' dir='ltr'><strong>promisimus</strong></span> <span class='ocrx_word' id='word_1_359' title='bbox 2408 282 2713 327; x_wconf 68' lang='lat' dir='ltr'><strong>successoribus</strong></span> 
     </span>
     <span class='ocr_line' id='line_1_51' title="bbox 1531 324 2714 393; baseline 0.014 -27"><span class='ocrx_word' id='word_1_360' title='bbox 1531 324 1676 391; x_wconf 58' lang='lat' dir='ltr'><strong>lfaerts</strong></span> <span class='ocrx_word' id='word_1_361' title='bbox 1700 329 1834 372; x_wconf 73' lang='lat' dir='ltr'><strong>nostri</strong></span> <span class='ocrx_word' id='word_1_362' title='bbox 1846 341 1861 380; x_wconf 88' lang='lat'><strong>,·</strong></span> <span class='ocrx_word' id='word_1_363' title='bbox 1884 336 1924 372; x_wconf 78' lang='lat' dir='ltr'><strong>et</strong></span> <span class='ocrx_word' id='word_1_364' title='bbox 1940 344 2128 387; x_wconf 77' lang='lat' dir='ltr'><strong>quoenam</strong></span> <span class='ocrx_word' id='word_1_365' title='bbox 2141 336 2195 378; x_wconf 75' lang='lat' dir='ltr'><strong>ait</strong></span> <span class='ocrx_word' id='word_1_366' title='bbox 2216 337 2358 380; x_wconf 79' lang='lat' dir='ltr'><strong>sanior</strong></span> <span class='ocrx_word' id='word_1_367' title='bbox 2373 349 2472 391; x_wconf 75' lang='lat' dir='ltr'><strong>pars</strong></span> <span class='ocrx_word' id='word_1_368' title='bbox 2488 349 2714 393; x_wconf 67' lang='lat' dir='ltr'><strong>conqneqa-</strong></span> 
     </span>
     <span class='ocr_line' id='line_1_52' title="bbox 1532 383 2714 446; baseline 0.011 -24"><span class='ocrx_word' id='word_1_369' title='bbox 1532 387 1677 446; x_wconf 50' lang='lat' dir='ltr'><strong>nonas,</strong></span> <span class='ocrx_word' id='word_1_370' title='bbox 1697 383 1816 438; x_wconf 68' lang='lat' dir='ltr'><strong>cujus</strong></span> <span class='ocrx_word' id='word_1_371' title='bbox 1831 384 1974 430; x_wconf 77' lang='lat' dir='ltr'><strong>electio</strong></span> <span class='ocrx_word' id='word_1_372' title='bbox 1991 395 2087 431; x_wconf 76' lang='lat' dir='ltr'><strong>rata</strong></span> <span class='ocrx_word' id='word_1_373' title='bbox 2123 388 2313 436; x_wconf 74' lang='lat' dir='ltr'><strong>habenda</strong></span> <span class='ocrx_word' id='word_1_374' title='bbox 2331 398 2424 436; x_wconf 75' lang='lat' dir='ltr'><strong>est:</strong></span> <span class='ocrx_word' id='word_1_375' title='bbox 2454 399 2495 436; x_wconf 72' lang='lat' dir='ltr'><strong>et</strong></span> <span class='ocrx_word' id='word_1_376' title='bbox 2529 391 2580 436; x_wconf 81' lang='lat' dir='ltr'><strong>de</strong></span> <span class='ocrx_word' id='word_1_377' title='bbox 2614 394 2714 439; x_wconf 74' lang='lat' dir='ltr'><strong>reli-</strong></span> 
     </span>
     <span class='ocr_line' id='line_1_53' title="bbox 1530 440 2209 492; baseline 0.015 -13"><span class='ocrx_word' id='word_1_378' title='bbox 1530 449 1658 492; x_wconf 62' lang='lat' dir='ltr'><strong>quos-ts</strong></span> <span class='ocrx_word' id='word_1_379' title='bbox 1671 440 1881 485; x_wconf 70' lang='lat' dir='ltr'><strong>exercitiis</strong></span> <span class='ocrx_word' id='word_1_380' title='bbox 1899 442 2209 490; x_wconf 77' lang='lat' dir='ltr'><strong>coenobitarum.</strong></span> 
     </span>
    </p>
   </div>
   <div class='ocr_carea' id='block_1_20' title="bbox 1475 543 2723 2502">
    <p class='ocr_par' dir='ltr' id='par_1_22' title="bbox 1475 543 2723 1664">
     <span class='ocr_line' id='line_1_54' title="bbox 1475 543 2710 598; baseline 0.007 -10"><span class='ocrx_word' id='word_1_381' title='bbox 1475 543 1680 590; x_wconf 73' lang='lat' dir='ltr'><strong>Sruorsis</strong></span> <span class='ocrx_word' id='word_1_382' title='bbox 1709 551 2054 594; x_wconf 57' lang='lat' dir='ltr'><strong>sunnonis—i.</strong></span> <span class='ocrx_word' id='word_1_383' title='bbox 2075 550 2371 598; x_wconf 84' lang='lat' dir='ltr'><strong>Medicaminis</strong></span> <span class='ocrx_word' id='word_1_384' title='bbox 2394 559 2437 598; x_wconf 88' lang='lat' dir='ltr'><strong>et</strong></span> <span class='ocrx_word' id='word_1_385' title='bbox 2461 553 2710 598; x_wconf 80' lang='lat' dir='ltr'><strong>morborum</strong></span> 
     </span>
     <span class='ocr_line' id='line_1_55' title="bbox 1531 604 2712 666; baseline 0.007 -22"><span class='ocrx_word' id='word_1_386' title='bbox 1531 604 1823 658; x_wconf 83' lang='lat' dir='ltr'><strong>corporalium</strong></span> <span class='ocrx_word' id='word_1_387' title='bbox 1844 610 1887 648; x_wconf 90' lang='lat' dir='ltr'><strong>et</strong></span> <span class='ocrx_word' id='word_1_388' title='bbox 1917 605 2205 660; x_wconf 83' lang='lat' dir='ltr'><strong>spiritualium</strong></span> <span class='ocrx_word' id='word_1_389' title='bbox 2239 610 2577 666; x_wconf 77' lang='lat' dir='ltr'><strong>analogia.——2.</strong></span> <span class='ocrx_word' id='word_1_390' title='bbox 2600 609 2712 661; x_wconf 83' lang='lat' dir='ltr'><strong>inter</strong></span> 
     </span>
     <span class='ocr_line' id='line_1_56' title="bbox 1530 658 2711 713; baseline 0.008 -14"><span class='ocrx_word' id='word_1_391' title='bbox 1530 658 1771 703; x_wconf 86' lang='lat' dir='ltr'><strong>coenobitas</strong></span> <span class='ocrx_word' id='word_1_392' title='bbox 1792 660 2046 705; x_wconf 78' lang='lat' dir='ltr'><strong>obedientiae</strong></span> <span class='ocrx_word' id='word_1_393' title='bbox 2073 664 2342 713; x_wconf 65' lang='lat' dir='ltr'><strong>necessitas:</strong></span> <span class='ocrx_word' id='word_1_394' title='bbox 2374 677 2454 710; x_wconf 85' lang='lat' dir='ltr'><strong>cur</strong></span> <span class='ocrx_word' id='word_1_395' title='bbox 2476 665 2572 710; x_wconf 90' lang='lat' dir='ltr'><strong>illos</strong></span> <span class='ocrx_word' id='word_1_396' title='bbox 2590 672 2711 708; x_wconf 77' lang='lat' dir='ltr'><strong>vetu-</strong></span> 
     </span>
     <span class='ocr_line' id='line_1_57' title="bbox 1533 714 2710 772; baseline 0.008 -16"><span class='ocrx_word' id='word_1_397' title='bbox 1533 714 1692 758; x_wconf 83' lang='lat' dir='ltr'><strong>stiores</strong></span> <span class='ocrx_word' id='word_1_398' title='bbox 1716 722 1860 758; x_wconf 77' lang='lat' dir='ltr'><strong>votum</strong></span> <span class='ocrx_word' id='word_1_399' title='bbox 1885 717 2143 772; x_wconf 82' lang='lat' dir='ltr'><strong>particulare</strong></span> <span class='ocrx_word' id='word_1_400' title='bbox 2165 719 2418 763; x_wconf 83' lang='lat' dir='ltr'><strong>obedientiae</strong></span> <span class='ocrx_word' id='word_1_401' title='bbox 2439 732 2524 763; x_wconf 90' lang='lat' dir='ltr'><strong>non</strong></span> <span class='ocrx_word' id='word_1_402' title='bbox 2552 722 2710 765; x_wconf 80' lang='lat' dir='ltr'><strong>astrin-</strong></span> 
     </span>
     <span class='ocr_line' id='line_1_58' title="bbox 1529 769 2711 823; baseline 0.006 -10"><span class='ocrx_word' id='word_1_403' title='bbox 1529 770 1786 823; x_wconf 56' lang='lat' dir='ltr'><strong>geret—5.</strong></span> <span class='ocrx_word' id='word_1_404' title='bbox 1813 769 1906 823; x_wconf 84' lang='lat' dir='ltr'><strong>Qua</strong></span> <span class='ocrx_word' id='word_1_405' title='bbox 1934 773 1988 816; x_wconf 92' lang='lat' dir='ltr'><strong>de</strong></span> <span class='ocrx_word' id='word_1_406' title='bbox 2010 785 2141 817; x_wconf 84' lang='lat' dir='ltr'><strong>causa</strong></span> <span class='ocrx_word' id='word_1_407' title='bbox 2163 780 2308 817; x_wconf 68' lang='lat' dir='ltr'><strong>votum</strong></span> <span class='ocrx_word' id='word_1_408' title='bbox 2332 775 2487 820; x_wconf 87' lang='lat' dir='ltr'><strong>deinde</strong></span> <span class='ocrx_word' id='word_1_409' title='bbox 2508 775 2711 820; x_wconf 83' lang='lat' dir='ltr'><strong>obedien-</strong></span> 
     </span>
     <span class='ocr_line' id='line_1_59' title="bbox 1531 824 2711 877; baseline 0.008 -11"><span class='ocrx_word' id='word_1_410' title='bbox 1531 824 1603 867; x_wconf 84' lang='lat' dir='ltr'><strong>tiae</strong></span> <span class='ocrx_word' id='word_1_411' title='bbox 1619 825 1928 870; x_wconf 87' lang='lat' dir='ltr'><strong>introductum.</strong></span> <span class='ocrx_word' id='word_1_412' title='bbox 1949 851 2005 860; x_wconf 87' lang='lat'>—</span> <span class='ocrx_word' id='word_1_413' title='bbox 2025 829 2068 872; x_wconf 72' lang='lat'><strong>4.</strong></span> <span class='ocrx_word' id='word_1_414' title='bbox 2093 828 2356 875; x_wconf 70' lang='lat' dir='ltr'><strong>obedientiae</strong></span> <span class='ocrx_word' id='word_1_415' title='bbox 2376 837 2523 875; x_wconf 79' lang='lat' dir='ltr'><strong>votum</strong></span> <span class='ocrx_word' id='word_1_416' title='bbox 2547 832 2711 877; x_wconf 83' lang='lat' dir='ltr'><strong>insolu—</strong></span> 
     </span>
     <span class='ocr_line' id='line_1_60' title="bbox 1531 880 2711 942; baseline 0.004 -19"><span class='ocrx_word' id='word_1_417' title='bbox 1531 880 1876 932; x_wconf 67' lang='lat' dir='ltr'><strong>bilevineulum,</strong></span> <span class='ocrx_word' id='word_1_418' title='bbox 1914 883 2012 926; x_wconf 82' lang='lat' dir='ltr'><strong>vitae</strong></span> <span class='ocrx_word' id='word_1_419' title='bbox 2043 884 2282 940; x_wconf 87' lang='lat' dir='ltr'><strong>spiritual‘s</strong></span> <span class='ocrx_word' id='word_1_420' title='bbox 2304 887 2513 942; x_wconf 84' lang='lat' dir='ltr'><strong>protectio</strong></span> <span class='ocrx_word' id='word_1_421' title='bbox 2538 892 2580 930; x_wconf 90' lang='lat' dir='ltr'><strong>et</strong></span> <span class='ocrx_word' id='word_1_422' title='bbox 2617 900 2711 930; x_wconf 86' lang='lat' dir='ltr'><strong>um-</strong></span> 
     </span>
     <span class='ocr_line' id='line_1_61' title="bbox 1531 933 2712 992; baseline 0.004 -14"><span class='ocrx_word' id='word_1_423' title='bbox 1531 933 1898 988; x_wconf 61' lang='lat' dir='ltr'><strong>braculum—5.</strong></span> <span class='ocrx_word' id='word_1_424' title='bbox 1920 937 2103 991; x_wconf 82' lang='lat' dir='ltr'><strong>Quinam</strong></span> <span class='ocrx_word' id='word_1_425' title='bbox 2134 953 2409 985; x_wconf 85' lang='lat' dir='ltr'><strong>successores</strong></span> <span class='ocrx_word' id='word_1_426' title='bbox 2440 940 2644 992; x_wconf 84' lang='lat' dir='ltr'><strong>habendi,</strong></span> <span class='ocrx_word' id='word_1_427' title='bbox 2669 949 2712 989; x_wconf 77' lang='lat' dir='ltr'><strong>ot</strong></span> 
     </span>
     <span class='ocr_line' id='line_1_62' title="bbox 1532 993 2711 1050; baseline 0.005 -16"><span class='ocrx_word' id='word_1_428' title='bbox 1532 1004 1634 1048; x_wconf 86' lang='lat' dir='ltr'><strong>pars</strong></span> <span class='ocrx_word' id='word_1_429' title='bbox 1651 993 1797 1037; x_wconf 84' lang='lat' dir='ltr'><strong>sanior</strong></span> <span class='ocrx_word' id='word_1_430' title='bbox 1818 996 2163 1050; x_wconf 79' lang='lat' dir='ltr'><strong>congregationis</strong></span> <span class='ocrx_word' id='word_1_431' title='bbox 2182 997 2417 1040; x_wconf 81' lang='lat' dir='ltr'><strong>canonicae.</strong></span> <span class='ocrx_word' id='word_1_432' title='bbox 2431 997 2538 1039; x_wconf 83' lang='lat'><strong>-6.</strong></span> <span class='ocrx_word' id='word_1_433' title='bbox 2563 997 2711 1042; x_wconf 78' lang='lat' dir='ltr'><strong>Obsta-</strong></span> 
     </span>
     <span class='ocr_line' id='line_1_63' title="bbox 1533 1049 2709 1102; baseline 0.006 -11"><span class='ocrx_word' id='word_1_434' title='bbox 1533 1049 1628 1091; x_wconf 88' lang='lat' dir='ltr'><strong>cula</strong></span> <span class='ocrx_word' id='word_1_435' title='bbox 1650 1049 1874 1092; x_wconf 84' lang='lat' dir='ltr'><strong>electionis</strong></span> <span class='ocrx_word' id='word_1_436' title='bbox 1901 1051 2111 1093; x_wconf 86' lang='lat' dir='ltr'><strong>canonica</strong></span> <span class='ocrx_word' id='word_1_437' title='bbox 2126 1052 2338 1097; x_wconf 80' lang='lat' dir='ltr'><strong>violentiae</strong></span> <span class='ocrx_word' id='word_1_438' title='bbox 2360 1059 2401 1097; x_wconf 92' lang='lat' dir='ltr'><strong>et</strong></span> <span class='ocrx_word' id='word_1_439' title='bbox 2433 1053 2606 1102; x_wconf 80' lang='lat' dir='ltr'><strong>astutia,</strong></span> <span class='ocrx_word' id='word_1_440' title='bbox 2628 1066 2709 1098; x_wconf 76' lang='lat' dir='ltr'><strong>vox</strong></span> 
     </span>
     <span class='ocr_line' id='line_1_64' title="bbox 1532 1103 2711 1160; baseline 0.005 -14"><span class='ocrx_word' id='word_1_441' title='bbox 1532 1103 1651 1148; x_wconf 84' lang='lat' dir='ltr'><strong>lividi</strong></span> <span class='ocrx_word' id='word_1_442' title='bbox 1688 1109 1730 1147; x_wconf 88' lang='lat' dir='ltr'><strong>et</strong></span> <span class='ocrx_word' id='word_1_443' title='bbox 1764 1107 2202 1160; x_wconf 55' lang='lat' dir='ltr'><strong>praesuinentis.÷-7.</strong></span> <span class='ocrx_word' id='word_1_444' title='bbox 2239 1107 2385 1152; x_wconf 83' lang='lat' dir='ltr'><strong>Honor</strong></span> <span class='ocrx_word' id='word_1_445' title='bbox 2417 1108 2611 1152; x_wconf 87' lang='lat' dir='ltr'><strong>lubricus</strong></span> <span class='ocrx_word' id='word_1_446' title='bbox 2645 1116 2711 1152; x_wconf 82' lang='lat' dir='ltr'><strong>es&#39;t</strong></span> 
     </span>
     <span class='ocr_line' id='line_1_65' title="bbox 1533 1159 2712 1217; baseline 0.003 -14"><span class='ocrx_word' id='word_1_447' title='bbox 1533 1161 1685 1212; x_wconf 87' lang='lat' dir='ltr'><strong>crebro</strong></span> <span class='ocrx_word' id='word_1_448' title='bbox 1709 1159 1877 1216; x_wconf 78' lang='lat' dir='ltr'><strong>fugiens</strong></span> <span class='ocrx_word' id='word_1_449' title='bbox 1896 1173 2154 1216; x_wconf 73' lang='lat' dir='ltr'><strong>sequacem3</strong></span> <span class='ocrx_word' id='word_1_450' title='bbox 2188 1175 2271 1206; x_wconf 84' lang='lat' dir='ltr'><strong>vox</strong></span> <span class='ocrx_word' id='word_1_451' title='bbox 2311 1165 2468 1217; x_wconf 79' lang='lat' dir='ltr'><strong>timore</strong></span> <span class='ocrx_word' id='word_1_452' title='bbox 2507 1164 2712 1208; x_wconf 88' lang='lat' dir='ltr'><strong>obsiti.—</strong></span> 
     </span>
     <span class='ocr_line' id='line_1_66' title="bbox 1532 1214 2713 1276; baseline 0.002 -17"><span class='ocrx_word' id='word_1_453' title='bbox 1532 1215 1574 1260; x_wconf 85' lang='lat'><strong>8.</strong></span> <span class='ocrx_word' id='word_1_454' title='bbox 1603 1214 1694 1258; x_wconf 81' lang='lat' dir='ltr'><strong>Vox</strong></span> <span class='ocrx_word' id='word_1_455' title='bbox 1719 1227 1742 1258; x_wconf 91' lang='lat' dir='ltr'><strong>a</strong></span> <span class='ocrx_word' id='word_1_456' title='bbox 1761 1217 1948 1260; x_wconf 50' lang='lat' dir='ltr'><strong>*mollitie</strong></span> <span class='ocrx_word' id='word_1_457' title='bbox 1967 1217 2162 1272; x_wconf 73' lang='lat' dir='ltr'><strong>profecta</strong></span> <span class='ocrx_word' id='word_1_458' title='bbox 2185 1219 2352 1273; x_wconf 80' lang='lat' dir='ltr'><strong>qualis3</strong></span> <span class='ocrx_word' id='word_1_459' title='bbox 2377 1224 2564 1276; x_wconf 90' lang='lat' dir='ltr'><strong>quatuor</strong></span> <span class='ocrx_word' id='word_1_460' title='bbox 2579 1219 2713 1262; x_wconf 87' lang='lat' dir='ltr'><strong>homi-</strong></span> 
     </span>
     <span class='ocr_line' id='line_1_67' title="bbox 1530 1273 2723 1328; baseline 0.003 -13"><span class='ocrx_word' id='word_1_461' title='bbox 1530 1283 1633 1315; x_wconf 90' lang='lat' dir='ltr'><strong>num</strong></span> <span class='ocrx_word' id='word_1_462' title='bbox 1657 1283 1813 1326; x_wconf 81' lang='lat' dir='ltr'><strong>genera</strong></span> <span class='ocrx_word' id='word_1_463' title='bbox 1838 1283 1863 1314; x_wconf 87' lang='lat' dir='ltr'><strong>a</strong></span> <span class='ocrx_word' id='word_1_464' title='bbox 1886 1273 2057 1316; x_wconf 86' lang='lat' dir='ltr'><strong>saniore</strong></span> <span class='ocrx_word' id='word_1_465' title='bbox 2088 1279 2208 1328; x_wconf 85' lang='lat' dir='ltr'><strong>parte</strong></span> <span class='ocrx_word' id='word_1_466' title='bbox 2232 1275 2456 1319; x_wconf 82' lang='lat' dir='ltr'><strong>aliena.--</strong></span> <span class='ocrx_word' id='word_1_467' title='bbox 2472 1275 2512 1318; x_wconf 90' lang='grc'><strong>9.</strong></span> <span class='ocrx_word' id='word_1_468' title='bbox 2550 1274 2723 1318; x_wconf 78' lang='lat' dir='ltr'><strong>Electiu</strong></span> 
     </span>
     <span class='ocr_line' id='line_1_68' title="bbox 1530 1326 2714 1385; baseline 0.001 -13"><span class='ocrx_word' id='word_1_469' title='bbox 1530 1328 1767 1372; x_wconf 85' lang='lat' dir='ltr'><strong>secundum</strong></span> <span class='ocrx_word' id='word_1_470' title='bbox 1787 1326 1920 1372; x_wconf 86' lang='lat' dir='ltr'><strong>Deum</strong></span> <span class='ocrx_word' id='word_1_471' title='bbox 1944 1328 2157 1377; x_wconf 80' lang='lat' dir='ltr'><strong>facienda,</strong></span> <span class='ocrx_word' id='word_1_472' title='bbox 2183 1329 2351 1385; x_wconf 83' lang='lat' dir='ltr'><strong>privato</strong></span> <span class='ocrx_word' id='word_1_473' title='bbox 2375 1343 2519 1374; x_wconf 84' lang='lat' dir='ltr'><strong>amore</strong></span> <span class='ocrx_word' id='word_1_474' title='bbox 2543 1336 2588 1374; x_wconf 75' lang='lat' dir='ltr'><strong>ct</strong></span> <span class='ocrx_word' id='word_1_475' title='bbox 2611 1331 2714 1373; x_wconf 87' lang='lat' dir='ltr'><strong>odio</strong></span> 
     </span>
     <span class='ocr_line' id='line_1_69' title="bbox 1529 1383 2712 1441; baseline 0.003 -15"><span class='ocrx_word' id='word_1_476' title='bbox 1529 1383 1799 1439; x_wconf 83' lang='lat' dir='ltr'><strong>proscriptis.</strong></span> <span class='ocrx_word' id='word_1_477' title='bbox 1819 1383 1945 1437; x_wconf 39' lang='lat' dir='ltr'><strong>elo.</strong></span> <span class='ocrx_word' id='word_1_478' title='bbox 1971 1383 2092 1428; x_wconf 89' lang='lat' dir='ltr'><strong>Unde</strong></span> <span class='ocrx_word' id='word_1_479' title='bbox 2119 1384 2408 1441; x_wconf 83' lang='lat' dir='ltr'><strong>dignoscenda</strong></span> <span class='ocrx_word' id='word_1_480' title='bbox 2439 1386 2586 1429; x_wconf 88' lang='lat' dir='ltr'><strong>sanior</strong></span> <span class='ocrx_word' id='word_1_481' title='bbox 2610 1397 2712 1441; x_wconf 81' lang='lat' dir='ltr'><strong>pars</strong></span> 
     </span>
     <span class='ocr_line' id='line_1_70' title="bbox 1528 1438 2715 1496; baseline 0.003 -14"><span class='ocrx_word' id='word_1_482' title='bbox 1528 1438 1874 1496; x_wconf 80' lang='lat' dir='ltr'><strong>congregationis</strong></span> <span class='ocrx_word' id='word_1_483' title='bbox 1895 1439 2049 1495; x_wconf 77' lang='lat'>:319</span> <span class='ocrx_word' id='word_1_484' title='bbox 2064 1446 2106 1483; x_wconf 85' lang='lat' dir='ltr'><strong>et</strong></span> <span class='ocrx_word' id='word_1_485' title='bbox 2123 1448 2280 1496; x_wconf 82' lang='lat' dir='ltr'><strong>quanta</strong></span> <span class='ocrx_word' id='word_1_486' title='bbox 2295 1442 2347 1485; x_wconf 86' lang='lat' dir='ltr'><strong>ad</strong></span> <span class='ocrx_word' id='word_1_487' title='bbox 2357 1443 2608 1486; x_wconf 86' lang='lat' dir='ltr'><strong>electionem</strong></span> <span class='ocrx_word' id='word_1_488' title='bbox 2632 1442 2715 1485; x_wconf 84' lang='lat' dir='ltr'><strong>cir-</strong></span> 
     </span>
     <span class='ocr_line' id='line_1_71' title="bbox 1525 1495 2712 1554; baseline 0.001 -15"><span class='ocrx_word' id='word_1_489' title='bbox 1525 1495 1847 1551; x_wconf 87' lang='lat' dir='ltr'><strong>cumspectione</strong></span> <span class='ocrx_word' id='word_1_490' title='bbox 1859 1497 2067 1551; x_wconf 64' lang='lat' dir='ltr'><strong>opus—l</strong></span> <span class='ocrx_word' id='word_1_491' title='bbox 2077 1497 2114 1539; x_wconf 78' lang='lat' dir='ltr'><strong>l.</strong></span> <span class='ocrx_word' id='word_1_492' title='bbox 2130 1497 2384 1541; x_wconf 84' lang='lat' dir='ltr'><strong>Communia</strong></span> <span class='ocrx_word' id='word_1_493' title='bbox 2397 1497 2712 1554; x_wconf 86' lang='lat' dir='ltr'><strong>Religiosorum</strong></span> 
     </span>
     <span class='ocr_line' id='line_1_72' title="bbox 1527 1551 2709 1609; baseline -0.002 -13"><span class='ocrx_word' id='word_1_494' title='bbox 1527 1552 1752 1602; x_wconf 70' lang='lat' dir='ltr'><strong>exercitia,</strong></span> <span class='ocrx_word' id='word_1_495' title='bbox 1771 1551 1914 1602; x_wconf 86' lang='lat' dir='ltr'><strong>lectio,</strong></span> <span class='ocrx_word' id='word_1_496' title='bbox 1942 1552 2070 1603; x_wconf 85' lang='lat' dir='ltr'><strong>actio,</strong></span> <span class='ocrx_word' id='word_1_497' title='bbox 2091 1553 2245 1605; x_wconf 86' lang='lat' dir='ltr'><strong>oratio,</strong></span> <span class='ocrx_word' id='word_1_498' title='bbox 2275 1566 2351 1609; x_wconf 87' lang='lat' dir='ltr'><strong>per</strong></span> <span class='ocrx_word' id='word_1_499' title='bbox 2386 1554 2709 1604; x_wconf 86' lang='lat' dir='ltr'><strong>candelabrum,</strong></span> 
     </span>
     <span class='ocr_line' id='line_1_73' title="bbox 1528 1606 2713 1664; baseline 0.002 -14"><span class='ocrx_word' id='word_1_500' title='bbox 1528 1606 2154 1654; x_wconf 61' lang='lat' dir='ltr'><strong>mensannastaretabernaculi</strong></span> <span class='ocrx_word' id='word_1_501' title='bbox 2180 1607 2713 1664; x_wconf 72' lang='lat' dir='ltr'><strong>figurata.-12.lntabcr-</strong></span> 
     </span>
    </p>

    <p class='ocr_par' dir='ltr' id='par_1_23' title="bbox 1503 1661 2713 2502">
     <span class='ocr_line' id='line_1_74' title="bbox 1503 1661 2708 1722; baseline 0.001 -16"><span class='ocrx_word' id='word_1_502' title='bbox 1503 1687 1506 1689; x_wconf 91' lang='lat'><em>-</em></span> <span class='ocrx_word' id='word_1_503' title='bbox 1528 1664 1685 1707; x_wconf 86' lang='lat' dir='ltr'><strong>naculo</strong></span> <span class='ocrx_word' id='word_1_504' title='bbox 1707 1661 1898 1706; x_wconf 85' lang='lat' dir='ltr'><strong>Ecclesia</strong></span> <span class='ocrx_word' id='word_1_505' title='bbox 1924 1663 1990 1707; x_wconf 80' lang='lat' dir='ltr'><strong>vel</strong></span> <span class='ocrx_word' id='word_1_506' title='bbox 2022 1670 2160 1708; x_wconf 82' lang='lat' dir='ltr'><strong>status</strong></span> <span class='ocrx_word' id='word_1_507' title='bbox 2194 1663 2427 1722; x_wconf 83' lang='lat' dir='ltr'><strong>Religionis</strong></span> <span class='ocrx_word' id='word_1_508' title='bbox 2452 1674 2708 1721; x_wconf 81' lang='lat' dir='ltr'><strong>expressus:</strong></span> 
     </span>
     <span class='ocr_line' id='line_1_75' title="bbox 1526 1718 2712 1775; baseline 0 -13"><span class='ocrx_word' id='word_1_509' title='bbox 1526 1732 1611 1775; x_wconf 74' lang='lat' dir='ltr'><strong>qua</strong></span> <span class='ocrx_word' id='word_1_510' title='bbox 1631 1719 1795 1763; x_wconf 85' lang='lat' dir='ltr'><strong>ratione</strong></span> <span class='ocrx_word' id='word_1_511' title='bbox 1815 1718 1942 1761; x_wconf 87' lang='lat' dir='ltr'><strong>lectio</strong></span> <span class='ocrx_word' id='word_1_512' title='bbox 1965 1719 2021 1762; x_wconf 90' lang='lat' dir='ltr'><strong>sit</strong></span> <span class='ocrx_word' id='word_1_513' title='bbox 2044 1719 2412 1765; x_wconf 50' lang='lat' dir='ltr'><strong>fructuosae-15.</strong></span> <span class='ocrx_word' id='word_1_514' title='bbox 2427 1720 2712 1766; x_wconf 77' lang='lat' dir='ltr'><strong>Exteriorcx·</strong></span> 
     </span>
     <span class='ocr_line' id='line_1_76' title="bbox 1528 1774 2713 1841; baseline 0.002 -22"><span class='ocrx_word' id='word_1_515' title='bbox 1528 1775 1722 1820; x_wconf 86' lang='lat' dir='ltr'><strong>ercitatio</strong></span> <span class='ocrx_word' id='word_1_516' title='bbox 1738 1774 1924 1818; x_wconf 85' lang='lat' dir='ltr'><strong>actionis</strong></span> <span class='ocrx_word' id='word_1_517' title='bbox 1935 1787 2033 1832; x_wconf 44' lang='lat' dir='ltr'><strong>,non</strong></span> <span class='ocrx_word' id='word_1_518' title='bbox 2055 1781 2180 1820; x_wconf 80' lang='lat' dir='ltr'><strong>vacet</strong></span> <span class='ocrx_word' id='word_1_519' title='bbox 2196 1777 2498 1829; x_wconf 74' lang='lat' dir='ltr'><strong>meditatione3</strong></span> <span class='ocrx_word' id='word_1_520' title='bbox 2512 1777 2564 1821; x_wconf 85' lang='lat' dir='ltr'><strong>ad</strong></span> <span class='ocrx_word' id='word_1_521' title='bbox 2581 1787 2713 1841; x_wconf 71' lang='lat' dir='ltr'><strong>quam</strong></span> 
     </span>
     <span class='ocr_line' id='line_1_77' title="bbox 1523 1830 2713 1888; baseline 0.001 -14"><span class='ocrx_word' id='word_1_522' title='bbox 1523 1831 1644 1888; x_wconf 83' lang='lat' dir='ltr'><strong>juvat</strong></span> <span class='ocrx_word' id='word_1_523' title='bbox 1665 1830 1827 1875; x_wconf 87' lang='lat' dir='ltr'><strong>silentii</strong></span> <span class='ocrx_word' id='word_1_524' title='bbox 1849 1831 2062 1875; x_wconf 84' lang='lat' dir='ltr'><strong>custodia.</strong></span> <span class='ocrx_word' id='word_1_525' title='bbox 2076 1857 2134 1864; x_wconf 90' lang='lat'><strong>-—</strong></span> <span class='ocrx_word' id='word_1_526' title='bbox 2148 1832 2214 1875; x_wconf 71' lang='lat'><strong>14.</strong></span> <span class='ocrx_word' id='word_1_527' title='bbox 2241 1831 2390 1876; x_wconf 86' lang='lat' dir='ltr'><strong>Oratio</strong></span> <span class='ocrx_word' id='word_1_528' title='bbox 2410 1844 2499 1888; x_wconf 78' lang='lat' dir='ltr'><strong>prae</strong></span> <span class='ocrx_word' id='word_1_529' title='bbox 2530 1832 2713 1887; x_wconf 76' lang='lat' dir='ltr'><strong>reliquis</strong></span> 
     </span>
     <span class='ocr_line' id='line_1_78' title="bbox 1524 1886 2713 1943; baseline -0.002 -12"><span class='ocrx_word' id='word_1_530' title='bbox 1524 1886 1842 1936; x_wconf 81' lang='lat' dir='ltr'><strong>commendata,</strong></span> <span class='ocrx_word' id='word_1_531' title='bbox 1867 1894 1909 1930; x_wconf 89' lang='lat' dir='ltr'><strong>et</strong></span> <span class='ocrx_word' id='word_1_532' title='bbox 1930 1888 2070 1943; x_wconf 84' lang='lat' dir='ltr'><strong>qualis</strong></span> <span class='ocrx_word' id='word_1_533' title='bbox 2090 1900 2137 1931; x_wconf 85' lang='lat' dir='ltr'><strong>ea</strong></span> <span class='ocrx_word' id='word_1_534' title='bbox 2163 1888 2364 1932; x_wconf 58' lang='lat' dir='ltr'><strong>siu—15.</strong></span> <span class='ocrx_word' id='word_1_535' title='bbox 2385 1887 2571 1932; x_wconf 79' lang='lat' dir='ltr'><strong>Ollicinae</strong></span> <span class='ocrx_word' id='word_1_536' title='bbox 2590 1887 2713 1932; x_wconf 51' lang='lat' dir='ltr'><strong>sexmi-</strong></span> 
     </span>
     <span class='ocr_line' id='line_1_79' title="bbox 1527 1941 2711 1999; baseline -0.003 -11"><span class='ocrx_word' id='word_1_537' title='bbox 1527 1943 1658 1988; x_wconf 88' lang='lat' dir='ltr'><strong>liares</strong></span> <span class='ocrx_word' id='word_1_538' title='bbox 1680 1941 1936 1999; x_wconf 77' lang='lat' dir='ltr'><strong>Religiosi53</strong></span> <span class='ocrx_word' id='word_1_539' title='bbox 1963 1955 2014 1986; x_wconf 85' lang='lat' dir='ltr'><strong>ac</strong></span> <span class='ocrx_word' id='word_1_540' title='bbox 2038 1945 2179 1999; x_wconf 83' lang='lat' dir='ltr'><strong>primo</strong></span> <span class='ocrx_word' id='word_1_541' title='bbox 2203 1949 2248 1986; x_wconf 90' lang='lat' dir='ltr'><strong>ut</strong></span> <span class='ocrx_word' id='word_1_542' title='bbox 2271 1956 2318 1988; x_wconf 90' lang='lat' dir='ltr'><strong>se</strong></span> <span class='ocrx_word' id='word_1_543' title='bbox 2344 1943 2531 1988; x_wconf 84' lang='lat' dir='ltr'><strong>habeant</strong></span> <span class='ocrx_word' id='word_1_544' title='bbox 2556 1944 2598 1987; x_wconf 88' lang='lat' dir='ltr'><strong>in</strong></span> <span class='ocrx_word' id='word_1_545' title='bbox 2617 1955 2711 1986; x_wconf 84' lang='lat' dir='ltr'><strong>ora-</strong></span> 
     </span>
     <span class='ocr_line' id='line_1_80' title="bbox 1527 1997 2706 2056; baseline -0.003 -13"><span class='ocrx_word' id='word_1_546' title='bbox 1527 1998 1794 2043; x_wconf 80' lang='lat' dir='ltr'><strong>torio.——-1ss.</strong></span> <span class='ocrx_word' id='word_1_547' title='bbox 1820 1997 1925 2051; x_wconf 67' lang='lat' dir='ltr'><strong>Qum</strong></span> <span class='ocrx_word' id='word_1_548' title='bbox 1946 1999 2172 2056; x_wconf 83' lang='lat' dir='ltr'><strong>disciplina</strong></span> <span class='ocrx_word' id='word_1_549' title='bbox 2196 2001 2407 2043; x_wconf 87' lang='lat' dir='ltr'><strong>servanda</strong></span> <span class='ocrx_word' id='word_1_550' title='bbox 2433 2001 2476 2042; x_wconf 91' lang='lat' dir='ltr'><strong>in</strong></span> <span class='ocrx_word' id='word_1_551' title='bbox 2497 2001 2706 2047; x_wconf 82' lang='lat' dir='ltr'><strong>claustro,</strong></span> 
     </span>
     <span class='ocr_line' id='line_1_81' title="bbox 1527 2053 2711 2112; baseline -0.002 -14"><span class='ocrx_word' id='word_1_552' title='bbox 1527 2055 1571 2099; x_wconf 87' lang='lat' dir='ltr'><strong>in</strong></span> <span class='ocrx_word' id='word_1_553' title='bbox 1606 2053 1853 2105; x_wconf 79' lang='lat' dir='ltr'><strong>refectorio,</strong></span> <span class='ocrx_word' id='word_1_554' title='bbox 1895 2054 1938 2097; x_wconf 86' lang='lat' dir='ltr'><strong>in</strong></span> <span class='ocrx_word' id='word_1_555' title='bbox 1971 2054 2308 2099; x_wconf 86' lang='lat' dir='ltr'><strong>dormitorio.—-</strong></span> <span class='ocrx_word' id='word_1_556' title='bbox 2330 2056 2396 2099; x_wconf 84' lang='lat'><strong>17.</strong></span> <span class='ocrx_word' id='word_1_557' title='bbox 2426 2055 2471 2099; x_wconf 88' lang='lat' dir='ltr'><strong>ln</strong></span> <span class='ocrx_word' id='word_1_558' title='bbox 2496 2055 2711 2112; x_wconf 88' lang='lat' dir='ltr'><strong>colloquio</strong></span> 
     </span>
     <span class='ocr_line' id='line_1_82' title="bbox 1526 2110 2712 2156; baseline -0.003 0"><span class='ocrx_word' id='word_1_559' title='bbox 1526 2122 1624 2156; x_wconf 87' lang='lat' dir='ltr'><strong>cum</strong></span> <span class='ocrx_word' id='word_1_560' title='bbox 1649 2111 1837 2155; x_wconf 81' lang='lat' dir='ltr'><strong>externis</strong></span> <span class='ocrx_word' id='word_1_561' title='bbox 1861 2110 2134 2155; x_wconf 78' lang='lat' dir='ltr'><strong>observantia</strong></span> <span class='ocrx_word' id='word_1_562' title='bbox 2155 2110 2633 2155; x_wconf 74' lang='lat' dir='ltr'><strong>praemonstratensium</strong></span> <span class='ocrx_word' id='word_1_563' title='bbox 2651 2111 2712 2153; x_wconf 78' lang='lat' dir='ltr'><strong>ri-</strong></span> 
     </span>
     <span class='ocr_line' id='line_1_83' title="bbox 1526 2165 2712 2223; baseline 0 -13"><span class='ocrx_word' id='word_1_564' title='bbox 1526 2167 1680 2222; x_wconf 75' lang='lat' dir='ltr'><strong>gidior.</strong></span> <span class='ocrx_word' id='word_1_565' title='bbox 1697 2166 1835 2210; x_wconf 77' lang='grc'><strong>-18,</strong></span> <span class='ocrx_word' id='word_1_566' title='bbox 1858 2165 1960 2209; x_wconf 78' lang='lat' dir='ltr'><strong>Loci</strong></span> <span class='ocrx_word' id='word_1_567' title='bbox 1980 2167 2231 2223; x_wconf 84' lang='lat' dir='ltr'><strong>capitularis</strong></span> <span class='ocrx_word' id='word_1_568' title='bbox 2253 2168 2318 2210; x_wconf 82' lang='lat' dir='ltr'><strong>vel</strong></span> <span class='ocrx_word' id='word_1_569' title='bbox 2342 2167 2511 2211; x_wconf 70' lang='lat' dir='ltr'><strong>exedrte</strong></span> <span class='ocrx_word' id='word_1_570' title='bbox 2533 2167 2712 2210; x_wconf 84' lang='lat' dir='ltr'><strong>institu-</strong></span> 
     </span>
     <span class='ocr_line' id='line_1_84' title="bbox 1525 2222 2711 2274; baseline -0.001 -7"><span class='ocrx_word' id='word_1_571' title='bbox 1525 2226 1585 2267; x_wconf 88' lang='lat' dir='ltr'><strong>tio</strong></span> <span class='ocrx_word' id='word_1_572' title='bbox 1607 2229 1674 2267; x_wconf 86' lang='lat' dir='ltr'><strong>est</strong></span> <span class='ocrx_word' id='word_1_573' title='bbox 1698 2222 1985 2266; x_wconf 76' lang='lat' dir='ltr'><strong>contessionis</strong></span> <span class='ocrx_word' id='word_1_574' title='bbox 2002 2245 2024 2274; x_wconf 90' lang='lat'><strong>,·</strong></span> <span class='ocrx_word' id='word_1_575' title='bbox 2054 2223 2356 2273; x_wconf 80' lang='lat' dir='ltr'><strong>absolutionis,</strong></span> <span class='ocrx_word' id='word_1_576' title='bbox 2382 2223 2711 2267; x_wconf 80' lang='lat' dir='ltr'><strong>luunilitatis.—--</strong></span> 
     </span>
     <span class='ocr_line' id='line_1_85' title="bbox 1527 2278 2709 2336; baseline -0.002 -12"><span class='ocrx_word' id='word_1_577' title='bbox 1527 2280 1593 2324; x_wconf 71' lang='lat'><strong>49.</strong></span> <span class='ocrx_word' id='word_1_578' title='bbox 1620 2278 1932 2332; x_wconf 85' lang='lat' dir='ltr'><strong>Quadantenus</strong></span> <span class='ocrx_word' id='word_1_579' title='bbox 1955 2291 2003 2323; x_wconf 84' lang='lat' dir='ltr'><strong>se</strong></span> <span class='ocrx_word' id='word_1_580' title='bbox 2026 2279 2164 2335; x_wconf 85' lang='lat' dir='ltr'><strong>possit</strong></span> <span class='ocrx_word' id='word_1_581' title='bbox 2191 2291 2400 2323; x_wconf 81' lang='lat' dir='ltr'><strong>excusare</strong></span> <span class='ocrx_word' id='word_1_582' title='bbox 2437 2281 2480 2323; x_wconf 90' lang='lat' dir='ltr'><strong>in</strong></span> <span class='ocrx_word' id='word_1_583' title='bbox 2505 2279 2709 2336; x_wconf 84' lang='lat' dir='ltr'><strong>capitulo,</strong></span> 
     </span>
     <span class='ocr_line' id='line_1_86' title="bbox 1525 2333 2711 2392; baseline -0.004 -10"><span class='ocrx_word' id='word_1_584' title='bbox 1525 2337 1685 2392; x_wconf 84' lang='lat' dir='ltr'><strong>injuste</strong></span> <span class='ocrx_word' id='word_1_585' title='bbox 1706 2340 1951 2390; x_wconf 86' lang='lat' dir='ltr'><strong>accusatus.</strong></span> <span class='ocrx_word' id='word_1_586' title='bbox 1971 2359 2027 2368; x_wconf 89' lang='lat'>-</span> <span class='ocrx_word' id='word_1_587' title='bbox 2051 2335 2121 2379; x_wconf 65' lang='grc' dir='ltr'><strong>ΞΟ.</strong></span> <span class='ocrx_word' id='word_1_588' title='bbox 2151 2334 2416 2386; x_wconf 80' lang='lat' dir='ltr'><strong>Nosocomii,</strong></span> <span class='ocrx_word' id='word_1_589' title='bbox 2439 2335 2567 2392; x_wconf 80' lang='lat' dir='ltr'><strong>vulgo</strong></span> <span class='ocrx_word' id='word_1_590' title='bbox 2590 2333 2711 2378; x_wconf 78' lang='lat' dir='ltr'><strong>infir·-</strong></span> 
     </span>
     <span class='ocr_line' id='line_1_87' title="bbox 1517 2390 2709 2452; baseline -0.001 -17"><span class='ocrx_word' id='word_1_591' title='bbox 1517 2391 1684 2435; x_wconf 77' lang='lat' dir='ltr'><strong>&#39;mitorii</strong></span> <span class='ocrx_word' id='word_1_592' title='bbox 1710 2390 1822 2435; x_wconf 78' lang='lat' dir='ltr'><strong>inter</strong></span> <span class='ocrx_word' id='word_1_593' title='bbox 1842 2391 1936 2434; x_wconf 84' lang='lat' dir='ltr'><strong>loca</strong></span> <span class='ocrx_word' id='word_1_594' title='bbox 1958 2391 2174 2447; x_wconf 85' lang='lat' dir='ltr'><strong>regularia</strong></span> <span class='ocrx_word' id='word_1_595' title='bbox 2196 2393 2401 2452; x_wconf 85' lang='lat' dir='ltr'><strong>postremi</strong></span> <span class='ocrx_word' id='word_1_596' title='bbox 2418 2392 2709 2443; x_wconf 78' lang='lat' dir='ltr'><strong>observantia,</strong></span> 
     </span>
     <span class='ocr_line' id='line_1_88' title="bbox 1527 2447 2364 2502; baseline 0 -10"><span class='ocrx_word' id='word_1_597' title='bbox 1527 2449 1599 2492; x_wconf 82' lang='lat' dir='ltr'><strong>ubi</strong></span> <span class='ocrx_word' id='word_1_598' title='bbox 1625 2448 1723 2491; x_wconf 82' lang='lat' dir='ltr'><strong>linis</strong></span> <span class='ocrx_word' id='word_1_599' title='bbox 1740 2447 1839 2492; x_wconf 79' lang='lat' dir='ltr'><strong>vitae</strong></span> <span class='ocrx_word' id='word_1_600' title='bbox 1856 2452 2130 2502; x_wconf 83' lang='lat' dir='ltr'><strong>exspectatur</strong></span> <span class='ocrx_word' id='word_1_601' title='bbox 2151 2447 2364 2493; x_wconf 85' lang='lat' dir='ltr'><strong>mortalis.</strong></span> 
     </span>
    </p>
   </div>
   <div class='ocr_carea' id='block_1_21' title="bbox 1463 2557 2711 3350">
    <p class='ocr_par' dir='ltr' id='par_1_24' title="bbox 1463 2557 2711 3350">
     <span class='ocr_line' id='line_1_89' title="bbox 1524 2557 2708 2616; baseline 0 -13"><span class='ocrx_word' id='word_1_602' title='bbox 1524 2559 1555 2603; x_wconf 87' lang='lat'><strong>1.</strong></span> <span class='ocrx_word' id='word_1_603' title='bbox 1579 2559 1725 2611; x_wconf 72' lang='lat' dir='ltr'><strong>Varia,</strong></span> <span class='ocrx_word' id='word_1_604' title='bbox 1747 2558 1903 2604; x_wconf 76' lang='lat' dir='ltr'><strong>fratres</strong></span> <span class='ocrx_word' id='word_1_605' title='bbox 1921 2557 2209 2613; x_wconf 85' lang='lat' dir='ltr'><strong>dilectissimi,</strong></span> <span class='ocrx_word' id='word_1_606' title='bbox 2240 2571 2396 2616; x_wconf 77' lang='lat' dir='ltr'><strong>genera</strong></span> <span class='ocrx_word' id='word_1_607' title='bbox 2427 2559 2708 2611; x_wconf 78' lang='lat' dir='ltr'><strong>morborum.</strong></span> 
     </span>
     <span class='ocr_line' id='line_1_90' title="bbox 1463 2631 2710 2688; baseline 0.001 -13"><span class='ocrx_word' id='word_1_608' title='bbox 1463 2633 1585 2677; x_wconf 31' lang='lat' dir='ltr'><strong>&lt;varia</strong></span> <span class='ocrx_word' id='word_1_609' title='bbox 1616 2638 1777 2688; x_wconf 83' lang='lat' dir='ltr'><strong>cogunt</strong></span> <span class='ocrx_word' id='word_1_610' title='bbox 1797 2632 1978 2688; x_wconf 87' lang='lat' dir='ltr'><strong>reperiri</strong></span> <span class='ocrx_word' id='word_1_611' title='bbox 1997 2644 2155 2688; x_wconf 79' lang='lat' dir='ltr'><strong>genera</strong></span> <span class='ocrx_word' id='word_1_612' title='bbox 2181 2633 2420 2676; x_wconf 80' lang='lat' dir='ltr'><strong>medicinae.</strong></span> <span class='ocrx_word' id='word_1_613' title='bbox 2452 2631 2548 2676; x_wconf 89' lang='lat' dir='ltr'><strong>Non</strong></span> <span class='ocrx_word' id='word_1_614' title='bbox 2569 2634 2710 2676; x_wconf 88' lang='lat' dir='ltr'><strong>solum</strong></span> 
     </span>
     <span class='ocr_line' id='line_1_91' title="bbox 1467 2705 2707 2759; baseline -0.001 -11"><span class='ocrx_word' id='word_1_615' title='bbox 1467 2713 1607 2751; x_wconf 86' lang='lat' dir='ltr'><strong>autem</strong></span> <span class='ocrx_word' id='word_1_616' title='bbox 1623 2739 1636 2758; x_wconf 91' lang='lat'><strong>,</strong></span> <span class='ocrx_word' id='word_1_617' title='bbox 1660 2705 1737 2751; x_wconf 89' lang='lat' dir='ltr'><strong>scd</strong></span> <span class='ocrx_word' id='word_1_618' title='bbox 1754 2712 1795 2748; x_wconf 89' lang='lat' dir='ltr'><strong>et</strong></span> <span class='ocrx_word' id='word_1_619' title='bbox 1819 2717 1960 2748; x_wconf 79' lang='lat' dir='ltr'><strong>causae</strong></span> <span class='ocrx_word' id='word_1_620' title='bbox 1982 2710 2024 2748; x_wconf 87' lang='lat' dir='ltr'><strong>ct</strong></span> <span class='ocrx_word' id='word_1_621' title='bbox 2056 2706 2306 2749; x_wconf 84' lang='lat' dir='ltr'><strong>occasiones</strong></span> <span class='ocrx_word' id='word_1_622' title='bbox 2338 2705 2463 2749; x_wconf 87' lang='lat' dir='ltr'><strong>istius</strong></span> <span class='ocrx_word' id='word_1_623' title='bbox 2497 2712 2598 2749; x_wconf 80' lang='lat' dir='ltr'><strong>sunt</strong></span> <span class='ocrx_word' id='word_1_624' title='bbox 2621 2706 2707 2759; x_wconf 85' lang='lat' dir='ltr'><strong>illi;</strong></span> 
     </span>
     <span class='ocr_line' id='line_1_92' title="bbox 1466 2778 2710 2836; baseline 0.001 -14"><span class='ocrx_word' id='word_1_625' title='bbox 1466 2780 1567 2836; x_wconf 86' lang='lat' dir='ltr'><strong>quia</strong></span> <span class='ocrx_word' id='word_1_626' title='bbox 1607 2779 1644 2822; x_wconf 91' lang='lat' dir='ltr'><strong>si</strong></span> <span class='ocrx_word' id='word_1_627' title='bbox 1683 2779 1890 2835; x_wconf 74' lang='lat' dir='ltr'><strong>aegritudo</strong></span> <span class='ocrx_word' id='word_1_628' title='bbox 1913 2778 2029 2821; x_wconf 85' lang='lat' dir='ltr'><strong>nulla</strong></span> <span class='ocrx_word' id='word_1_629' title='bbox 2053 2786 2193 2830; x_wconf 84' lang='lat' dir='ltr'><strong>esset,</strong></span> <span class='ocrx_word' id='word_1_630' title='bbox 2218 2792 2297 2823; x_wconf 89' lang='lat' dir='ltr'><strong>nec</strong></span> <span class='ocrx_word' id='word_1_631' title='bbox 2328 2779 2470 2835; x_wconf 86' lang='lat' dir='ltr'><strong>aliqua</strong></span> <span class='ocrx_word' id='word_1_632' title='bbox 2503 2779 2710 2823; x_wconf 87' lang='lat' dir='ltr'><strong>nimirum</strong></span> 
     </span>
     <span class='ocr_line' id='line_1_93' title="bbox 1466 2850 2709 2909; baseline -0.002 -13"><span class='ocrx_word' id='word_1_633' title='bbox 1466 2852 1679 2896; x_wconf 85' lang='lat' dir='ltr'><strong>medicina</strong></span> <span class='ocrx_word' id='word_1_634' title='bbox 1700 2851 1944 2897; x_wconf 82' lang='lat' dir='ltr'><strong>necessaria</strong></span> <span class='ocrx_word' id='word_1_635' title='bbox 1970 2850 2139 2896; x_wconf 79' lang='lat' dir='ltr'><strong>suisset.</strong></span> <span class='ocrx_word' id='word_1_636' title='bbox 2162 2851 2207 2894; x_wconf 88' lang='lat' dir='ltr'><strong>Si</strong></span> <span class='ocrx_word' id='word_1_637' title='bbox 2232 2863 2408 2896; x_wconf 89' lang='lat' dir='ltr'><strong>causam</strong></span> <span class='ocrx_word' id='word_1_638' title='bbox 2427 2853 2621 2909; x_wconf 87' lang='lat' dir='ltr'><strong>ignoras,</strong></span> <span class='ocrx_word' id='word_1_639' title='bbox 2647 2852 2709 2895; x_wconf 81' lang='lat' dir='ltr'><strong>ait</strong></span> 
     </span>
     <span class='ocr_line' id='line_1_94' title="bbox 1465 2927 2711 2987; baseline -0.003 -14"><span class='ocrx_word' id='word_1_640' title='bbox 1465 2930 1656 2987; x_wconf 82' lang='lat' dir='ltr'><strong>quidam,</strong></span> <span class='ocrx_word' id='word_1_641' title='bbox 1682 2928 1897 2986; x_wconf 89' lang='lat' dir='ltr'><strong>quomodo</strong></span> <span class='ocrx_word' id='word_1_642' title='bbox 1915 2928 2071 2973; x_wconf 86' lang='lat' dir='ltr'><strong>curas?</strong></span> <span class='ocrx_word' id='word_1_643' title='bbox 2095 2927 2183 2984; x_wconf 82' lang='lat' dir='ltr'><strong>Ego</strong></span> <span class='ocrx_word' id='word_1_644' title='bbox 2207 2935 2349 2971; x_wconf 86' lang='lat' dir='ltr'><strong>autem</strong></span> <span class='ocrx_word' id='word_1_645' title='bbox 2372 2927 2485 2972; x_wconf 90' lang='lat' dir='ltr'><strong>dico.</strong></span> <span class='ocrx_word' id='word_1_646' title='bbox 2514 2927 2558 2971; x_wconf 88' lang='lat' dir='ltr'><strong>Si</strong></span> <span class='ocrx_word' id='word_1_647' title='bbox 2574 2927 2711 2971; x_wconf 80' lang='lat' dir='ltr'><strong>nemi·</strong></span> 
     </span>
     <span class='ocr_line' id='line_1_95' title="bbox 1464 2999 2710 3060; baseline -0.005 -11"><span class='ocrx_word' id='word_1_648' title='bbox 1464 3016 1564 3050; x_wconf 84' lang='lat' dir='ltr'><strong>nem</strong></span> <span class='ocrx_word' id='word_1_649' title='bbox 1595 3008 1806 3060; x_wconf 83' lang='lat' dir='ltr'><strong>aegrotare</strong></span> <span class='ocrx_word' id='word_1_650' title='bbox 1841 2999 2117 3054; x_wconf 86' lang='lat' dir='ltr'><strong>consideras,</strong></span> <span class='ocrx_word' id='word_1_651' title='bbox 2154 3014 2280 3058; x_wconf 71' lang='lat' dir='ltr'><strong>quem</strong></span> <span class='ocrx_word' id='word_1_652' title='bbox 2311 3001 2473 3051; x_wconf 80' lang='lat' dir='ltr'><strong>curas?</strong></span> <span class='ocrx_word' id='word_1_653' title='bbox 2495 2999 2619 3053; x_wconf 87' lang='lat' dir='ltr'><strong>Quod</strong></span> <span class='ocrx_word' id='word_1_654' title='bbox 2656 2999 2710 3043; x_wconf 83' lang='lat' dir='ltr'><strong>de</strong></span> 
     </span>
     <span class='ocr_line' id='line_1_96' title="bbox 1465 3072 2710 3133; baseline -0.006 -12"><span class='ocrx_word' id='word_1_655' title='bbox 1465 3077 1628 3121; x_wconf 86' lang='lat' dir='ltr'><strong>morbis</strong></span> <span class='ocrx_word' id='word_1_656' title='bbox 1651 3075 1847 3133; x_wconf 88' lang='lat' dir='ltr'><strong>corporis</strong></span> <span class='ocrx_word' id='word_1_657' title='bbox 1864 3075 2065 3127; x_wconf 90' lang='lat' dir='ltr'><strong>dicimus,</strong></span> <span class='ocrx_word' id='word_1_658' title='bbox 2085 3075 2166 3126; x_wconf 86' lang='lat' dir='ltr'><strong>hoc</strong></span> <span class='ocrx_word' id='word_1_659' title='bbox 2190 3075 2318 3120; x_wconf 88' lang='lat' dir='ltr'><strong>etiam</strong></span> <span class='ocrx_word' id='word_1_660' title='bbox 2346 3073 2397 3118; x_wconf 87' lang='lat' dir='ltr'><strong>de</strong></span> <span class='ocrx_word' id='word_1_661' title='bbox 2424 3073 2585 3118; x_wconf 84' lang='lat' dir='ltr'><strong>morbis</strong></span> <span class='ocrx_word' id='word_1_662' title='bbox 2616 3072 2710 3115; x_wconf 85' lang='lat' dir='ltr'><strong>ani-</strong></span> 
     </span>
     <span class='ocr_line' id='line_1_97' title="bbox 1466 3144 2706 3205; baseline -0.006 -11"><span class='ocrx_word' id='word_1_663' title='bbox 1466 3161 1634 3194; x_wconf 86' lang='lat' dir='ltr'><strong>marum</strong></span> <span class='ocrx_word' id='word_1_664' title='bbox 1668 3149 1812 3194; x_wconf 81' lang='lat' dir='ltr'><strong>dicere</strong></span> <span class='ocrx_word' id='word_1_665' title='bbox 1840 3148 2031 3193; x_wconf 76' lang='lat' dir='ltr'><strong>valemus</strong></span> <span class='ocrx_word' id='word_1_666' title='bbox 2049 3181 2060 3201; x_wconf 86' lang='lat'><strong>,</strong></span> <span class='ocrx_word' id='word_1_667' title='bbox 2085 3147 2199 3205; x_wconf 86' lang='lat' dir='ltr'><strong>quod</strong></span> <span class='ocrx_word' id='word_1_668' title='bbox 2223 3158 2373 3191; x_wconf 84' lang='lat' dir='ltr'><strong>eorum</strong></span> <span class='ocrx_word' id='word_1_669' title='bbox 2410 3146 2609 3190; x_wconf 80' lang='lat' dir='ltr'><strong>videlicet</strong></span> <span class='ocrx_word' id='word_1_670' title='bbox 2638 3144 2706 3188; x_wconf 90' lang='lat' dir='ltr'><strong>di·</strong></span> 
     </span>
     <span class='ocr_line' id='line_1_98' title="bbox 1464 3218 2708 3275; baseline -0.007 -8"><span class='ocrx_word' id='word_1_671' title='bbox 1464 3223 1664 3273; x_wconf 77' lang='lat' dir='ltr'><strong>versitas,</strong></span> <span class='ocrx_word' id='word_1_672' title='bbox 1689 3227 1731 3266; x_wconf 92' lang='lat' dir='ltr'><strong>et</strong></span> <span class='ocrx_word' id='word_1_673' title='bbox 1749 3221 1994 3275; x_wconf 88' lang='lat' dir='ltr'><strong>multitudo,</strong></span> <span class='ocrx_word' id='word_1_674' title='bbox 2010 3221 2422 3268; x_wconf 83' lang='lat' dir='ltr'><strong>medicamentorum</strong></span> <span class='ocrx_word' id='word_1_675' title='bbox 2451 3218 2514 3262; x_wconf 88' lang='lat' dir='ltr'><strong>eis</strong></span> <span class='ocrx_word' id='word_1_676' title='bbox 2535 3228 2708 3272; x_wconf 85' lang='lat' dir='ltr'><strong>compo-</strong></span> 
     </span>
     <span class='ocr_line' id='line_1_99' title="bbox 1465 3291 2708 3350; baseline -0.009 -8"><span class='ocrx_word' id='word_1_677' title='bbox 1465 3297 1645 3342; x_wconf 88' lang='lat' dir='ltr'><strong>tentium</strong></span> <span class='ocrx_word' id='word_1_678' title='bbox 1671 3302 1714 3339; x_wconf 85' lang='lat' dir='ltr'><strong>et</strong></span> <span class='ocrx_word' id='word_1_679' title='bbox 1734 3293 2254 3350; x_wconf 20' lang='lat' dir='ltr'><strong>multitudinemvreperiri</strong></span> <span class='ocrx_word' id='word_1_680' title='bbox 2273 3293 2401 3349; x_wconf 84' lang='lat' dir='ltr'><strong>cogit,</strong></span> <span class='ocrx_word' id='word_1_681' title='bbox 2422 3298 2464 3336; x_wconf 89' lang='lat' dir='ltr'><strong>et</strong></span> <span class='ocrx_word' id='word_1_682' title='bbox 2481 3291 2708 3335; x_wconf 75' lang='lat' dir='ltr'><strong>diversita-</strong></span> 
     </span>
    </p>
   </div>
   <div class='ocr_carea' id='block_1_22' title="bbox 143 3361 2708 3430">
    <p class='ocr_par' dir='ltr' id='par_1_25' title="bbox 143 3361 2708 3430">
     <span class='ocr_line' id='line_1_100' title="bbox 143 3361 2708 3430; baseline 0 -27"><span class='ocrx_word' id='word_1_683' title='bbox 143 3367 245 3405; x_wconf 85' lang='lat' dir='ltr'><strong>tunc</strong></span> <span class='ocrx_word' id='word_1_684' title='bbox 267 3364 406 3407; x_wconf 89' lang='lat' dir='ltr'><strong>solum</strong></span> <span class='ocrx_word' id='word_1_685' title='bbox 429 3364 509 3407; x_wconf 87' lang='lat' dir='ltr'><strong>tibi</strong></span> <span class='ocrx_word' id='word_1_686' title='bbox 532 3365 720 3422; x_wconf 83' lang='lat' dir='ltr'><strong>intellige</strong></span> <span class='ocrx_word' id='word_1_687' title='bbox 745 3366 977 3419; x_wconf 81' lang='lat' dir='ltr'><strong>salubrem,</strong></span> <span class='ocrx_word' id='word_1_688' title='bbox 1004 3367 1104 3410; x_wconf 87' lang='lat' dir='ltr'><strong>dum</strong></span> <span class='ocrx_word' id='word_1_689' title='bbox 1131 3368 1304 3423; x_wconf 87' lang='lat' dir='ltr'><strong>ipsum,</strong></span> <span class='ocrx_word' id='word_1_690' title='bbox 1329 3382 1382 3411; x_wconf 77' lang='lat' dir='ltr'><strong>ex</strong></span> <span class='ocrx_word' id='word_1_691' title='bbox 1408 3387 1442 3430; x_wconf 76' lang='lat' dir='ltr'>D</span> <span class='ocrx_word' id='word_1_692' title='bbox 1466 3375 1569 3413; x_wconf 89' lang='lat' dir='ltr'><strong>tem.</strong></span> <span class='ocrx_word' id='word_1_693' title='bbox 1606 3367 1658 3409; x_wconf 85' lang='lat' dir='ltr'><strong>Et</strong></span> <span class='ocrx_word' id='word_1_694' title='bbox 1693 3368 1807 3422; x_wconf 89' lang='lat' dir='ltr'><strong>quod</strong></span> <span class='ocrx_word' id='word_1_695' title='bbox 1834 3366 1887 3409; x_wconf 89' lang='lat' dir='ltr'><strong>ad</strong></span> <span class='ocrx_word' id='word_1_696' title='bbox 1909 3377 2102 3422; x_wconf 64' lang='lat' dir='ltr'><strong>corpora&gt;</strong></span> <span class='ocrx_word' id='word_1_697' title='bbox 2124 3364 2306 3415; x_wconf 88' lang='lat' dir='ltr'><strong>medici,</strong></span> <span class='ocrx_word' id='word_1_698' title='bbox 2336 3364 2417 3407; x_wconf 87' lang='lat' dir='ltr'><strong>hoc</strong></span> <span class='ocrx_word' id='word_1_699' title='bbox 2450 3362 2502 3405; x_wconf 89' lang='lat' dir='ltr'><strong>ad</strong></span> <span class='ocrx_word' id='word_1_700' title='bbox 2539 3361 2708 3404; x_wconf 83' lang='lat' dir='ltr'><strong>animas</strong></span> 
     </span>
    </p>
   </div>
   <div class='ocr_carea' id='block_1_23' title="bbox 142 3436 1386 4354">
    <p class='ocr_par' dir='ltr' id='par_1_26' title="bbox 142 3436 1386 4354">
     <span class='ocr_line' id='line_1_101' title="bbox 143 3436 1382 3490; baseline 0.005 -12"><span class='ocrx_word' id='word_1_701' title='bbox 143 3436 270 3490; x_wconf 72' lang='lat' dir='ltr'><strong>quus</strong></span> <span class='ocrx_word' id='word_1_702' title='bbox 291 3449 467 3480; x_wconf 88' lang='lat' dir='ltr'><strong>munere</strong></span> <span class='ocrx_word' id='word_1_703' title='bbox 483 3442 565 3490; x_wconf 84' lang='lat' dir='ltr'><strong>est,</strong></span> <span class='ocrx_word' id='word_1_704' title='bbox 591 3439 766 3482; x_wconf 87' lang='lat' dir='ltr'><strong>unicum</strong></span> <span class='ocrx_word' id='word_1_705' title='bbox 805 3438 1034 3483; x_wconf 83' lang='lat' dir='ltr'><strong>Dominum</strong></span> <span class='ocrx_word' id='word_1_706' title='bbox 1068 3446 1266 3485; x_wconf 86' lang='lat' dir='ltr'><strong>nostrum</strong></span> <span class='ocrx_word' id='word_1_707' title='bbox 1310 3439 1382 3484; x_wconf 80' lang='lat' dir='ltr'><strong>Je-</strong></span> 
     </span>
     <span class='ocr_line' id='line_1_102' title="bbox 145 3508 1385 3574; baseline 0.006 -24"><span class='ocrx_word' id='word_1_708' title='bbox 145 3520 240 3550; x_wconf 84' lang='lat' dir='ltr'><strong>sum</strong></span> <span class='ocrx_word' id='word_1_709' title='bbox 260 3508 481 3574; x_wconf 67' lang='lat' dir='ltr'><strong>Cliristum</strong></span> <span class='ocrx_word' id='word_1_710' title='bbox 508 3510 552 3570; x_wconf 84' lang='lat' dir='ltr'><strong>in</strong></span> <span class='ocrx_word' id='word_1_711' title='bbox 570 3523 620 3554; x_wconf 90' lang='lat' dir='ltr'><strong>eo</strong></span> <span class='ocrx_word' id='word_1_712' title='bbox 645 3524 828 3567; x_wconf 85' lang='lat' dir='ltr'><strong>semper,</strong></span> <span class='ocrx_word' id='word_1_713' title='bbox 861 3519 902 3556; x_wconf 84' lang='lat' dir='ltr'><strong>et</strong></span> <span class='ocrx_word' id='word_1_714' title='bbox 930 3514 1087 3569; x_wconf 86' lang='lat' dir='ltr'><strong>ubique</strong></span> <span class='ocrx_word' id='word_1_715' title='bbox 1129 3514 1296 3570; x_wconf 76' lang='lat' dir='ltr'><strong>expetis</strong></span> <span class='ocrx_word' id='word_1_716' title='bbox 1321 3520 1385 3557; x_wconf 87' lang='lat' dir='ltr'><strong>te-</strong></span> 
     </span>
     <span class='ocr_line' id='line_1_103' title="bbox 143 3586 1384 3643; baseline 0.005 -20"><span class='ocrx_word' id='word_1_717' title='bbox 143 3587 253 3629; x_wconf 79' lang='lat' dir='ltr'><strong>stem</strong></span> <span class='ocrx_word' id='word_1_718' title='bbox 270 3614 280 3633; x_wconf 87' lang='lat'><strong>,</strong></span> <span class='ocrx_word' id='word_1_719' title='bbox 297 3588 338 3628; x_wconf 80' lang='lat' dir='ltr'><strong>et</strong></span> <span class='ocrx_word' id='word_1_720' title='bbox 368 3590 593 3640; x_wconf 84' lang='lat' dir='ltr'><strong>exspectas</strong></span> <span class='ocrx_word' id='word_1_721' title='bbox 635 3592 1019 3630; x_wconf 86' lang='lat' dir='ltr'><strong>remuneratorem.</strong></span> <span class='ocrx_word' id='word_1_722' title='bbox 1045 3586 1134 3629; x_wconf 82' lang='lat' dir='ltr'><strong>Hoc</strong></span> <span class='ocrx_word' id='word_1_723' title='bbox 1161 3587 1291 3643; x_wconf 79' lang='lat' dir='ltr'><strong>igitur</strong></span> <span class='ocrx_word' id='word_1_724' title='bbox 1318 3592 1384 3631; x_wconf 88' lang='lat' dir='ltr'><strong>est</strong></span> 
     </span>
     <span class='ocr_line' id='line_1_104' title="bbox 142 3647 1382 3713; baseline 0.005 -17"><span class='ocrx_word' id='word_1_725' title='bbox 142 3647 345 3699; x_wconf 75' lang='lat' dir='ltr'><strong>exhibere</strong></span> <span class='ocrx_word' id='word_1_726' title='bbox 369 3656 652 3701; x_wconf 81' lang='lat' dir='ltr'><strong>obedientiam</strong></span> <span class='ocrx_word' id='word_1_727' title='bbox 677 3670 814 3713; x_wconf 76' lang='lat' dir='ltr'><strong>usque</strong></span> <span class='ocrx_word' id='word_1_728' title='bbox 837 3658 887 3701; x_wconf 83' lang='lat' dir='ltr'><strong>ad</strong></span> <span class='ocrx_word' id='word_1_729' title='bbox 914 3664 1094 3703; x_wconf 86' lang='lat' dir='ltr'><strong>mortem</strong></span> <span class='ocrx_word' id='word_1_730' title='bbox 1117 3659 1159 3703; x_wconf 89' lang='lat' dir='ltr'><strong>in</strong></span> <span class='ocrx_word' id='word_1_731' title='bbox 1182 3659 1382 3710; x_wconf 79' lang='lat' dir='ltr'><strong>Christo,</strong></span> 
     </span>
     <span class='ocr_line' id='line_1_105' title="bbox 147 3725 1383 3787; baseline 0.004 -19"><span class='ocrx_word' id='word_1_732' title='bbox 147 3726 224 3769; x_wconf 85' lang='lat' dir='ltr'><strong>hac</strong></span> <span class='ocrx_word' id='word_1_733' title='bbox 245 3728 315 3782; x_wconf 86' lang='lat' dir='ltr'><strong>pia</strong></span> <span class='ocrx_word' id='word_1_734' title='bbox 332 3725 581 3781; x_wconf 82' lang='lat' dir='ltr'><strong>intentione,</strong></span> <span class='ocrx_word' id='word_1_735' title='bbox 605 3736 647 3773; x_wconf 86' lang='lat' dir='ltr'><strong>et</strong></span> <span class='ocrx_word' id='word_1_736' title='bbox 676 3731 720 3773; x_wconf 88' lang='lat' dir='ltr'><strong>in</strong></span> <span class='ocrx_word' id='word_1_737' title='bbox 750 3731 833 3782; x_wconf 87' lang='lat' dir='ltr'><strong>his,</strong></span> <span class='ocrx_word' id='word_1_738' title='bbox 865 3743 959 3787; x_wconf 80' lang='lat' dir='ltr'><strong>quae</strong></span> <span class='ocrx_word' id='word_1_739' title='bbox 984 3732 1218 3775; x_wconf 87' lang='lat' dir='ltr'><strong>secundum</strong></span> <span class='ocrx_word' id='word_1_740' title='bbox 1251 3731 1383 3774; x_wconf 87' lang='lat' dir='ltr'><strong>Deum</strong></span> 
     </span>
     <span class='ocr_line' id='line_1_106' title="bbox 147 3802 1384 3859; baseline 0.005 -17"><span class='ocrx_word' id='word_1_741' title='bbox 147 3805 263 3851; x_wconf 86' lang='lat' dir='ltr'><strong>sunt,</strong></span> <span class='ocrx_word' id='word_1_742' title='bbox 302 3811 398 3857; x_wconf 71' lang='lat' dir='ltr'><strong>qaae</strong></span> <span class='ocrx_word' id='word_1_743' title='bbox 438 3802 636 3855; x_wconf 82' lang='lat' dir='ltr'><strong>adversa,</strong></span> <span class='ocrx_word' id='word_1_744' title='bbox 680 3815 859 3859; x_wconf 83' lang='lat' dir='ltr'><strong>quaeque</strong></span> <span class='ocrx_word' id='word_1_745' title='bbox 884 3803 1020 3859; x_wconf 77' lang='lat' dir='ltr'><strong>ipsam</strong></span> <span class='ocrx_word' id='word_1_746' title='bbox 1045 3803 1174 3848; x_wconf 82' lang='lat' dir='ltr'><strong>etiam</strong></span> <span class='ocrx_word' id='word_1_747' title='bbox 1206 3811 1384 3848; x_wconf 84' lang='lat' dir='ltr'><strong>mortem</strong></span> 
     </span>
     <span class='ocr_line' id='line_1_107' title="bbox 147 3872 1384 3933; baseline 0.004 -19"><span class='ocrx_word' id='word_1_748' title='bbox 147 3872 367 3927; x_wconf 78' lang='lat' dir='ltr'><strong>inferunt3</strong></span> <span class='ocrx_word' id='word_1_749' title='bbox 392 3883 434 3919; x_wconf 87' lang='lat' dir='ltr'><strong>et</strong></span> <span class='ocrx_word' id='word_1_750' title='bbox 455 3887 681 3931; x_wconf 87' lang='lat' dir='ltr'><strong>quousque</strong></span> <span class='ocrx_word' id='word_1_751' title='bbox 715 3877 844 3919; x_wconf 86' lang='lat' dir='ltr'><strong>vitam</strong></span> <span class='ocrx_word' id='word_1_752' title='bbox 872 3876 982 3919; x_wconf 80' lang='lat' dir='ltr'><strong>lianc</strong></span> <span class='ocrx_word' id='word_1_753' title='bbox 1019 3877 1143 3921; x_wconf 78' lang='lat' dir='ltr'><strong>tinias</strong></span> <span class='ocrx_word' id='word_1_754' title='bbox 1167 3884 1384 3933; x_wconf 82' lang='lat' dir='ltr'><strong>tempora-</strong></span> 
     </span>
     <span class='ocr_line' id='line_1_108' title="bbox 146 3945 1385 4006; baseline 0.004 -19"><span class='ocrx_word' id='word_1_755' title='bbox 146 3945 245 3997; x_wconf 88' lang='lat' dir='ltr'><strong>lem,</strong></span> <span class='ocrx_word' id='word_1_756' title='bbox 270 3947 522 3992; x_wconf 76' lang='lat' dir='ltr'><strong>obedientiae</strong></span> <span class='ocrx_word' id='word_1_757' title='bbox 550 3951 776 4004; x_wconf 83' lang='lat' dir='ltr'><strong>patienter,</strong></span> <span class='ocrx_word' id='word_1_758' title='bbox 819 3954 968 3993; x_wconf 85' lang='lat' dir='ltr'><strong>sancte</strong></span> <span class='ocrx_word' id='word_1_759' title='bbox 992 3954 1035 3994; x_wconf 87' lang='lat' dir='ltr'><strong>et</strong></span> <span class='ocrx_word' id='word_1_760' title='bbox 1061 3957 1385 4006; x_wconf 77' lang='lat' dir='ltr'><strong>perseveranter</strong></span> 
     </span>
     <span class='ocr_line' id='line_1_109' title="bbox 148 4018 1383 4069; baseline 0.006 -9"><span class='ocrx_word' id='word_1_761' title='bbox 148 4018 346 4063; x_wconf 84' lang='lat' dir='ltr'><strong>insistere</strong></span> <span class='ocrx_word' id='word_1_762' title='bbox 373 4023 608 4067; x_wconf 80' lang='lat' dir='ltr'><strong>exercitio:</strong></span> <span class='ocrx_word' id='word_1_763' title='bbox 651 4030 698 4066; x_wconf 91' lang='lat' dir='ltr'><strong>ut</strong></span> <span class='ocrx_word' id='word_1_764' title='bbox 739 4029 780 4067; x_wconf 85' lang='lat' dir='ltr'><strong>et</strong></span> <span class='ocrx_word' id='word_1_765' title='bbox 817 4025 897 4068; x_wconf 86' lang='lat' dir='ltr'><strong>soli</strong></span> <span class='ocrx_word' id='word_1_766' title='bbox 938 4025 981 4067; x_wconf 88' lang='lat' dir='ltr'><strong>in</strong></span> <span class='ocrx_word' id='word_1_767' title='bbox 1005 4024 1073 4067; x_wconf 86' lang='lat' dir='ltr'><strong>bis</strong></span> <span class='ocrx_word' id='word_1_768' title='bbox 1102 4026 1305 4068; x_wconf 89' lang='lat' dir='ltr'><strong>omnibus</strong></span> <span class='ocrx_word' id='word_1_769' title='bbox 1339 4026 1383 4069; x_wconf 86' lang='lat' dir='ltr'><strong>in</strong></span> 
     </span>
     <span class='ocr_line' id='line_1_110' title="bbox 148 4093 1385 4154; baseline 0.006 -20"><span class='ocrx_word' id='word_1_770' title='bbox 148 4093 347 4154; x_wconf 77' lang='lat' dir='ltr'><strong>praesenti</strong></span> <span class='ocrx_word' id='word_1_771' title='bbox 372 4094 542 4149; x_wconf 81' lang='lat' dir='ltr'><strong>placeas</strong></span> <span class='ocrx_word' id='word_1_772' title='bbox 560 4094 750 4149; x_wconf 79' lang='lat' dir='ltr'><strong>CliristO,</strong></span> <span class='ocrx_word' id='word_1_773' title='bbox 778 4103 821 4141; x_wconf 84' lang='lat' dir='ltr'><strong>et</strong></span> <span class='ocrx_word' id='word_1_774' title='bbox 842 4109 918 4152; x_wconf 89' lang='lat' dir='ltr'><strong>pro</strong></span> <span class='ocrx_word' id='word_1_775' title='bbox 940 4097 1007 4140; x_wconf 80' lang='lat' dir='ltr'><strong>liis</strong></span> <span class='ocrx_word' id='word_1_776' title='bbox 1028 4098 1229 4141; x_wconf 88' lang='lat' dir='ltr'><strong>omnibus</strong></span> <span class='ocrx_word' id='word_1_777' title='bbox 1253 4098 1295 4140; x_wconf 86' lang='lat' dir='ltr'><strong>iu</strong></span> <span class='ocrx_word' id='word_1_778' title='bbox 1318 4098 1385 4141; x_wconf 86' lang='lat' dir='ltr'><strong>su·</strong></span> 
     </span>
     <span class='ocr_line' id='line_1_111' title="bbox 151 4165 1386 4227; baseline 0.006 -21"><span class='ocrx_word' id='word_1_779' title='bbox 151 4170 248 4208; x_wconf 89' lang='lat' dir='ltr'><strong>turo</strong></span> <span class='ocrx_word' id='word_1_780' title='bbox 271 4165 356 4208; x_wconf 84' lang='lat' dir='ltr'><strong>srui</strong></span> <span class='ocrx_word' id='word_1_781' title='bbox 381 4169 587 4210; x_wconf 86' lang='lat' dir='ltr'><strong>merearis</strong></span> <span class='ocrx_word' id='word_1_782' title='bbox 612 4168 786 4213; x_wconf 82' lang='lat' dir='ltr'><strong>Christo</strong></span> <span class='ocrx_word' id='word_1_783' title='bbox 804 4203 815 4221; x_wconf 87' lang='lat'>‚</span> <span class='ocrx_word' id='word_1_784' title='bbox 852 4170 925 4227; x_wconf 87' lang='lat' dir='ltr'><strong>qui</strong></span> <span class='ocrx_word' id='word_1_785' title='bbox 950 4176 1017 4213; x_wconf 89' lang='lat' dir='ltr'><strong>est</strong></span> <span class='ocrx_word' id='word_1_786' title='bbox 1046 4182 1145 4214; x_wconf 87' lang='lat' dir='ltr'><strong>cum</strong></span> <span class='ocrx_word' id='word_1_787' title='bbox 1185 4169 1312 4214; x_wconf 83' lang='lat' dir='ltr'><strong>Patre</strong></span> <span class='ocrx_word' id='word_1_788' title='bbox 1343 4178 1386 4213; x_wconf 86' lang='lat' dir='ltr'><strong>et</strong></span> 
     </span>
     <span class='ocr_line' id='line_1_112' title="bbox 151 4238 1383 4296; baseline 0.006 -18"><span class='ocrx_word' id='word_1_789' title='bbox 151 4243 300 4281; x_wconf 86' lang='lat' dir='ltr'><strong>sancto</strong></span> <span class='ocrx_word' id='word_1_790' title='bbox 312 4239 536 4295; x_wconf 85' lang='lat' dir='ltr'><strong>utriusque</strong></span> <span class='ocrx_word' id='word_1_791' title='bbox 550 4238 710 4296; x_wconf 86' lang='lat' dir='ltr'><strong>Spiritu</strong></span> <span class='ocrx_word' id='word_1_792' title='bbox 734 4241 848 4286; x_wconf 88' lang='lat' dir='ltr'><strong>Deus</strong></span> <span class='ocrx_word' id='word_1_793' title='bbox 867 4241 1115 4287; x_wconf 85' lang='lat' dir='ltr'><strong>benedictus</strong></span> <span class='ocrx_word' id='word_1_794' title='bbox 1140 4241 1183 4285; x_wconf 90' lang='lat' dir='ltr'><strong>in</strong></span> <span class='ocrx_word' id='word_1_795' title='bbox 1207 4242 1383 4286; x_wconf 82' lang='lat' dir='ltr'><strong>saecula.</strong></span> 
     </span>
     <span class='ocr_line' id='line_1_113' title="bbox 150 4307 299 4354; baseline 0.013 -2"><span class='ocrx_word' id='word_1_796' title='bbox 150 4307 299 4354; x_wconf 79' lang='lat' dir='ltr'><strong>Amen.</strong></span> 
     </span>
    </p>
   </div>
   <div class='ocr_carea' id='block_1_24' title="bbox 1463 3437 2708 4428">
    <p class='ocr_par' dir='ltr' id='par_1_27' title="bbox 1463 3437 2708 4428">
     <span class='ocr_line' id='line_1_114' title="bbox 1467 3437 2704 3497; baseline -0.007 -11"><span class='ocrx_word' id='word_1_797' title='bbox 1467 3446 1569 3486; x_wconf 84' lang='lat' dir='ltr'><strong>sunt</strong></span> <span class='ocrx_word' id='word_1_798' title='bbox 1587 3441 1763 3497; x_wconf 81' lang='lat' dir='ltr'><strong>praelati.</strong></span> <span class='ocrx_word' id='word_1_799' title='bbox 1791 3439 2017 3494; x_wconf 80' lang='lat' dir='ltr'><strong>AEgritudo</strong></span> <span class='ocrx_word' id='word_1_800' title='bbox 2047 3438 2245 3489; x_wconf 88' lang='lat' dir='ltr'><strong>illorum,</strong></span> <span class='ocrx_word' id='word_1_801' title='bbox 2271 3437 2491 3491; x_wconf 85' lang='lat' dir='ltr'><strong>corruptio</strong></span> <span class='ocrx_word' id='word_1_802' title='bbox 2518 3441 2704 3485; x_wconf 83' lang='lat' dir='ltr'><strong>naturae;</strong></span> 
     </span>
     <span class='ocr_line' id='line_1_115' title="bbox 1466 3505 2707 3566; baseline -0.01 -10"><span class='ocrx_word' id='word_1_803' title='bbox 1466 3513 1618 3557; x_wconf 87' lang='lat' dir='ltr'><strong>barum</strong></span> <span class='ocrx_word' id='word_1_804' title='bbox 1647 3525 1773 3563; x_wconf 73' lang='lat' dir='ltr'><strong>vero,</strong></span> <span class='ocrx_word' id='word_1_805' title='bbox 1801 3511 2064 3566; x_wconf 84' lang='lat' dir='ltr'><strong>perpetratio</strong></span> <span class='ocrx_word' id='word_1_806' title='bbox 2088 3509 2237 3564; x_wconf 77' lang='lat' dir='ltr'><strong>culpae.</strong></span> <span class='ocrx_word' id='word_1_807' title='bbox 2275 3506 2375 3557; x_wconf 82' lang='lat' dir='ltr'><strong>Sed,</strong></span> <span class='ocrx_word' id='word_1_808' title='bbox 2404 3512 2450 3548; x_wconf 89' lang='lat' dir='ltr'><strong>ut</strong></span> <span class='ocrx_word' id='word_1_809' title='bbox 2486 3505 2586 3560; x_wconf 86' lang='lat' dir='ltr'><strong>quid</strong></span> <span class='ocrx_word' id='word_1_810' title='bbox 2609 3505 2707 3547; x_wconf 69' lang='lat' dir='ltr'><strong>dicu</strong></span> 
     </span>
     <span class='ocr_line' id='line_1_116' title="bbox 1465 3575 2708 3638; baseline -0.011 -8"><span class='ocrx_word' id='word_1_811' title='bbox 1465 3586 1683 3629; x_wconf 86' lang='lat' dir='ltr'><strong>hominem</strong></span> <span class='ocrx_word' id='word_1_812' title='bbox 1718 3590 1819 3627; x_wconf 82' lang='lat' dir='ltr'><strong>tunc</strong></span> <span class='ocrx_word' id='word_1_813' title='bbox 1853 3587 2091 3638; x_wconf 87' lang='lat' dir='ltr'><strong>aegrotare,</strong></span> <span class='ocrx_word' id='word_1_814' title='bbox 2120 3593 2217 3623; x_wconf 84' lang='lat' dir='ltr'><strong>cum</strong></span> <span class='ocrx_word' id='word_1_815' title='bbox 2257 3583 2473 3634; x_wconf 84' lang='lat' dir='ltr'><strong>perpetrat</strong></span> <span class='ocrx_word' id='word_1_816' title='bbox 2510 3575 2708 3631; x_wconf 83' lang='lat' dir='ltr'><strong>culpam?</strong></span> 
     </span>
     <span class='ocr_line' id='line_1_117' title="bbox 1463 3648 2702 3711; baseline -0.01 -10"><span class='ocrx_word' id='word_1_817' title='bbox 1463 3657 1572 3700; x_wconf 87' lang='lat' dir='ltr'><strong>Nam</strong></span> <span class='ocrx_word' id='word_1_818' title='bbox 1595 3656 1854 3704; x_wconf 82' lang='lat' dir='ltr'><strong>infirmatur,</strong></span> <span class='ocrx_word' id='word_1_819' title='bbox 1879 3666 1975 3696; x_wconf 85' lang='lat' dir='ltr'><strong>cum</strong></span> <span class='ocrx_word' id='word_1_820' title='bbox 2001 3653 2129 3696; x_wconf 84' lang='lat' dir='ltr'><strong>etiam</strong></span> <span class='ocrx_word' id='word_1_821' title='bbox 2155 3652 2199 3694; x_wconf 89' lang='lat' dir='ltr'><strong>in</strong></span> <span class='ocrx_word' id='word_1_822' title='bbox 2234 3655 2410 3711; x_wconf 80' lang='lat' dir='ltr'><strong>peccato</strong></span> <span class='ocrx_word' id='word_1_823' title='bbox 2443 3648 2702 3700; x_wconf 67' lang='lat' dir='ltr'><strong>delectatur:</strong></span> 
     </span>
     <span class='ocr_line' id='line_1_118' title="bbox 1464 3719 2702 3783; baseline -0.012 -9"><span class='ocrx_word' id='word_1_824' title='bbox 1464 3736 1507 3774; x_wconf 90' lang='lat' dir='ltr'><strong>et</strong></span> <span class='ocrx_word' id='word_1_825' title='bbox 1529 3728 1697 3774; x_wconf 79' lang='lat' dir='ltr'><strong>effectui</strong></span> <span class='ocrx_word' id='word_1_826' title='bbox 1716 3732 1891 3783; x_wconf 79' lang='lat' dir='ltr'><strong>peccata</strong></span> <span class='ocrx_word' id='word_1_827' title='bbox 1918 3723 2158 3768; x_wconf 81' lang='lat' dir='ltr'><strong>criminalia</strong></span> <span class='ocrx_word' id='word_1_828' title='bbox 2184 3724 2429 3778; x_wconf 85' lang='lat' dir='ltr'><strong>mancipare</strong></span> <span class='ocrx_word' id='word_1_829' title='bbox 2448 3753 2458 3772; x_wconf 89' lang='lat'><strong>,</strong></span> <span class='ocrx_word' id='word_1_830' title='bbox 2488 3719 2596 3762; x_wconf 87' lang='lat' dir='ltr'><strong>mori</strong></span> <span class='ocrx_word' id='word_1_831' title='bbox 2620 3724 2702 3763; x_wconf 85' lang='lat' dir='ltr'><strong>cst.</strong></span> 
     </span>
     <span class='ocr_line' id='line_1_119' title="bbox 1465 3792 2703 3855; baseline -0.011 -11"><span class='ocrx_word' id='word_1_832' title='bbox 1465 3801 1627 3844; x_wconf 82' lang='lat' dir='ltr'><strong>Horum</strong></span> <span class='ocrx_word' id='word_1_833' title='bbox 1657 3811 1827 3855; x_wconf 87' lang='lat' dir='ltr'><strong>quoque</strong></span> <span class='ocrx_word' id='word_1_834' title='bbox 1861 3802 2134 3852; x_wconf 85' lang='lat' dir='ltr'><strong>peccatorum</strong></span> <span class='ocrx_word' id='word_1_835' title='bbox 2168 3795 2302 3838; x_wconf 83' lang='lat' dir='ltr'><strong>multa</strong></span> <span class='ocrx_word' id='word_1_836' title='bbox 2347 3792 2576 3836; x_wconf 66' lang='lat' dir='ltr'><strong>diversitas</strong></span> <span class='ocrx_word' id='word_1_837' title='bbox 2611 3795 2703 3841; x_wconf 79' lang='lat' dir='ltr'><strong>est,</strong></span> 
     </span>
     <span class='ocr_line' id='line_1_120' title="bbox 1464 3867 2706 3918; baseline -0.01 0"><span class='ocrx_word' id='word_1_838' title='bbox 1464 3879 1507 3918; x_wconf 85' lang='lat' dir='ltr'><strong>et</strong></span> <span class='ocrx_word' id='word_1_839' title='bbox 1530 3873 1698 3917; x_wconf 81' lang='lat' dir='ltr'><strong>diversa</strong></span> <span class='ocrx_word' id='word_1_840' title='bbox 1721 3871 1999 3915; x_wconf 84' lang='lat' dir='ltr'><strong>nihilominus</strong></span> <span class='ocrx_word' id='word_1_841' title='bbox 2014 3867 2263 3918; x_wconf 87' lang='lat' dir='ltr'><strong>multitudo,</strong></span> <span class='ocrx_word' id='word_1_842' title='bbox 2291 3867 2333 3910; x_wconf 89' lang='lat' dir='ltr'><strong>in</strong></span> <span class='ocrx_word' id='word_1_843' title='bbox 2358 3871 2538 3914; x_wconf 82' lang='lat' dir='ltr'><strong>tantum,</strong></span> <span class='ocrx_word' id='word_1_844' title='bbox 2560 3870 2605 3906; x_wconf 87' lang='lat' dir='ltr'><strong>ut</strong></span> <span class='ocrx_word' id='word_1_845' title='bbox 2627 3874 2706 3906; x_wconf 88' lang='lat' dir='ltr'><strong>nec</strong></span> 
     </span>
     <span class='ocr_line' id='line_1_121' title="bbox 1465 3938 2704 3999; baseline -0.01 -9"><span class='ocrx_word' id='word_1_846' title='bbox 1465 3957 1648 3991; x_wconf 86' lang='lat' dir='ltr'><strong>numero</strong></span> <span class='ocrx_word' id='word_1_847' title='bbox 1665 3942 1997 3999; x_wconf 86' lang='lat' dir='ltr'><strong>comprehendi,</strong></span> <span class='ocrx_word' id='word_1_848' title='bbox 2023 3954 2101 3985; x_wconf 82' lang='lat' dir='ltr'><strong>nec</strong></span> <span class='ocrx_word' id='word_1_849' title='bbox 2118 3941 2335 3984; x_wconf 86' lang='lat' dir='ltr'><strong>intellectu</strong></span> <span class='ocrx_word' id='word_1_850' title='bbox 2362 3944 2520 3994; x_wconf 86' lang='lat' dir='ltr'><strong>queant</strong></span> <span class='ocrx_word' id='word_1_851' title='bbox 2553 3938 2704 3992; x_wconf 83' lang='lat' dir='ltr'><strong>depre-</strong></span> 
     </span>
     <span class='ocr_line' id='line_1_122' title="bbox 1466 4008 2703 4069; baseline -0.01 -7"><span class='ocrx_word' id='word_1_852' title='bbox 1466 4018 1609 4063; x_wconf 86' lang='lat' dir='ltr'><strong>hendi.</strong></span> <span class='ocrx_word' id='word_1_853' title='bbox 1639 4017 1746 4060; x_wconf 85' lang='lat' dir='ltr'><strong>Nam</strong></span> <span class='ocrx_word' id='word_1_854' title='bbox 1768 4015 1918 4058; x_wconf 78' lang='lat' dir='ltr'><strong>delicta</strong></span> <span class='ocrx_word' id='word_1_855' title='bbox 1947 4015 2037 4069; x_wconf 74' lang='lat' dir='ltr'><strong>quis</strong></span> <span class='ocrx_word' id='word_1_856' title='bbox 2059 4012 2278 4068; x_wconf 61' lang='lat' dir='ltr'><strong>intelligit?</strong></span> <span class='ocrx_word' id='word_1_857' title='bbox 2298 4011 2434 4068; x_wconf 71' lang='lat' dir='ltr'><strong>(psat.</strong></span> <span class='ocrx_word' id='word_1_858' title='bbox 2460 4021 2590 4059; x_wconf 74' lang='lat' dir='ltr'><strong>xviii,</strong></span> <span class='ocrx_word' id='word_1_859' title='bbox 2615 4008 2703 4064; x_wconf 77' lang='lat'><strong>¹5.)</strong></span> 
     </span>
     <span class='ocr_line' id='line_1_123' title="bbox 1466 4080 2701 4144; baseline -0.009 -10"><span class='ocrx_word' id='word_1_860' title='bbox 1466 4091 1543 4134; x_wconf 85' lang='lat' dir='ltr'><strong>His</strong></span> <span class='ocrx_word' id='word_1_861' title='bbox 1567 4096 1707 4134; x_wconf 88' lang='lat' dir='ltr'><strong>autem</strong></span> <span class='ocrx_word' id='word_1_862' title='bbox 1734 4086 2022 4144; x_wconf 69' lang='lat' dir='ltr'><strong>praecavendis</strong></span> <span class='ocrx_word' id='word_1_863' title='bbox 2057 4090 2099 4128; x_wconf 87' lang='lat' dir='ltr'><strong>et</strong></span> <span class='ocrx_word' id='word_1_864' title='bbox 2123 4084 2343 4127; x_wconf 83' lang='lat' dir='ltr'><strong>abolendis</strong></span> <span class='ocrx_word' id='word_1_865' title='bbox 2371 4080 2701 4138; x_wconf 64' lang='lat' dir='ltr'><strong>(praecavendis.</strong></span> 
     </span>
     <span class='ocr_line' id='line_1_124' title="bbox 1466 4157 2702 4220; baseline -0.013 -12"><span class='ocrx_word' id='word_1_866' title='bbox 1466 4167 1663 4220; x_wconf 83' lang='lat' dir='ltr'><strong>inquam,</strong></span> <span class='ocrx_word' id='word_1_867' title='bbox 1690 4168 1736 4205; x_wconf 91' lang='lat' dir='ltr'><strong>ut</strong></span> <span class='ocrx_word' id='word_1_868' title='bbox 1768 4159 2010 4216; x_wconf 59' lang='lat' dir='ltr'><strong>aegritudini</strong></span> <span class='ocrx_word' id='word_1_869' title='bbox 2046 4157 2257 4213; x_wconf 85' lang='lat' dir='ltr'><strong>spirituali</strong></span> <span class='ocrx_word' id='word_1_870' title='bbox 2288 4168 2459 4199; x_wconf 83' lang='lat' dir='ltr'><strong>causam</strong></span> <span class='ocrx_word' id='word_1_871' title='bbox 2496 4160 2536 4196; x_wconf 87' lang='lat' dir='ltr'><strong>et</strong></span> <span class='ocrx_word' id='word_1_872' title='bbox 2575 4164 2702 4195; x_wconf 83' lang='lat' dir='ltr'><strong>occa-</strong></span> 
     </span>
     <span class='ocr_line' id='line_1_125' title="bbox 1466 4224 2704 4278; baseline -0.013 0"><span class='ocrx_word' id='word_1_873' title='bbox 1466 4236 1627 4278; x_wconf 87' lang='lat' dir='ltr'><strong>sionem</strong></span> <span class='ocrx_word' id='word_1_874' title='bbox 1652 4231 1846 4275; x_wconf 80' lang='lat' dir='ltr'><strong>auferant</strong></span> <span class='ocrx_word' id='word_1_875' title='bbox 1869 4246 1876 4272; x_wconf 90' lang='lat'>:</span> <span class='ocrx_word' id='word_1_876' title='bbox 1901 4228 2120 4273; x_wconf 86' lang='lat' dir='ltr'><strong>abolendis</strong></span> <span class='ocrx_word' id='word_1_877' title='bbox 2138 4259 2148 4278; x_wconf 88' lang='lat'><strong>,</strong></span> <span class='ocrx_word' id='word_1_878' title='bbox 2173 4232 2220 4269; x_wconf 87' lang='lat' dir='ltr'><strong>ut</strong></span> <span class='ocrx_word' id='word_1_879' title='bbox 2245 4227 2423 4269; x_wconf 86' lang='lat' dir='ltr'><strong>salutem</strong></span> <span class='ocrx_word' id='word_1_880' title='bbox 2451 4224 2558 4267; x_wconf 82' lang='lat' dir='ltr'><strong>sorte</strong></span> <span class='ocrx_word' id='word_1_881' title='bbox 2574 4224 2704 4264; x_wconf 87' lang='lat' dir='ltr'><strong>amis--</strong></span> 
     </span>
     <span class='ocr_line' id='line_1_126' title="bbox 1468 4295 2702 4356; baseline -0.011 -7"><span class='ocrx_word' id='word_1_882' title='bbox 1468 4318 1560 4350; x_wconf 76' lang='lat' dir='ltr'><strong>sani</strong></span> <span class='ocrx_word' id='word_1_883' title='bbox 1586 4302 1857 4352; x_wconf 74' lang='lat' dir='ltr'><strong>restituant),</strong></span> <span class='ocrx_word' id='word_1_884' title='bbox 1898 4301 2021 4356; x_wconf 84' lang='lat' dir='ltr'><strong>quasi</strong></span> <span class='ocrx_word' id='word_1_885' title='bbox 2059 4301 2230 4346; x_wconf 78' lang='lat' dir='ltr'><strong>auidam</strong></span> <span class='ocrx_word' id='word_1_886' title='bbox 2268 4297 2420 4340; x_wconf 74' lang='lat' dir='ltr'><strong>medici</strong></span> <span class='ocrx_word' id='word_1_887' title='bbox 2465 4295 2623 4350; x_wconf 69' lang='lat' dir='ltr'><strong>pneluti</strong></span> <span class='ocrx_word' id='word_1_888' title='bbox 2659 4295 2702 4335; x_wconf 83' lang='lat' dir='ltr'><strong>iu</strong></span> 
     </span>
     <span class='ocr_line' id='line_1_127' title="bbox 1468 4369 2701 4428; baseline -0.012 -3"><span class='ocrx_word' id='word_1_889' title='bbox 1468 4390 1616 4426; x_wconf 76' lang='lat' dir='ltr'><strong>sancta</strong></span> <span class='ocrx_word' id='word_1_890' title='bbox 1653 4378 1841 4422; x_wconf 81' lang='lat' dir='ltr'><strong>Ecclesia</strong></span> <span class='ocrx_word' id='word_1_891' title='bbox 1879 4375 2063 4418; x_wconf 84' lang='lat' dir='ltr'><strong>instituti</strong></span> <span class='ocrx_word' id='word_1_892' title='bbox 2093 4379 2215 4425; x_wconf 82' lang='lat' dir='ltr'><strong>sunt,</strong></span> <span class='ocrx_word' id='word_1_893' title='bbox 2255 4374 2326 4428; x_wconf 80' lang='lat' dir='ltr'><strong>qui</strong></span> <span class='ocrx_word' id='word_1_894' title='bbox 2366 4369 2701 4425; x_wconf 62' lang='lat' dir='ltr'><strong>compet-ciuibus</strong></span> 
     </span>
    </p>
   </div>
  </div>
 </body>
</html>
