2924 4588
292 132 400 181 twa

1305 121 1467 164 Parui
1498 121 1607 167 COM
1616 119 1845 165 ESToRts
1870 154 1879 159 .

2735 123 2924 186 ιιιιιι1

289 221 480 268 introibit
522 218 727 275 sapientia
747 216 868 274 (Sap.
897 217 948 270 ι),
972 215 1012 258 id
1039 222 1104 259 est
1133 216 1290 272 sapida
1329 216 1526 260 scientia.
1550 220 1587 265 A
1609 216 1654 260 iu
1691 215 1891 259 omnibus
1917 215 2119 270 negotiis,
2145 227 2240 272 quae
2265 214 2370 259 liunt
2406 215 2487 260 sub
2522 215 2638 270 sole,
2669 230 2755 262 non
2779 225 2845 264 est

247 293 266 316 α
290 276 451 322 Ετόιιειι
470 293 479 327 ;
501 276 573 326 tiu,
594 275 771 317 sciolum
787 279 827 316 te
838 273 1033 328 putabas,
1046 284 1142 314 cum
1166 273 1387 315 divideoas
1405 273 1529 314 theo-

290 337 422 377 ricam
448 344 522 388 per
546 330 750 373 intellecti
797 341 854 378 m,
886 327 1314 384 perjnteuigihitem,
1335 339 1412 382 per
1455 338 1527 369 ra-

288 390 491 432 tionalem
514 401 523 429 :
575 391 655 427 hoc
699 396 746 428 es
770 416 782 434 ‚
807 396 884 438 per
912 381 1215 441 'Theologiaim
1243 395 1316 437 per
1346 383 1530 442 philolo-

289 447 418 500 giam.
445 455 518 498 per
535 439 874 496 physiologiam:
906 451 982 495 per
1003 451 1096 481 eam
1124 438 1307 488 scilicet,
1329 449 1425 492 quae
1442 437 1530 493 agit

291 504 342 544 de
390 499 489 548 Deo.
539 508 615 551 pc
656 506 749 538 eam
802 506 907 549 quae-
943 494 995 536 de
1042 493 1282 548 spiritibus,
1324 505 1401 547 per
1431 503 1528 535 eam

290 567 385 611 quae
429 554 483 595 de
527 550 813 606 corporibus:
839 556 891 593 te
923 547 1195 605 prudentem·
1229 548 1526 598 existimabas,

290 624 384 653 cum
406 607 636 662 separabas
661 606 894 660 practicam
928 616 1006 660 per
1035 604 1262 660 privatam,
1283 615 1359 658 per·
1379 602 1530 645 dome-

287 668 457 713 sticam,
489 674 563 716 per
586 661 818 716 politicam.
839 659 1151 707 admirabaris,
1176 658 1251 710 tili,
1293 664 1528 706 torrentem

289 720 446 775 eloquii
472 717 676 765 Tulliani,
700 716 938 758 ventilatas·
966 714 1288 758 exhortationes
1309 713 1525 764 isocratis,

291 776 537 820 anhelantia
582 772 711 814 verba
750 769 1067 818 Demosthenis,
1099 770 1172 825 qui
1212 781 1281 813 res
1317 768 1529 824 gerendas

276 833 398 875 ,vivis
423 828 694 874 s·=rnionibus
726 826 989 869 animabant.
1014 824 1240 867 Labor-asti
1258 837 1388 879 super
1409 835 1530 867 com-

289 888 510 944 plexiones
551 882 795 926 Aristotelis
832 881 1072 929 l'estinatas,
1091 893 1200 937 quas
1236 879 1344 923 adeo
1377 881 1528 923 breves

289 944 436 994 edidit,
467 951 517 982 ac
541 939 577 982 si
605 950 691 981 non
709 937 934 981 edidisset.
963 937 1005 979 ln
1034 937 1102 979 bis
1126 935 1326 979 omnibus
1345 934 1528 977 facunda

290 998 459 1053 quidem
481 1004 545 1039 est
569 994 795 1050 sapientia,
813 993 888 1036 sel
914 991 1158 1035 infecunda.
1186 990 1280 1034 Non
1305 991 1419 1034 enim
1435 991 1527 1044 spi«-

291 1056 401 1097 ritus
417 1058 460 1095 et
479 1051 565 1104 vita
586 1057 703 1100 sunt,
730 1049 783 1092 de
800 1049 957 1103 quihus
981 1047 1089 1090 dixit
1110 1047 1317 1089 Dominus
1336 1057 1413 1102 per
1426 1057 1526 1100 pro·

290 1111 460 1164 phetam
473 1122 483 1148 ·.
499 1106 675 1148 Perdam
687 1105 934 1158 »apientiam
944 1102 1189 1157 sapientium
1197 1135 1208 1151 ‚
1218 1109 1256 1144 ct
1265 1101 1527 1157 prudentiam

289 1163 604 1220 prude'ntiumre
634 1157 904 1215 robabosssa.
918 1171 1020 1203 xxix
1038 1172 1049 1211 ;
1064 1158 1084 1199 Ι
1103 1157 1202 1201 Gora
1218 1158 1267 1214 ι).
1286 1157 1409 1200 Nunc
1432 1162 1530 1200 tan-

290 1222 405 1268 dem,
429 1218 508 1272 fili,
532 1230 595 1259 me
639 1215 845 1262 invenisti,
869 1215 910 1258 id
928 1221 994 1257 est
1016 1214 1305 1268 cognitionem
1329 1212 1382 1255 de
1405 1218 1526 1255 utra-

1610 272 1693 315 nisi
1722 271 1843 314 labor
1864 277 1905 312 ct
1930 271 2105 314 afflictio
2129 272 2336 327 spiritus;
2377 277 2423 314 tu
2451 278 2592 316 autem
2632 275 2843 331 elongasti

1611 327 1797 380 fugiens,
1823 331 1864 369 et
1887 338 2035 370 manes
2059 327 2101 370 in
2128 327 2363 371 solitudine
2385 326 2523 382 (Psal.
2556 328 2662 380 ιιν),
2689 331 2730 372 in
2755 331 2846 375 otio

1610 381 1985 436 contemplationis
2004 388 2046 425 et
2059 383 2263 437 paradiso
2279 383 2515 427 claustrali.
2537 381 2623 426 Mel
2639 384 2844 439 invenisti,

1610 437 1658 479 id*
1678 441 1743 479 est
1767 438 1866 478 vitae
1890 437 2246 488 mediocritatem,
2263 450 2391 493 quam
2413 450 2586 481 auream
2609 439 2724 495 (iol)
2749 441 2847 496 phi-

1610 492 1818 546 losophus
1834 492 2080 545 appellavit.
2103 493 2340 537 Charaeter
2361 494 2473 536 enim
2497 495 2664 539 ordinis
2684 498 2744 538 tui
2763 502 2845 545 est.

1609 546 1889 590 mediocritas
1918 547 1961 590 in
1983 549 2116 597 victu,
2144 549 2320 597 vestitu,
2346 548 2512 600 habitu,
2536 550 2725 600 incessu,
2750 561 2844 600 ton·

1609 614 1727 651 sura,
1752 602 2061 657 iri-psallendo,
2096 610 2138 647 et
2163 604 2426 659 hujusmodi.
2474 603 2758 660 Superssuitas
2783 612 2849 650 ta-

1611 659 1712 700 lium
1734 670 1846 713 saepe
1885 659 1998 712 parit
2021 659 2392 713 intemperantiam
2419 674 2429 703 ε
2456 660 2590 710 nimia
2617 659 2849 706 austeritas

1609 714 1867 768 quandoque
1891 717 2001 767 parit
2017 715 2340 771 impatientiam,
2364 715 2620 771 quandoque
2635 717 2847 770 occultam

1610 769 1872 823 superbiam.
1891 769 1956 812 Tu
1978 775 2120 812 autem
2140 770 2311 821 attende
2333 771 2602 814 dulcedinem
2620 772 2850 816 mediocri-

1608 826 1711 866 tatis
1734 825 1776 866 in
1802 825 1942 868 tribus
1968 839 1978 868 :
2000 824 2216 870 sufficiens
2240 827 2569 882 est,tranquil'a
2592 834 2674 876 est,
2696 840 2850 872 secura

1608 885 1690 922 est,
1723 879 1956 924 Sufficiens.
1971 885 2054 931 est,
2081 883 2181 935 quia
2208 894 2296 924 non
2316 882 2454 924 inhiat
2477 883 2735 936 quaerendis,
2760 895 2848 927 non

1609 936 1785 977 incubat
1801 937 2011 990 quaesitis,
2044 948 2125 979 nee
2140 939 2358 991 cruciatur
2377 938 2573 990 arnissi33
2599 939 2847 994 tranquilla,

1607 991 1711 1044 quia
1744 1002 1831 1033 nou
1854 991 2196 1048 exsanguinatur
2223 995 2358 1042 curis,
2387 1005 2471 1036 non
2490 994 2750 1036 distrahitur
2773 1005 2850 1038 ne·

1607 1046 1751 1101 gotiis.
1772 1058 1858 1089 non
1883 1056 2126 1091 maceratur
2144 1048 2418 1105 opprobriis;
2441 1061 2609 1097 secura,
2634 1051 2736 1105 quia
2759 1060 2850 1094 non

1607 1101 1729 1144 timet
1754 1103 1996 1147 calumnias
2038 1104 2350 1159 proximorum,
2387 1111 2475 1148 non
2517 1103 2700 1149 insidias
2718 1107 2852 1148 latro-

1592 1169 1732 1204 num,
1758 1169 1839 1201 nec
1865 1158 2052 1214 impetus
2085 1155 2438 1210 hostiumillanc
2465 1159 2733 1204 dulcedlnem
2758 1173 2852 1205 mo·

1608 1212 1852 1270 diocritatis
1867 1215 2044 1261 comede
2056 1221 2098 1259 et
2115 1227 2199 1259 non
2216 1215 2355 1267 bibas,
2378 1216 2418 1259 id
2443 1222 2509 1260 est
2533 1230 2617 1260 non
2643 1223 2853 1261 extenues

291 1287 375 1331 que
400 1279 552 1316 natura
571 1271 749 1322 Christi,
770 1270 884 1313 nosti
907 1271 1158 1316 mvsterium
1181 1275 1339 1312 nostrae
1361 1268 1525 1310 redem-
1554 1261 1893 1329 B'soliditaten'u
1925 1265 2064 1326 neque
2099 1270 2294 1316 emollias
2341 1272 2508 1320 ordinis
2553 1273 2766 1327 rigor-eun
2801 1277 2851 1316 ut

290 1331 450 1386 ptionis
482 1329 736 1372 :ccultatum
762 1338 784 1366 a
807 1317 976 1369 saeculis
997 1339 1008 1378 ;
1029 1324 1147 1368 tenes
1162 1323 1363 1367 Ecclesiae
1385 1334 1532 1367 sacra·

291 1391 451 1433 menta,
478 1391 680 1437 tanquam
725 1382 982 1435 malagmata
1023 1382 1247 1423 vulnerum
1280 1387 1531 1422 nostrorum

289 1449 332 1485 et
370 1441 637 1495 alligatur-is,
672 1438 714 1480 in
762 1447 880 1479 certa
919 1448 997 1492 spe
1046 1435 1323 1482 beatitudinis
1373 1435 1533 1490 jucun·

290 1494 424 1540 daris.
449 1511 464 1537 ι

347 1552 409 1594 Ad
449 1562 577 1607 quam
610 1547 903 1605 Augustinus:
961 1562 975 1588 ι
1002 1547 1113 1600 Quid
1132 1553 1215 1597 est,
1241 1551 1395 1596 mater,
1418 1545 1533 1600 quod

291 1621 314 1650 a
353 1613 561 1650 consueta
612 1605 895 1649 similitudine
949 1604 1211 1648 recessisti?
1250 1602 1530 1657 Evangelium

292 1663 408 1709 melli
429 1674 690 1716 comparans
709 1669 750 1704 et
775 1673 861 1703 non
888 1659 1098 1716 argento?
1136 1659 1193 1702 De
1210 1671 1262 1702 eo
1280 1658 1396 1702 enim
1422 1657 1534 1711 legi·

291 1727 396 1762 tur:
423 1717 603 1772 Eloquia
654 1715 822 1759 Domini
848 1723 983 1767 casta,
1007 1722 1223 1770 arqentnm
1243 1716 1335 1769 igme
1373 1712 1534 1755 exami-

292 1779 558 1822 natuin,etc.
597 1771 840 1835 (Psolsxt).
875 1786 891 1812 ι
918 1772 983 1814 Ad
997 1783 1125 1827 quem
1157 1777 1326 1813 mater:
1359 1782 1373 1809 t
1414 1767 1534 1811 Nova

292 1831 484 1885 quidem,
513 1829 590 1879 liii,
607 1834 674 1872 est
692 1827 947 1876 similitudo,
975 1827 1049 1870 sed
1077 1824 1385 1880 exquisitasln
1410 1823 1534 1866 tuelle

291 1887 407 1928 euim
430 1890 580 1927 contra
607 1889 805 1926 naturam
835 1883 1019 1926 aliorum
1058 1882 1291 1937 liquorum,
1315 1879 1534 1936 quod-ifae·

295 1942 512 1983 <utentum
537 1947 579 1982 et
598 1941 787 1994 spissum
811 1945 876 1980 est
899 1943 1206 1994 superenatat;
1231 1937 1362 2002 quod‘
1387 1941 1532 1978 autem

294 1995 500 2052 liquidius
527 1996 578 2038 ad
605 1996 690 2038 ima
722 1995 959 2037 descendit.
983 1993 1218 2036 Considera
1251 1993 1292 2035 id
1323 1993 1463 2048 ipsum
1490 1991 1534 2033 in

294 2053 498 2108 operibus
532 2052 709 2099 Christi,
734 2058 830 2105 quae
868 2048 1113 2105 exangettca
1151 2055 1298 2091 narrat
1333 2047 1532 2090 historia.

293 2107 414 2151 Fecit
445 2108 555 2150 Deos
587 2106 777 2162 prodigia
803 2111 846 2149 et
869 2105 991 2162 signa
1010 2117 1160 2160 magna
1182 2106 1225 2147 in
1251 2104 1426 2159 populo.
1450 2101 1536 2146 hu·

293 2165 390 2207 cida
411 2163 603 2218 quiedam
625 2170 666 2206 et
691 2163 877 2204 formosa
895 2173 1040 2204 eoram
1067 2161 1313 2204 hominibus
1330 2165 1536 2214 operatus

293 2226 375 2268 est,
394 2218 601 2263 interiora
628 2225 773 2262 tamen
794 2218 967 2260 suerunt
1001 2227 1131 2270 opere
1162 2217 1298 2271 ipsius
1333 2214 1467 2264 finali,
1491 2219 1534 2256 et

295 2276 418 2331 quasi
446 2275 687 2319 faeculento.
724 2272 971 2317 Extremum
996 2283 1105 2327 opus
1128 2272 1239 2327 ejus,
1262 2278 1304 2315 et
1325 2274 1534 2325 tanquam

297 2333 567 2375 liectilentum
603 2330 716 2380 dice,
761 2338 903 2384 sputa,
928 2327 1109 2384 flagella,
1148 2330 1317 2383 alapas,
1341 2333 1530 2371 mortem

295 2389 606 2443 turpissimam,
633 2393 811 2429 mortem
851 2385 1081 2428 latronum.
1110 2383 1199 2426 lloe
1235 2391 1378 2426 tamen
1422 2379 1530 2425 emi·
1574 2375 1588 2393 ¹

297 2447 469 2487 nentius
495 2442 572 2485 l'uit
609 2442 793 2486 caeteris.
820 2439 958 2495 Maius
990 2440 1103 2483 enim
1123 2442 1202 2481 l'uit
1235 2451 1310 2495 per
1349 2443 1532 2480 mortem

297 2513 378 2544 nos
400 2511 423 2542 a
442 2505 578 2541 morte
603 2498 803 2545 liberare,
827 2509 954 2552 quam
979 2500 1172 2539 mortuos
1200 2496 1428 2538 suscitare.
1445 2491 1535 2535 Hoc
1582 2515 1584 2518 ·

295 2566 426 2612 opere
449 2554 502 2597 de
521 2557 659 2596 morte
680 2559 724 2597 et
743 2553 916 2599 diabolo
931 2551 1226 2607 triumphavit.
1252 2552 1432 2606 Propter
1455 2549 1538 2591 hoe

296 2613 443 2655 datum
480 2609 520 2652 ei
561 2620 733 2659 nomen,
779 2608 894 2664 quod
926 2613 1150 2663 estsuper
1180 2618 1310 2650 omne
1351 2615 1534 2657 nomen;

298 2668 395 2710 data
421 2665 538 2710 estei
564 2669 754 2733 potestas
777 2664 968 2714 int-mlo,
989 2669 1032 2706 et
1055 2663 1098 2708 in
1130 2670 1272 2716 terra3
1298 2669 1341 2707 et
1359 2661 1404 2705 in
1427 2661 1537 2703 mari

301 2723 431 2773 (ιἸιὶΙ.
455 2721 522 2774 ιι).
550 2719 635 2764 bed
669 2721 857 2771 attende,
882 2721 956 2768 sili,
979 2719 1092 2775 qued
1120 2719 1334 2776 sequitur.
1359 2715 1539 2761 connecte

299 2779 409 2837 quod
450 2776 607 2832 sufficit
645 2777 735 2820 tibi.
781 2776 874 2820 Non
893 2776 1008 2819 enim
1030 2787 1209 2820 amoveo
1234 2779 1380 2831 potum
1413 2773 1539 2827 quasi

303 2847 376 2891 per
423 2834 780 2884 taciturnitatem,
827 2833 901 2877 sed
936 2838 1004 2875 est
1046 2843 1233 2876 sensus:
1275 2829 1541 2884 Quandoque

303 2893 415 2942 hibe,
438 2890 696 2945 quaudoque
719 2887 895 2932 comede
937 2887 1058 2931 illud.
1105 2888 1198 2943 lpse
1222 2898 1393 2943 quoque
1413 2885 1543 2928 Chri-1

304 2955 397 2991 stus
422 2947 475 2989 ad
502 2951 647 3001 potunt
673 2957 752 2988 nos
790 2944 1003 2996 invitavit,
1024 2942 1174 2987 diceus
1194 2943 1315 2997 :Qui
1339 2941 1445 2992 sitit,
1476 2951 1543 2982 ve-

304 3005 392 3045 niat
419 3002 472 3044 ad
502 3013 564 3044 me
601 3009 637 3043 et
675 3001 788 3043 bibat
811 2999 957 3054 (Joan.
1000 2999 1096 3055 vti),
1135 3006 1178 3044 et
1207 3002 1248 3042 in
1290 2997 1501 3056 >propheta
1529 3011 1539 3039 ε

309 3058 519 3102 tiam-tetis
565 3070 694 3112 aqttas
730 3058 774 3099 in
808 3055 965 3112 yaudio
1003 3055 1053 3098 de
1093 3056 1276 3112 sontibus
1310 3052 1543 3098 salvatoris

304 3116 414 3171 (Iso.
441 3114 535 3166 xit).
559 3113 812 3168 Evangeiica
831 3125 933 3166 ergo
956 3112 1180 3165 doctrina,
1198 3112 1270 3154 uhi
1300 3109 1438 3153 facilis
1457 3113 1542 3157 est,

306 3171 423 3227 potui
471 3170 763 3220 assimulatum
808 3168 843 3211 si
872 3168 975 3222 quid
1028 3173 1171 3211 autem
1212 3165 1384 3209 difficile
1417 3164 1543 3227 quasi

305 3227 600 3280 corpulentius
634 3225 865 3274 inveneris,
884 3223 1075 3272 comede.
1096 3224 1298 3274 mastica3
1319 3221 1480 3270 divide,
1502 3220 1545 3262 id

305 3291 369 3325 est
385 3285 453 3338 pie
463 3288 505 3324 et
517 3279 979 3335 diligenterconsidera
990 3280 1109 3334 quid,
1128 3280 1181 3322 tle
1194 3277 1431 3334 quo-dicas,
1442 3275 1546 3331 quid

307 3346 482 3394 propter
498 3337 673 3390 quid,et
697 3336 935 3380 secuudum
955 3336 1057 3389 quid
1080 3335 1217 3386 dicas,
1238 3346 1293 3378 ne
1316 3333 1426 3377 sorte
1445 3342 1547 3395 evof

306 3406 399 3436 mas
426 3395 548 3443 illud,
574 3392 656 3437 sed,
690 3393 834 3446 potius
877 3398 1067 3435 eructes.
1114 3389 1345 3437 Evomont,
1367 3389 1444 3437 lili,
1471 3400 1546 3451 qut

308 3452 418 3493 male
446 3451 660 3499 sentiunt;
690 3453 904 3498 eructant,
930 3447 1003 3502 qui
1027 3446 1250 3490 conservis
1274 3446 1439 3488 cibaria
1483 3444 1548 3485 dt-

306 3504 457 3547 vidunt
504 3506 547 3547 in
589 3510 780 3558 tempore
800 3510 1059 3558 opportuno.
1107 3502 1191 3545 Sed
1236 3501 1409 3544 attende
1435 3499 1549 3553 quod

306 3562 516 3603 eructatio
540 3571 735 3615 saporem
755 3560 816 3603 rei
841 3564 1043 3601 comestae
1066 3570 1212 3602 seeum
1237 3558 1397 3608 trahit;
1423 3563 1466 3598 et
1484 3562 1547 3605 tu,

309 3617 384 3662 fili.
410 3629 507 3659 cum
526 3618 580 3659 de
623 3613 703 3661 (lde
739 3614 1047 3670 disputaveris,
1065 3615 1269 3670 profanas
1298 3612 1396 3669 suge
1435 3612 1552 3653 novi-

309 3680 420 3715 tates
457 3673 699 3718 verborum.
720 3677 763 3715 et
803 3670 948 3720 rebus,
967 3670 1021 3714 de
1060 3671 1217 3725 quibus
1249 3671 1357 3724 agis,
1392 3679 1551 3723 cogua-

309 3738 378 3772 tos
410 3734 451 3770 et
489 3727 759 3770 authenticos
800 3726 989 3770 attribue
1033 3736 1272 3770 sermones.
1299 3740 1313 3765 ι
1418 3746 1419 3749 =

366 3783 568 3839 Sequitur
580 3783 702 3826 tet-tia
711 3782 963 3833 admonitio,
976 3782 1212 3825 secundum
1222 3792 1349 3836 quam
1362 3781 1551 3835 loqultur

310 3839 436 3883 Pater
449 3839 714 3895 Augustinus
725 3843 777 3881 ad
787 3835 1041 3882 canonicum
1052 3837 1230 3895 Regula!
1240 3849 1326 3885 ent,
1336 3837 1404 3878 cui
1416 3842 1455 3878 et
1468 3843 1553 3877 tra-

311 3895 420 3937 didit
442 3897 539 3937 vitae
555 3894 759 3950 regularis
778 3895 974 3936 instituta
990 3899 1031 3937 et
1054 3895 1096 3937 in
1122 3893 1328 3936 chartulis
1339 3891 1548 3941 exaratit,

312 3950 585 4009 notiquidem
621 3951 877 4005 principium
915 3951 1013 3993 vitae
1036 3950 1280 3992 communis
1309 3948 1416 4005 (baec
1436 3947 1550 3990 enim

313 4007 393 4048 luit
437 4008 730 4060 apostolorum
777 4005 967 4055 traditio,
1005 4011 1047 4047 et
1095 4006 1190 4061 ejus
1228 4003 1517 4049 multitudinis
1536 4034 1548 4052 ‚

313 4073 495 4115 quorum
517 4068 608 4103 erat
630 4074 705 4105 eor
728 4073 860 4103 uuum
882 4068 925 4104 et
957 4062 1098 4103 anima
1123 4073 1207 4103 una
1236 4061 1278 4103 in
1311 4061 1412 4116 Deo)
1437 4055 1552 4115 (Act.
1583 4072 1586 4077 ’

315 4117 380 4172 ιιι)
414 4117 483 4159 cui
518 4115 643 4159 Pater
695 4115 961 4172 Augustinus
1003 4115 1210 4172 quasdam
1250 4114 1552 4171 ‘superaddidit

314 4174 715 4227 supererogationes
732 4175 799 4215 'de
841 4172 1137 4215 mediocritate
1160 4172 1329 4215 vivendi
1359 4177 1402 4215 et
1426 4183 1551 4212 mun·

313 4227 438 4272 ditia.
478 4229 547 4269 Ait
581 4240 683 4284 ergo
718 4227 987 4282 Augustinus
1021 4226 1076 4271 ad
1128 4229 1412 4279 canonicum:
1447 4225 1550 4277 Fili,

316 4283 396 4325 mel
435 4283 640 4330 invenisti,
664 4283 765 4326 dum
808 4295 906 4326 eras
930 4284 972 4326 in
999 4282 1166 4326 saeculo
1187 4283 1350 4326 aculeis
1389 4281 1552 4325 sollici-

313 4338 512 4380 tudinum
538 4340 822 4394 torquebaris,
868 4339 968 4395 quia
993 4340 1227 4383 secuudum
1264 4338 1551 4383 Ecclesiasten

375 4454 489 4517 (ist)
517 4458 684 4513 {lot-at,
710 4462 779 4506 od.
805 4463 870 4517 li),
891 4456 949 4506 lib
981 4475 1027 4507 ιι.

1613 1330 1818 1379 tanquam
1844 1324 2145 1382 privilegiatus
2180 1327 2288 1371 velis
2311 1328 2439 1371 cdere
2480 1329 2658 1378 lautius,
2702 1328 2853 1372 bibere

1613 1378 1825 1434 sapidius,
1852 1381 2012 1425 cubare
2036 1383 2225 1435 mollius,
2268 1383 2391 1439 loqui
2428 1384 2645 1434 licentius,
2673 1384 2851 1438 vigilare

1613 1435 1788 1490 parcius
1808 1466 1820 1486 ,
1845 1447 1971 1485 orare
1992 1439 2182 1481 tenuius.
2221 1437 2408 1484 Contede
2430 1446 2572 1483 autem
2596 1441 2677 1482 mel
2700 1439 2851 1482 inven-

1611 1495 1704 1555 tum
1729 1491 1912 1555 inhunc
1945 1493 2151 1548 modum;
2186 1493 2363 1538 obedias
2389 1495 2483 1539 sine
2519 1496 2848 1550 disceptatione,

1613 1557 1734 1590 vivas
1775 1559 1822 1590 tn
1860 1550 2095 1592 communi*
2128 1550 2226 1607 sine
2265 1551 2580 1608 singularitate,
2624 1552 2713 1605 lege
2751 1553 2852 1594 cuin

1615 1602 2216 1661 modestia-·et·simplicit-ate,
2239 1618 2318 1649 ora
2342 1619 2442 1650 eum
2480 1607 2633 1650 fiducia
2651 1612 2698 1648 et
2722 1606 2852 1650 devo·

1615 1657 1751 1703 tione.
1771 1657 1999 1713 Postremo
2021 1662 2129 1704 nihil
2151 1661 2379 1718 dispenses
2403 1664 2457 1707 de
2491 1664 2645 1706 ordine
2669 1662 2763 1704 siue
2780 1675 2850 1706 re-

1614 1716 1983 1771 compensatione,
2009 1722 2084 1760 aut
2120 1723 2300 1773 cogente
2334 1720 2611 1764 necessitate.
2635 1717 2853 1774 Acce-pisti

1607 1769 1798 1824 ,triplicis
1815 1771 1954 1822 mellis
1976 1774 2304 1825 comestionem,
2328 1775 2525 1819 comedat
2547 1775 2731 1830 quisque
2768 1772 2853 1818 mel
2873 1795 2877 1799 ·

1614 1825 1698 1867 sihi
1721 1825 2015 1881 destinatum;
2056 1830 2258 1872 comedat
2290 1830 2685 1875 Christianusmel
2723 1829 2851 1881 tidem

1593 1879 1767 1930 'credat
1788 1881 1930 1926 Deum>
1953 1886 2114 1931 trinum
2131 1891 2177 1934 ,et
2203 1898 2352 1937 unum,
2379 1886 2673 1930 manducabit.
2699 1885 2855 1929 Come-

1615 1935 1689 1978 dat
1707 1936 1931 1982 litteratus
1968 1940 2057 1992 mel,
2083 1943 2339 1996 evangelicae
2357 1943 2638 1994 eruditionis;
2672 1942 2780 1997 quid
2800 1942 2855 1984 do

1615 2003 1701 2056 quo
1723 1993 1856 2045 dicat,
1882 1991 1986 2049 quid
2023 2004 2201 2051 propter
2233 1997 2354 2053 quid,
2394 2005 2436 2042 et
2471 1999 2573 2054 qnid
2614 1998 2851 2042 secundino

1615 2047 1734 2101 qiud,
1754 2049 1824 2104 pie
1847 2057 1888 2093 ct
1904 2051 2128 2107 diligenter
2148 2055 2357 2098 attendat.
2390 2053 2595 2098 Contedat
2617 2053 2855 2096 canonicus

1614 2101 1845 2158 Regularis
1879 2108 1962 2159 mel
1997 2107 2324 2161 mediocritatis,
2363 2119 2418 2165 ne
2445 2122 2575 2165 super
2616 2109 2855 2156 ascendens

1614 2169 1843 2214 rumpatur
1857 2166 1901 2206 et
1915 2168 2028 2213 ruat.
2053 2165 2118 2207 rel
2141 2163 2227 2208 ima
2251 2173 2404 2221 petens
2428 2166 2692 2215 dissolvatur
2716 2171 2759 2217 ct
2777 2167 2854 2221 pe·-

1615 2221 1708 2257 reat
1748 2215 2036 2262 comedamus
2053 2231 2156 2276 ergo
2174 2219 2348 2276 singuli.
2369 2222 2647 2265 comedamus
2666 2218 2855 2267 universi

1617 2271 1756 2314 donec
1778 2271 1834 2314 ad
1858 2273 2209 2320 manducandum
2224 2289 2387 2332 ,panem
2410 2290 2542 2334 super
2562 2289 2755 2322 mensam
2775 2275 2851 2319 Dei

1615 2327 1761 2370 trahat
1784 2331 2062 2374 nosobviam
2092 2331 2134 2374 in
2167 2344 2242 2376 aer
2262 2331 2390 2377 Jesus
2413 2334 2614 2379 Christus
2650 2332 2857 2377 Dominus

1615 2389 1782 2436 noster,
1814 2385 1946 2439 judex
1979 2393 2152 2444 inustor,
2179 2400 2278 2432 cum
2308 2390 2472 2433 venerit
2492 2390 2691 2446 Judicare
2733 2389 2857 2435 vivos

1614 2445 1652 2482 et
1673 2448 1868 2487 mortuos
1909 2448 1951 2503 et
1973 2440 2178 2500 saetulum
2205 2447 2454 2501 perignem.

2048 2533 2232 2578 sumto
2251 2533 2418 2580 xxxii.

1894 2635 1938 2668 tit
1959 2635 2101 2669 ιισυει
2123 2637 2258 2673 itt-:sto
2281 2637 2318 2670 s.
2343 2638 2585 2672 aucns'run.

2044 2697 2110 2741 Aa
2132 2698 2408 2744 claustrales.

1679 2770 1797 2815 Tolle
1823 2773 1957 2827 filium
1981 2780 2096 2816 titum
2112 2773 2254 2824 Isaac,
2277 2787 2396 2830 quem
2419 2774 2560 2831 diliq’s
2577 2809 2588 2828 ‚
2610 2781 2653 2820 et
2673 2777 2777 2833 offer
2801 2776 2858 2823 i!-

1613 2829 1708 2882 4Ιιιηι
1735 2829 1838 2871 mim
1871 2841 1994 2884 super
2030 2842 2158 2873 unum
2198 2832 2418 2884 mentium,
2452 2845 2570 2889 quem
2597 2833 2743 2878 dixero
2768 2834 2862 2882 tibi.

1623 2884 1745 2937 (Gen.
1771 2883 1898 2941 xxti).
1926 2885 2073 2931 Series
2117 2887 2309 2931 historiae
2344 2887 2601 2945 simpliciter
2640 2891 2862 2938 intellecta

1623 2942 1855 2996 plurimum
1897 2942 2079 2986 aeditirat
2123 2943 2235 2988 tilios
2274 2943 2547 2994 obedient-ize,
2589 2950 2631 2990 et
2669 2946 2858 2992 virtutis.

1625 2997 1878 3041 sicutenim
1898 2998 2188 3042 >obediendum
2204 3005 2272 3043 est
2286 3000 2484 3052 libenter,
2507 3002 2571 3045 sic
2588 3007 2631 3045 et
2647 3002 2861 3056 hilariter,

1625 3054 1690 3096 sic
1725 3059 1785 3096 et-
1803 3054 2023 3099 velociter.
2052 3053 2306 3100 obedientia
2331 3056 2423 3100 sine
2441 3069 2560 3100 mora
2579 3059 2859 3114 placet-Deo:

1626 3121 1719 3157 non,
1737 3106 1877 3174 placet
1903 3116 2046 3156 autem
2070 3112 2158 3156 Deo
2187 3111 2359 3156 morosa
2378 3118 2420 3157 et
2444 3113 2724 3169 disceptatrix
2761 3116 2863 3161 obe·

1627 3164 1801 3211 clienta.
1822 3178 1933 3220 quae,
1959 3167 1994 3211 si
2011 3168 2114 3224 quid
2140 3169 2403 3224 praecipitur,
2424 3169 2685 3225 disputando
2709 3171 2863 3226 quaerit

1626 3232 1777 3275 quare.
1803 3224 2084 3275 ‹piamobrem
2114 3222 2401 3280 praecipiatur.
2445 3226 2581 3280 Hujus
2610 3226 2865 3272 obedientias

1595 3311 1598 3314 .
1628 3277 1890 3331 exquisitum
1926 3281 2184 3335 proponitur
2220 3280 2347 3323 nohis
2369 3284 2611 3338 ekempfum
2641 3283 2865 3327 Abraham

1629 3338 1752 3388 pater
1769 3338 1918 3382 noster
1939 3349 1950 3376 ε
1976 3337 2088 3379 sieut
2113 3335 2226 3379 enim
2250 3347 2348 3379 vere
2365 3337 2522 3380 dicitur
2539 3350 2685 3388 senex,
2708 3339 2867 3391 tidelis.

1631 3389 1769 3444 prima
1795 3388 1997 3432 credendi
2022 3391 2089 3433 via
2110 3404 2123 3443 ;
2144 3391 2239 3439 sic,
2265 3398 2306 3434 et
2325 3401 2410 3435 non
2450 3393 2595 3437 minus
2623 3395 2734 3438 vere
2777 3394 2864 3439 dici

1584 3490 1588 3496 ,
1632 3448 1788 3499 potest,
1824 3456 1969 3492 senex.
2003 3445 2140 3490 liilelis
2167 3449 2304 3502 prima
2330 3447 2556 3493 obediendi
2592 3450 2678 3494 via.
2699 3449 2868 3495 Praece-

1631 3501 1695 3556 pit
1716 3500 1829 3544 enim
1849 3500 2057 3546 Dominus
2069 3509 2116 3544 nt
2139 3503 2380 3546 immolaret
2405 3504 2554 3556 lilium,
2574 3506 2649 3556 sed
2666 3519 2793 3561 quem
2817 3506 2869 3550 fl·

1633 3556 1768 3601 lium?
1791 3557 1907 3608 audi,
1926 3563 1967 3600 et
1981 3559 2253 3614 obstupesce,
2280 3560 2413 3602 filium
2430 3573 2594 3617 magnae
2614 3561 2868 3618 promissio-

1631 3612 1715 3655 nis.
1733 3611 1899 3656 Dictum
1920 3616 2034 3656 enim
2056 3613 2207 3658 erat‘ei
2231 3621 2241 3659 ἐ
2269 3615 2317 3659 1η
2339 3615 2463 3659 Isaac
2479 3618 2691 3660 vocabitur
2708 3618 2783 3660 tihi
2805 3631 2870 3662 se-

1632 3680 1723 3710 men
1750 3666 1868 3724 (Gen.
1898 3670 2005 3724 xxii)
2033 3685 2043 3711 t
2068 3676 2111 3713 et
2134 3671 2216 3714 erit
2254 3684 2398 3716 semen
2438 3678 2558 3715 tuum
2597 3676 2757 3717 sic'uts‘
2777 3675 2870 3719 ¹ellae

1631 3725 1746 3776 coeli,
1782 3731 1824 3767 et
1846 3726 1959 3767 sicut
1993 3738 2141 3775 arena,
2177 3739 2272 3781 quie
2295 3734 2360 3772 est
2393 3729 2435 3772 in
2464 3730 2607 3773 littore
2645 3730 2795 3780 maris,
2820 3730 2869 3772 il-

1632 3780 1737 3822 lium
1762 3787 1965 3824 extremae
1996 3788 2234 3828 senectutls
2265 3782 2384 3841 (Gen.
2426 3786 2551 3840 xxti).
2583 3785 2870 3835 centenarius

1631 3837 1746 3878 enim
1783 3842 1991 3891 genuerat
2015 3850 2113 3881 eum
2144 3839 2198 3883 de
2229 3852 2314 3882 anu
2340 3840 2657 3890 sterili,·tllium
2685 3839 2870 3897 propriae

1632 3892 1796 3935 uxoris.
1824 3892 1926 3940 Nam
1951 3892 2004 3936 de
2026 3893 2139 3949 Agar
2154 3896 2307 3938 ancilla
2326 3897 2596 3953 sagittarium
2620 3902 2872 3952 susceperat

1633 3946 1855 3991 ismaelem
1882 3963 1893 3992 z
1923 3949 2056 3991 illium
2092 3952 2349 3996 mirabiliter
2371 3953 2631 4008 promissum
2652 3985 2664 4002 ,
2691 3952 2870 3999 mirabi-

1633 4004 1716 4046 lius
1738 4011 2005 4062 susceptum,
2034 4007 2234 4061 religiose
2265 4008 2511 4053 educatum.
2538 4007 2653 4053 inter
2675 4010 2764 4052 haec
2803 4014 2872 4050 ta-

1633 4070 1728 4101 men
1749 4071 1833 4103 nou
1851 4062 2113 4104 contradixit
2128 4063 2360 4115 Airaham,
2380 4064 2455 4108 sed
2474 4076 2555 4109 nec
2568 4065 2869 4115 muniuit-avit,

1634 4115 1708 4177 sed
1728 4127 1808 4158 nec
1831 4115 2059 4168 haesitavit,
2075 4119 2149 4161 sed
2171 4120 2248 4163 nec
2273 4121 2436 4163 vultum
2456 4120 2641 4165 dolentis
2655 4120 2869 4171 exhibuit,

1634 4182 1720 4234 imo
1743 4179 1945 4227 tanquam
1970 4186 2132 4218 exuens
2161 4181 2324 4230 patrem
2362 4176 2432 4232 pia
2464 4178 2718 4223 crudelitate
2756 4177 2801 4219 in
2825 4175 2871 4217 ll·

1633 4226 1737 4269 ltum
1763 4239 1808 4270 se
1833 4230 2031 4279 armavit,
2075 4238 2121 4273 nt
2143 4232 2353 4276 obediret.
2394 4232 2604 4278 A·ten‹tat
2649 4233 2720 4276 hie
2754 4232 2872 4276 illius

1633 4281 1916 4339 obedientiae,
1934 4291 1979 4328 tu
2004 4287 2075 4340 qui
2096 4293 2240 4329 votum
2278 4287 2558 4339 obedientiae,
2580 4297 2623 4338 et
2644 4287 2870 4345 professio·

1633 4351 1731 4381 nem
1760 4338 1896 4383 fecisti
1925 4356 1934 4384 :
1957 4342 2056 4384 rade
2086 4353 2123 4385 et
2151 4351 2197 4385 tu
2227 4344 2294 4398 fac
2318 4345 2540 4388 sineilt'ter:
2562 4345 2638 4388 110⁶
2661 4346 2730 4402 [ac
2752 4349 2791 4387 et
2811 4342 2871 4385 υἱ-
