2924 4588
237 146 318 194 927
398 153 434 191 ⁴.
561 165 592 201 0

1173 138 1465 187 GODEFRIDI
1500 134 1881 209 leEuBffiNsls

2722 131 2808 176 923

237 238 400 294 aec'epit
422 250 597 294 regnum
622 236 955 288 Merovoorum;
976 232 1123 289 incipit
1140 238 1282 292 autem
1295 244 1474 289 regnum
1498 236 1535 280 A
1555 242 1632 287 per
1668 228 1871 273 Ecclesiae
1918 226 2166 289 Ravennam
2201 239 2298 271 cum
2321 225 2584 284 quibusdam
2619 225 2715 271 aliis
2733 238 2808 287 ur-

234 311 506 362 carolorum,
526 311 598 365 qui
618 309 862 353 Graecorum
885 307 1112 363 imperium
1146 305 1294 350 Romae.
1327 311 1478 361 postea

233 383 525 429 obtinuerunt.
553 381 720 426 Eolioc
748 383 879 426 etiam
902 379 1017 423 lacto
1040 378 1224 422 Romani
1249 379 1476 435 pontifices

233 454 426 498 mutandi
455 466 632 510 regnum
657 453 834 496 trahunt
849 452 1166 496 auctoritatem.
1193 450 1373 506 Pipinus
1397 450 1478 505 igl-

232 533 304 568 tur
327 531 484 569 extunc
507 538 682 581 regnum
698 525 960 570 Francorum
974 525 1147 569 nomine
1162 531 1204 568 et
1220 536 1267 568 re
1283 523 1472 567 laudabi-

231 598 329 641 liter
345 598 614 654 gubernavit.

720 670 986 715 Cltrom'cum.
1441 711 1444 714 >

284 742 407 785 Anno
436 749 580 786 autem
617 742 670 786 ab
707 741 924 787 lucarnat.
966 741 1137 785 Domini
1172 741 1268 795 755,
1295 740 1476 799 Pipinus

229 818 406 869 rogatus
438 826 461 855 a
486 826 596 870 papa
618 813 852 871 Stephano,
876 821 1026 858 contra
1049 813 1308 870 Astulphum
1330 826 1475 870 regem

229 883 611 940 Longobardorum
635 891 778 929 movet
799 886 1054 935 exercitum,
1080 892 1122 928 et
1136 884 1297 927 ltaliam
1314 885 1477 929 intrare

228 957 433 1013 disponit.
454 956 561 1001 Cum
584 964 726 1002 autem
751 956 1023 1014 Longohardi
1055 969 1132 1013 per
1154 962 1336 1014 angusta
1353 969 1478 1001 mon-

227 1031 334 1072 tium
351 1030 504 1086 positis
524 1034 623 1073 ante
645 1041 692 1074 se
719 1028 774 1071 ad
806 1028 1029 1072 tuitionem
1051 1027 1206 1075 validis
1229 1029 1380 1080 muris,
1401 1029 1477 1075 de-

226 1101 463 1146 fensionem
477 1101 560 1145 sibi
577 1107 819 1157 parassent,
837 1100 1034 1158 Pipinus,
1054 1100 1212 1145 occisis
1228 1113 1283 1145 cx
1296 1101 1360 1146 eis
1380 1101 1476 1158 plu·-

225 1174 363 1225 rimis‚
388 1185 608 1216 murorum
631 1174 826 1216 claustra
854 1171 1081 1228 confregit,
1102 1176 1144 1215 et
1163 1173 1474 1228 pertransiens,

228 1246 273 1290 in
298 1245 428 1302 plano
451 1244 720 1289 Lombardiae
739 1243 919 1288 resedit.
951 1242 1192 1299 Astulphus
1226 1255 1300 1292 rex
1326 1243 1370 1287 in
1391 1243 1476 1287 Pa·-

225 1320 338 1375 piam
361 1330 409 1363 se
441 1317 619 1374 colligit,
646 1317 719 1362 ubi
743 1329 767 1360 a
802 1316 956 1374 Pipino
979 1316 1185 1362 obsessus
1208 1330 1263 1361 xi.
1296 1317 1472 1363 obsides

224 1392 345 1443 dare,
383 1396 512 1447 atque
546 1391 724 1448 insuper
740 1392 891 1446 jurare
917 1390 1207 1446 componitur,
1231 1402 1286 1434 ne
1311 1389 1471 1434 Roma-

225 1476 326 1508 nam
354 1463 592 1509 Ecclesiam
626 1465 811 1522 amplius
843 1463 1103 1516 infestaret,
1147 1463 1220 1507 ubi
1253 1462 1472 1519 Stephano

224 1547 335 1592 papa
356 1535 592 1581 honorilice
621 1549 720 1580 cum
743 1537 895 1581 militia
916 1537 1181 1580 Francorum
1201 1535 1383 1580 Romam
1404 1549 1472 1581 re·

224 1608 379 1661 misso,
413 1610 504 1666 ipse
526 1609 570 1652 in
590 1607 817 1652 Franciam
847 1609 1066 1654 remeavit.
1091 1607 1182 1652 lloc
1206 1621 1320 1652 anno
1344 1609 1474 1653 Boni·

223 1678 361 1724 sacius
386 1679 658 1738 Moguntinns
691 1682 1043 1738 archiepiscopus
1069 1713 1080 1733 ,
1122 1681 1194 1738 qui
1233 1682 1470 1726 Ecclesiam

226 1751 503 1807 Fuldensem,
536 1754 731 1812 aliasque
774 1756 931 1801 multas
965 1755 1236 1807 fundaverat,
1274 1766 1299 1797 a
1331 1754 1472 1799 Friso-

222 1826 367 1877 nibus,
392 1827 550 1883 quihus
570 1828 896 1884 praedicaverat,
920 1829 1125 1885 martyrio
1148 1833 1399 1872 coronatur.

279 1898 462 1955 Cretera,
482 1902 519 1945 si
541 1915 623 1959 qua
637 1902 817 1959 placent,
843 1902 1028 1947 versibus
1047 1910 1142 1947 acta
1158 1910 1314 1959 patent.

220 2006 282 2051 De
304 2006 418 2050 obitu
441 2006 656 2064 anrandi
691 2010 799 2064 reqis
824 2010 1172 2061 humaniorum,
1194 2013 1302 2056 etde
1325 2010 1471 2054 Astu!-

273 2065 410 2162 ξἸιιίΙῖξ
430 2065 767 2163 ἱῖῃξπαίῑαείοηε,
800 2076 838 2110 et
861 2067 911 2111 de
943 2069 1078 2122 primo
1113 2071 1291 2113 introitu
1331 2068 1470 2123 Pipim·

219 2190 480 2248 liuprandus
496 2194 695 2248 moritur,
726 2194 963 2252 Astulphus
987 2198 1089 2243 sede
1113 2198 1295 2254 levatur,

219 2264 356 2320 Cujus
377 2273 420 2311 ct
443 2267 634 2312 Ecclesia
657 2269 854 2324 graviore
874 2269 1019 2315 lurore
1040 2278 1244 2328 gravatur
1259 2305 1271 2324 ‚

276 2336 380 2392 Ejus
398 2339 583 2393 primatu
603 2337 739 2383 Roma
766 2339 904 2395 perire
919 2340 1062 2386 datur.
1293 2395 1299 2399 ι

220 2408 362 2453 Aurea
387 2407 606 2454 Romanus
629 2408 716 2455 sibi'
737 2411 848 2456 serre
869 2412 1028 2457 tributa
1055 2415 1247 2470 Jubettm

220 2480 440 2528 Romanus
464 2485 619 2540 praesul
642 2498 855 2542 nusquam
875 2500 953 2531 sua
969 2488 1068 2543 jura
1090 2495 1248 2541 tuctur,

280 2552 416 2598 Graeci
439 2555 732 2608 dissimulant,
755 2569 835 2601 nec
858 2570 938 2604 sua
956 2573 1088 2616 regna
1103 2561 1275 2616 Juvant.

224 2624 345 2669 Nunc
368 2639 494 2683 prece
516 2626 715 2685 Pipinum
740 2634 941 2686 repetunt
966 2631 1018 2675 ad
1041 2632 1187 2686 praelia
1211 2631 1397 2689 primum

225 2697 407 2745 Vincere
428 2699 640 2753 Ticinum,
661 2713 893 2758 regemque
923 2704 1103 2760 repellat
1125 2704 1179 2748 ad
1196 2705 1346 2758 imum,

277 2770 450 2816 Liberet
474 2771 636 2816 ltaliam
664 2773 1006 2832 Romuleumque
1031 2776 1191 2822 sinum.

220 2842 364 2893 Venit,
389 2851 432 2888 et
454 2845 624 2889 obsedit
647 2858 808 2903 regem,
834 2849 1080 2905 pariterque
1097 2851 1236 2906 coegit

221 2915 413 2961 Reddere
435 2916 640 2962 Romanis
666 2932 761 2975 quae
786 2927 887 2964 lunc
907 2921 1147 2978 Astulphus
1174 2922 1329 2979 abegit,

275 2987 420 3033 Gratia
446 2992 491 3033 tit
516 2994 622 3046 regi,
650 2993 723 3047 qui
748 2993 841 3038 loca
862 3002 1011 3039 sancta
1030 2996 1154 3050 regit.

220 3058 377 3103 Visitat
398 3061 624 3104 almificam
647 3062 827 3119 Pipinus
852 3065 894 3108 in
911 3066 1079 3122 agmine
1105 3065 1300 3119 Romam,

220 3130 308 3175 Nee
328 3137 471 3176 tamen
494 3133 537 3175 in
560 3133 695 3177 Roma
715 3136 848 3180 voluit
869 3143 1037 3192 gestare
1061 3150 1284 3193 coronam,

275 3202 343 3247 Fit
367 3205 491 3247 modo
512 3207 736 3261 patricius,
763 3222 920 3252 nomen
944 3210 1167 3267 honorque
1187 3218 1321 3255 tonat.

220 3273 322 3319 lude
346 3275 618 3334 moguntinas
638 3281 788 3334 patriae
812 3283 1019 3325 remeavit
1043 3282 1095 3325 ad
1112 3283 1242 3337 aedeS,

220 3344 351 3403 Regia
374 3345 638 3391 Francorum
658 3362 753 3405 qucc
776 3359 878 3394 tunc
901 3358 994 3395 erat
1020 3353 1179 3411 inclyta
1199 3355 1342 3410 sedes,

277 3420 370 3471 Qua
390 3418 702 3464 Germanorum
728 3421 866 3478 gloria
887 3436 1053 3467 summa
1079 3426 1214 3471 sedet.

220 3489 330 3534 Dum
354 3503 429 3535 rex
448 3490 706 3549 Lupi-andus
728 3502 926 3550 regnaret
947 3496 988 3538 in
1014 3498 1120 3541 urbe
1141 3497 1289 3555 Papia„

219 3561 334 3619 Papa
357 3563 477 3619 prius
497 3564 638 3610 dictus
663 3578 742 3611 sua
767 3566 853 3609 fata
880 3568 977 3612 tulit
994 3568 1242 3624 Zacharias,

276 3635 412 3678 Annis
435 3636 523 3678 vita
546 3635 712 3689 decem,
734 3639 802 3683 bis
825 3652 996 3696 quoque
1019 3654 1167 3686 mense
1187 3645 1319 3689 sedet.

220 3704 306 3749 Ter
328 3717 455 3749 senos
479 3710 745 3751 numerando
765 3710 856 3754 dies
879 3712 1136 3768 superaddis
1159 3715 1210 3758 ad
1230 3728 1383 3771 anuos,

222 3774 412 3832 Erigitur
438 3777 682 3835 Stephanus
707 3779 853 3827 Romae
874 3784 1034 3838 praesul
1055 3787 1344 3842 venerandus,

276 3855 411 3910 Cujus
433 3863 475 3900 ct
496 3871 519 3900 a
551 3860 704 3904 studiis
726 3874 807 3917 pax
834 3862 1024 3907 rediviva
1050 3864 1149 3910 tuit.

223 3942 283 3986 De
305 3945 484 3989 secunda
520 3947 738 3991 rebellione
761 3949 955 4005 Astulpltt
979 3953 1103 4008 reqt's,
1128 3962 1165 3997 et
1201 3954 1252 3998 de
1286 3955 1469 4000 secunda

527 4004 698 4046 victoria
734 4005 875 4059 Pipini
907 4020 1145 4062 supereum

277 4069 367 4114 Rex
387 4070 727 4120 Lomliardorum
751 4078 1003 4134 distulimus,
1030 4089 1126 4137 post
1149 4082 1289 4138 Pipini
1312 4083 1471 4128 disces·

222 4143 405 4196 sionem,
432 4147 568 4200 ruptis
613 4151 968 4203 promissionibus
1006 4155 1212 4199 adversus
1234 4155 1468 4201 Ecclesiam

225 4216 377 4259 saevior
400 4220 524 4262 solito
565 4223 810 4276 apparebat.
838 4223 958 4268 Unde
995 4225 1172 4282 Pipinus
1194 4230 1347 4273 iterum
1370 4243 1469 4274 cum
1508 4244 1511 4250 ’

231 4286 479 4334 fortitudine
498 4292 661 4335 ltaliam
678 4294 913 4351 ingreditur
933 4313 943 4349 ;
965 4312 1203 4355 rursusque
1231 4301 1467 4357 Astulplius

225 4356 270 4399 in
292 4357 422 4414 Papia
446 4362 824 4414 oliscssus.'omnia
842 4370 1072 4424 corrigere,
1105 4371 1353 4416 fortioribus
1371 4385 1469 4428 pro·

229 4430 509 4482 ‚missionibus
533 4441 572 4479 et
597 4436 789 4491 plut-ibus
805 4439 1025 4486 obsidibus
1045 4450 1304 4488 coarctatur.
1342 4443 1461 4489 insu-

1555 302 1684 346 hibus
1706 305 1885 345 coactus
1909 305 1977 344 est
1998 299 2237 357 resignare.
2275 298 2372 356 lpse
2394 304 2540 342 autem
2562 296 2744 353 Pipinus
2760 297 2804 341 in

1554 374 1737 418 Galliam
1758 379 1826 419 est
1848 385 2066 418 reversus.
2102 392 2104 394 ·
2165 400 2178 412 .
2775 416 2777 418 ,

1612 446 1817 504 Sequenti
1830 458 1961 500 anno,
1981 444 2228 489 Graecorum
2246 455 2396 502 regno,
2411 443 2525 488 sicut
2541 454 2673 498 supra
2690 446 2810 484 taxa-

1554 520 1696 565 vimus
1711 519 2009 570 decrescente,
2049 516 2315 561 Francorum
2353 522 2497 560 autem
2511 526 2645 572 regno
2669 513 2801 570 pluri-

1554 605 1672 636 mum
1692 592 1782 648 iam
1807 592 2059 644 sublimato,
2083 590 2211 647 legati
2234 588 2509 634 Constantini
2547 586 2730 644 Augusti
2755 584 2808 630 de

1554 664 1720 710 Graecia
1743 677 1843 709 cum
1886 665 2058 722 magnis
2090 663 2343 708 muneribus
2380 661 2434 705 ad
2454 660 2652 718 Pipinum
2675 671 2807 703 vene-

1554 745 1672 792 runt,
1700 738 1814 795 apud
1831 736 2159 795 Compendium.
2185 735 2388 781 Thassilo
2421 747 2592 792 quoque
2614 733 2699 776 dux
2721 731 2807 775 Ba·
2842 754 2871 760 -

1554 824 1758 856 vatorum
1779 822 1879 853 cum
1898 810 1990 854 suis
2006 808 2276 867 principibus
2293 813 2398 850 tunc
2418 807 2510 863 regi
2532 805 2688 862 Pipino
2705 802 2808 848 ude·

1555 887 1719 930 litatem
1744 891 1787 928 et
1825 882 2136 939 subJectionem
2177 880 2390 925 exhibuit.
2429 877 2532 923 Post
2555 879 2645 922 lxaec
2679 877 2812 921 etiam

1556 959 1752 1003 Saxones
1788 955 2046 1013 gravissimo
2081 954 2194 999 bello
2210 953 2391 1010 Pipinus
2408 952 2581 1004 devicit,
2604 956 2647 995 et
2667 949 2811 994 tribu-

1554 1033 1687 1078 tarios
1715 1030 1832 1074 fecit.
1870 1028 1964 1073 Non
2003 1027 2139 1071 multo
2171 1017 2270 1083 post
2303 1023 2568 1069 Guaiiarium
2604 1033 2807 1079 magnum
2867 1046 2869 1050 ι

1557 1104 1794 1163 Aquitaniae
1805 1103 1955 1147 ducem
1975 1100 2126 1157 praelio
2143 1099 2320 1156 pressit,
2338 1103 2380 1142 et
2396 1096 2572 1141 obsides
2588 1089 2692 1138 dare
2709 1105 2813 1142 coe·
2863 1118 2865 1124 ‹

1556 1178 1631 1235 git.
1657 1176 1814 1221 lterum
1838 1174 1927 1219 dux
1948 1172 2198 1216 Guaisarius
2223 1171 2279 1215 ab
2314 1168 2563 1226 Aquitania,
2608 1166 2811 1211 Thassilo
2863 1230 2867 1235 .

1554 1253 1686 1298 ctiam
1707 1250 1793 1295 dux
1817 1249 1872 1292 ab
1893 1247 2098 1304 Aguaria,
2139 1244 2351 1301 incipiunt
2387 1241 2607 1287 rebellare.
2628 1238 2812 1295 Pisinus
2856 1246 2859 1247 ’

1552 1329 1651 1381 post
1677 1322 1848 1368 diversa
1891 1321 2056 1378 pradia,
2081 1317 2352 1362 Gnailarium
2374 1313 2604 1360 interfecit.
2631 1313 2809 1358 Tliassi-
2867 1310 2869 1313 ’

1551 1401 1694 1445 lonem
1729 1410 1902 1456 quoque
1947 1394 2209 1439 sufficienter
2253 1402 2510 1448 oppressum
2545 1387 2808 1445 subiugavit.
2870 1407 2877 1443 ,¹

1550 1471 1712 1517 Deinde
1728 1469 1915 1515 Turonis
1951 1468 2194 1512 infirmatur
2214 1463 2412 1521 pipinus,
2433 1467 2477 1507 et
2494 1460 2690 1505 Parisios
2730 1457 2817 1505 de-'
2871 1507 2874 1509 ,

1551 1549 1766 1601 portatus,
1787 1555 1902 1586 anno
1924 1554 1997 1584 xiv
2021 1552 2044 1583 a
2071 1539 2142 1583 die
2172 1538 2317 1595 quain
2353 1546 2498 1591 regem
2520 1537 2680 1578 unctus
2721 1538 2817 1581 est„

1551 1629 1666 1662 auno
1685 1627 1790 1661 vero
1804 1607 1860 1660 ex
1879 1626 1966 1671 quo
1978 1618 2078 1670 post
2094 1617 2261 1669 patrem
2283 1620 2413 1655 suum
2434 1612 2662 1663 acceperat
2688 1606 2806 1662 prin-
2866 1631 2868 1633 μ

1549 1690 1737 1746 cipatum
1754 1700 1882 1739 xxm,
1901 1687 2016 1731 diem
2034 1686 2158 1738 obiit,
2177 1684 2427 1740 relinquens
2443 1681 2556 1725 duos
2578 1678 2706 1730 lilios,
2729 1678 2808 1724 Ca-
2844 1678 2847 1682 '
2870 1735 2873 1737 -

1550 1763 1750 1807 rolumet
1774 1760 2131 1807 carlomannum.

1607 1834 1769 1880 Coetera
1785 1835 1968 1891 versifice
1982 1833 2137 1889 payipa
2155 1837 2300 1875 nostra
2318 1829 2460 1886 refert.

1662 1907 1768 1951 Item
1789 1906 1838 1951 de
1857 1906 1998 1951 eodem
2025 1905 2192 1961 Pipino,
2215 1903 2400 1959 versifice
2436 1917 2677 1948 narramus.

1549 1981 1658 2026 Dum
1677 1985 1800 2037 putat
1816 1978 2013 2036 Astulphi
2035 1978 2177 2022 scelus
2200 1976 2392 2021 evasisse
2412 1983 2613 2028 senatus,

1550 2053 1640 2097 Rex
1659 2051 2001 2096 Lombardorum
2023 2061 2122 2093 mox
2149 2047 2202 2092 ad
2222 2045 2418 2105 graviora
2443 2053 2638 2102 paratur,

1606 2126 1817 2182 Nullaque
1834 2124 1925 2182 iam
1949 2123 2121 2181 requies
2143 2121 2239 2178 ejus
2263 2121 2319 2165 al)
2342 2125 2435 2164 arte
2458 2119 2600 2164 datur.

1551 2199 1713 2244 Praesul
1729 2199 1782 2242 ab
1805 2197 2016 2253 Astulplio
2033 2196 2227 2252 queritur
2251 2199 2467 2238 tormenta
2486 2192 2678 2245 moveri„

1554 2272 1648 2316 vita
1673 2270 1893 2329 petitcleri
1920 2269 2061 2326 Pipini
2085 2281 2204 2314 more
2225 2267 2354 2320 tucri,

1613 2343 1658 2387 Si
1676 2343 1804 2387 modo
1827 2341 1977 2386 tardus
2001 2340 2085 2385 erit
2115 2339 2249 2383 Roma
2266 2350 2465 2395 repressa
2484 2337 2610 2394 perit.

1557 2417 1736 2474 Alpibus
1758 2421 1936 2461 evectus
1948 2414 2078 2459 celeri
2099 2412 2279 2470 Pipinus
2302 2413 2440 2464 hiatu,

1555 2491 1686 2535 Milite
1717 2488 2010 2546 congreditur,
2035 2487 2272 2543 Astulphus
2297 2493 2433 2530 marte
2451 2486 2629 2542 sugatur

1609 2563 1725 2607 Urbe
1741 2575 1820 2608 sua
1841 2562 2015 2607 clausus
2044 2572 2238 2616 quaerere
2262 2566 2385 2616 pacta
2409 2560 2552 2603 datur.

1550 2637 1689 2685 Jurat,
1714 2642 1756 2680 et
1778 2634 2002 2680 obsidibus
2029 2647 2108 2678 sua
2127 2633 2308 2690 quaestio
2325 2637 2414 2676 tota
2439 2632 2618 2689 ligatur,

1551 2710 1717 2753 Amodo
1747 2710 1784 2753 si
1807 2720 1917 2765 papa
1932 2706 2169 2750 Lomliarda
2193 2710 2314 2763 peste
2335 2710 2554 2761 gravatur.

1607 2779 1788 2824 Auserat
1807 2779 2029 2826 obsidibus
2043 2777 2159 2835 regia
2185 2789 2312 2832 poena
2335 2781 2479 2834 caput.

1553 2852 1662 2896 Pace
1685 2851 1935 2902 reformata,
1959 2849 2088 2894 Petro
2109 2851 2236 2894 datur
2261 2851 2401 2894 hostia
2426 2855 2569 2906 grata,

1554 2925 1732 2968 Francia
1750 2925 1974 2975 Bracliata,
1998 2925 2091 2968 loca
2119 2923 2262 2967 visitat
2282 2923 2352 2964 illa
2380 2922 2521 2971 beata,

1606 2998 1658 3040 Et
1681 2998 1791 3043 redit
1809 2998 1850 3041 in
1875 2997 2075 3054 patriam,
2095 3007 2200 3053 pace
2215 3000 2416 3038 manente
2438 3000 2547 3038 rata.

1555 3091 1610 3133 De
1627 3090 1881 3134 exultatione
1922 3087 2126 3131 Desidere
2169 3087 2276 3142 regie
2304 3084 2654 3136 Lombartlorum,
2679 3092 2719 3128 et
2758 3086 2807 3127 tle
2851 3079 2861 3142 j

1887 3145 2082 3187 Racliisio
2104 3142 2342 3186 edversario
2358 3142 2463 3192 eius.

1550 3219 1744 3274 Asnuphi
1767 3218 1881 3273 regis
1898 3218 1998 3261 dum
2021 3217 2104 3258 vita
2123 3215 2192 3258 die
2214 3214 2450 3265 breviatur,

1548 3289 1778 3333 Racliisius
1805 3288 2190 3332 frater-monachus
2211 3297 2394 3341 regnare
2411 3289 2604 3341 paratur,

1602 3360 1682 3404 Cui
1706 3359 1916 3403 Desiderii
1932 3371 2033 3415 pars
2052 3358 2224 3400 inimica
2252 3357 2346 3399 suit.

1493 3452 1527 3495 D
1551 3430 1707 3474 Divisis
1729 3430 1915 3486 populis,
1937 3435 1979 3472 et
2004 3428 2176 3484 regibus
2201 3428 2269 3470 liis
2285 3426 2521 3478 tribulatis,

1549 3502 1679 3546 Arma
1697 3508 1896 3558 premunt
1920 3501 2069 3553 armis,
2096 3506 2138 3544 et
2161 3500 2358 3555 pluribus
2378 3499 2476 3544 inde
2502 3497 2674 3544 necatis·

1604 3575 1824 3632 Oppositis
1847 3575 1998 3618 cuncis
2022 3579 2183 3630 pugnat
2196 3578 2374 3628 uterque
2398 3573 2519 3618 satiS.
2620 3630 2622 3632 v

1548 3648 1670 3691 Nunc
1683 3647 1910 3692 Desiderio
1928 3645 2174 3702 Stephanus
2193 3645 2266 3690 dat
2287 3656 2396 3701 papa
2431 3643 2638 3697 savorem,

1548 3722 1569 3765 J
1576 3727 1670 3765 urat
1686 3727 1727 3764 et
1750 3721 1818 3763 ille
1850 3721 1949 3769 sibi.
1970 3731 2057 3763 nou
2074 3718 2226 3762 laedere
2239 3729 2418 3774 prorsus
2438 3716 2664 3771 honorem,

1605 3794 1739 3846 Quem
1763 3804 1893 3848 snper
1909 3792 2079 3835 italicos
2093 3802 2200 3846 papa
2217 3795 2363 3833 tenere
2386 3788 2509 3832 solet.

1549 3866 1780 3910 Rachisius
1802 3864 1916 3909 cedit
1939 3863 2195 3916 monachus,
2219 3873 2320 3918 pars
2344 3861 2478 3903 altera
2504 3858 2631 3908 sedit,

1549 3939 1663 3984 Gens
1689 3939 1894 3996 Ligurum
1912 3935 2133 3981 Desiderio
2146 3941 2395 3980 reverenter
2411 3932 2572 3984 obedit,

1603 4010 1709 4054 Nam
1734 4011 1816 4054 sihi
1839 4007 2018 4052 subsidii
2039 4013 2230 4061 tempora
2254 4015 2362 4060 papa
2387 4003 2520 4048 dedit.

1550 4083 1661 4126 Rara
1693 4083 1797 4126 lidcs
1809 4081 1981 4138 Liguris
1997 4094 2009 4133 ;
2027 4079 2157 4123 violat
2177 4090 2251 4122 rex
2270 4076 2432 4120 foedera
2455 4074 2594 4131 pacis.

1551 4154 1742 4198 Foederis
1765 4160 1863 4197 ante
1883 4152 1972 4196 dati
1991 4152 2082 4206 iam
2101 4149 2285 4194 nexibus
2298 4148 2534 4199 evacuatis,

1604 4226 1862 4269 Concutitur
1885 4224 2020 4280 gratis
2045 4234 2156 4278 papa
2178 4220 2324 4265 dolore
2336 4219 2456 4264 satis.

1551 4299 1647 4342 Haee
1670 4298 1739 4342 ubi
1765 4297 1898 4341 Roma
1924 4296 2050 4352 sapit,
2078 4293 2215 4338 doluit
2235 4292 2365 4335 rebus
2382 4291 2573 4340 variatis,

1552 4371 1645 4415 Stat
1663 4371 1787 4427 quasi
1807 4371 1942 4414 fracta
1966 4367 2090 4418 ratis,
2112 4365 2179 4410 vel
2202 4363 2345 4421 praeda
2363 4369 2512 4418 parata
2535 4363 2704 4417 piratis,

1606 4444 1802 4498 Undique
1823 4444 2038 4501 quassatis
2062 4443 2190 4488 rebus
2211 4445 2253 4485 et
2269 4440 2364 4497 igue·
2381 4441 2509 4485 datis,

2860 2578 2869 2605 ἡ

2859 2623 2866 2679 3

2851 2780 2865 2847 ,g

2851 2853 2865 2895 sl

2846 2910 2863 3038 i

2842 3023 2861 3073 ‘i

2848 3163 2859 3247 i
