2924 4588
0 1 48 34 ‚3⁸

44 77 121 125 185

817 72 1128 122 SERMONES.
1157 96 1221 109 --·
1243 74 1298 119 IN
1329 76 1587 128 ADVENTU
1621 78 1824 124 notum.

2530 77 2611 122 {86

40 169 168 218 teris.
203 179 297 222 quae
322 166 366 210 in
387 166 512 210 nobis
547 165 805 210 innovantur
829 168 979 212 malis:
1003 181 1102 224 spes
1126 168 1218 211 sola
1246 171 1288 211 et
1309 170 1346 216 Α
1369 175 1499 222 esset,
1522 185 1571 215 in
1601 183 1689 227 quo
1724 172 1950 227 appareret
1982 182 1993 214 ;
2024 167 2172 225 sicque
2201 166 2335 214 frater
2353 176 2484 224 esset,
2508 169 2612 215 dum

24 239 254 295 singulare
271 235 482 293 refugium
497 243 578 282 est.
593 237 816 291 Quatenus
837 239 960 295 etqui
974 239 1076 292 illis,
1097 240 1169 296 qui
1192 239 1288 295 ejus

22 266 294 368 ‘magisterio'
310 310 604 362 adhaerebant,
629 311 760 366 pedes
777 311 910 365 lavit;
935 312 1158 367 speciosos
1180 325 1289 369 quo·-

23 384 123 440 'que
144 383 295 427 reddat
313 387 356 427 et
377 382 507 438 pedes
525 383 913 439 evangelizantium
939 384 1060 429 vobis
1073 384 1209 442 (Rom.
1223 385 1285 443 x).

46 454 99 500 Ut
119 466 207 498 non
235 454 371 498 simus
400 456 513 499 sicut
549 456 724 511 quidam
764 457 971 512 plurimi,
997 458 1288 502 adulterantes

39 528 214 572 verbum
240 526 311 570 Dei
330 561 342 580 ‚
366 528 442 571 sed
464 540 515 571 ex
543 528 791 573 sinceritate
814 531 926 573 sicut
948 542 1001 574 ex
1018 530 1120 583 Deo,
1141 541 1288 576 coram

39 598 141 648 Deo,
165 600 209 642 in
232 598 405 643 Christo
427 599 672 655 loquamur.

93 670 199 716 vul.
231 671 283 714 Et
294 673 366 728 qui
383 673 436 714 ad
454 673 535 716 hoc
551 673 775 723 constituti
795 686 961 726 sumus,
1001 675 1063 717 uti
1086 675 1288 721 custodes

42 742 216 800 Sponsae
239 755 328 787 suae
349 747 510 788 sanctae
533 742 736 794 Ecclesiae
753 777 764 795 ,
797 758 892 800 quae
925 746 1030 789 estis
1054 759 1131 790 vos
1151 779 1162 798 ,
1193 747 1288 802 ejus

40 817 131 880 ipso
157 816 474 860 transmittente
507 828 583 872 per
615 828 698 860 nos
728 818 882 870 verba,
909 824 1163 874 praestemus
1198 818 1286 877 [al.

39 887 334 952 proferamus]
358 889 499 944 ipsum
523 889 576 936 ab
598 901 649 932 ea
672 892 808 932 amari
827 921 837 940 ,
858 890 1001 946 ipsum
1026 892 1219 947 laudari;
1246 898 1290 937 et

37 974 133 1006 eum
166 974 436 1017 nequaquam
475 961 766 1006 adulterantes
782 996 794 1014 ‚
830 964 992 1020 aliquid
1035 966 1079 1009 in
1123 978 1174 1009 ea
1210 977 1290 1009 no-

39 1041 190 1084 strum,
209 1032 324 1089 quod
347 1033 399 1076 ad
422 1034 561 1090 ipsum
580 1035 718 1079 solum
741 1035 874 1080 Deum
891 1037 1104 1092 pertinet,
1122 1051 1292 1095 quaera-

38 1118 148 1150 mus.
188 1104 410 1162 Quatenus
449 1113 496 1149 ut
540 1107 685 1157 fideles
722 1109 1035 1165 paranymphi,
1077 1117 1122 1154 et
1161 1110 1292 1154 amici

40 1174 194 1233 Sponsi
213 1209 225 1228 ,
249 1177 407 1220 sinceri
430 1183 597 1222 stantes
613 1179 657 1221 in
677 1179 934 1224 rectitudine
953 1182 1133 1225 internae
1148 1182 1291 1227 inten-

0 1333 2 1343 ‘
36 1317 241 1371 deamus,
268 1333 356 1363 non
394 1327 571 1377 propter
597 1334 742 1366 vocem
766 1329 961 1367 nostram
979 1356 989 1375 ,
1018 1325 1091 1369 sed
1116 1331 1292 1382 propter

38 1403 182 1436 vocem
206 1392 300 1447 ejus
333 1392 476 1449 (Joan.
512 1405 560 1437 nt
578 1427 589 1446 ,
621 1395 709 1451 29).
730 1395 785 1439 Ut
809 1397 922 1441 enim
945 1396 1059 1442 idem
1080 1400 1170 1443 ait:
1209 1400 1293 1452 Qui

38 1475 66 1509 a
93 1465 225 1519 seipso
251 1465 454 1522 loquitur,
480 1466 659 1523 qloriam
683 1471 894 1524 propriam
928 1472 1075 1526 quoerie
1090 1484 1105 1522 ,·
1127 1474 1198 1528 qni
1216 1486 1294 1516 au-

39 1543 116 1584 tem
136 1538 285 1591 quoerit
323 1537 504 1594 gloriam
528 1539 617 1594 εἷπε
649 1542 718 1596 qui
742 1542 855 1584 misit
882 1542 1003 1584 illum
1022 1576 1032 1594 ,
1069 1543 1134 1586 liic
1168 1557 1294 1587 verax

37 1614 117 1658 est,
137 1614 176 1652 et
196 1609 406 1664 injustitia
429 1612 471 1654 in
500 1611 573 1655 mo
597 1620 756 1657 nonest
774 1613 917 1671 (Joon.
938 1628 1018 1669 vri,
1042 1616 1127 1672 118).
1157 1616 1194 1660 A
1223 1630 1291 1662 se-

38 1681 218 1736 metipso
241 1682 446 1738 loquitur,
464 1685 538 1740 qui
553 1698 577 1728 a
595 1687 826 1742 semetipso
843 1689 1029 1731 aestimat
1047 1701 1159 1741 esse,
1175 1690 1292 1746 quod

0 1771 3 1778 ²
37 1750 241 1808 loquitur3
259 1754 469 1799 illectiam
488 1769 510 1798 a
528 1758 669 1813 seipso
683 1758 974 1816 loquitur,qui
990 1774 1069 1816 pro
1087 1762 1180 1818 ipso
1196 1763 1290 1806 solo

37 1823 240 1881 loquitur,
260 1828 327 1871 vel
340 1827 395 1870 ob
415 1830 750 1886 emolumentum
764 1832 962 1876 videlieet
977 1835 1163 1890 alicujus
1178 1848 1294 1879 eom-

38 1896 152 1950 modi
173 1900 454 1954 temporalis;
481 1901 546 1945 vel
581 1876 637 1946 ‹it›
667 1902 858 1948 favorem
901 1905 1101 1951 humanae
1131 1908 1289 1954 laudis.

41 1969 121 2014 Sed
141 1984 215 2017 vos
238 1973 439 2028 adJuvate
460 1975 796 2026 morationibus
819 1979 976 2023 vestris
1000 1980 1292 2026 infirmitatem

40 2047 246 2095 nostram,
267 2049 313 2086 ut
338 2045 555 2100 sapienter
579 2048 690 2092 inter
709 2047 830 2092 illum
853 2056 896 2094 et
923 2063 999 2095 vos
1024 2052 1291 2107 incedentes,

11 2163 12 2166 Ἴ
39 2113 130 2171 ejus
147 2115 194 2159 in
213 2116 336 2161 vobis
358 2117 539 2174 gloriam
562 2133 834 2176 quaeramus,
849 2125 922 2179 qui
945 2125 1063 2169 misit
1081 2139 1176 2171 nos.
1283 2127 1285 2129 ’

95 2186 165 2231 tx.
196 2187 354 2234 Audite
389 2192 494 2247 quid
530 2193 575 2236 in
609 2195 756 2240 verbis
794 2196 1210 2243 istis-«sacrosanctis
1250 2207 1292 2244 et

39 2258 279 2326 profundis,
305 2262 399 2319 ipse
418 2263 641 2320 dignanter
670 2268 874 2312 revelavit
891 2270 1033 2323 nobis,
1059 2278 1107 2315 ut
1139 2280 1180 2317 et
1212 2286 1289 2323 noe

40 2335 94 2390 ad
115 2335 251 2390 ipsius
279 2336 447 2381 laudem
467 2343 510 2382 et
530 2340 758 2385 utilitatem
790 2349 979 2387 vestram
1002 2347 1291 2394 revelaremus

42 2409 175 2455 vobis.
202 2409 450 2466 Eqrediemr
482 2409 687 2458 Dominus
719 2414 772 2459 de
805 2416 1005 2461 Samaria
1041 2418 1096 2462 ad
1129 2427 1294 2476 portam

40 2491 129 2538 quoe
150 2483 315 2538 respicit
368 2484 423 2526 ad
461 2487 674 2530 orientem.
718 2488 800 2532 Per
835 2489 950 2534 hunc
991 2490 1157 2536 Domini
1208 2494 1290 2549 61

41 2564 259 2610 egressum
290 2556 342 2600 de
384 2556 607 2610 Samaria,
633 2562 850 2606 salubrem
884 2564 980 2619 ejus
1023 2565 1075 2610 de
1113 2566 1183 2608 illa
1208 2567 1294 2609 alta

41 2631 83 2672 et
101 2634 264 2672 secreta
291 2631 503 2681 custodia,
525 2633 597 2675 ubi
622 2634 741 2678 illum
760 2635 888 2680 Pater
920 2638 965 2682 in
988 2639 1084 2682 sinu
1110 2652 1190 2684 suo
1217 2653 1294 2683 cu-

41 2698 228 2751 ntodivit,
254 2701 306 2743 ad
325 2701 520 2747 homines
547 2707 793 2762 accepimus
816 2709 1062 2755 adventum.
1092 2710 1200 2763 Quia
1217 2744 1228 2763 ‚
1249 2717 1295 2756 ut

44 2771 132 2828 ipse
157 2772 238 2816 ait:
263 2773 382 2818 Exivi
399 2790 424 2818 a
444 2776 587 2828 Patre,
612 2781 749 2823 etvcni
765 2782 807 2824 in
827 2782 1179 2841 mundumwoan.
1202 2798 1290 2838 ΧΠ,

42 2841 128 2903 28),
156 2845 347 2901 Etj'uxta
367 2847 606 2894 Psalmistae
622 2856 878 2898 sententiam
903 2872 913 2900 :
945 2856 980 2899 Α
1007 2872 1169 2902 summo
1193 2859 1294 2903 coelo

43 2920 219 2972 egressio
244 2921 332 2975 ejus
352 2920 488 2978 (Psal.
517 2938 641 2976 xvsti,
668 2927 726 2982 7).
754 2928 905 2973 Nonne
925 2931 967 2974 in
986 2934 1183 2976 custodia
1214 2933 1294 2977 suit

44 2988 111 3042 qui
137 2988 179 3030 in
204 2997 323 3045 patre
349 2993 551 3037 inxisibiIi
569 3028 578 3046 ,
623 2997 853 3044 invisibilis
879 3002 1162 3048 absconditus
1197 3003 1295 3048 fuit?

43 3069 138 3104 nam
163 3064 350 3116 quandiu
378 3067 538 3109 nullam
563 3069 692 3112 aliam
719 3071 761 3114 in
789 3085 835 3115 se
857 3080 1055 3118 naturam
1070 3077 1154 3121 nisi
1184 3077 1294 3120 divi-

42 3143 156 3182 nam,
177 3148 272 3188 qua:
301 3143 342 3179 et
364 3139 593 3185 invisibilis
609 3153 690 3193 est,
717 3145 883 3196 habuit,
909 3149 1030 3203 qnasi
1057 3150 1205 3199 tandiu
1227 3152 1287 3195 in-

42 3207 110 3247 tus
130 3204 220 3251 l'uit.
235 3208 333 3260 Sed,
353 3214 525 3267 quando
548 3213 724 3259 Verbum
734 3230 832 3261 caro
845 3218 1021 3274 sactum,
1038 3222 1080 3265 id
1098 3229 1162 3268 est
1180 3222 1293 3270 Deus

45 3273 168 3321 homo
190 3279 329 3325 faetus
350 3288 416 3328 est
432 3316 442 3334 ,
467 3292 508 3327 et
531 3285 733 3330 habitavit
758 3289 803 3332 in
828 3291 944 3335 nobis
969 3292 1111 3350 (Ιοαη.
1139 3307 1170 3346 i,
1203 3296 1289 3354 14);

45 3436 132 3469 cum
141 3428 372 3476 hominibus
385 3445 648 3480 conversatus
669 3445 743 3481 est..
761 3441 962 3496 (Bar-ucle,
982 3455 1049 3494 ιιι,
1065 3443 1154 3500 38).
1173 3443 1295 3492 Tunc

44 3495 240 3542 nimirum
265 3502 318 3553 de
335 3503 432 3556 hac,
450 3505 504 3549 de
534 3519 620 3562 qua
652 3509 885 3565 loquimur,
923 3512 1118 3556 Samaria
1144 3527 1293 3572 egres-

45 3577 117 3612 sus
139 3575 220 3615 est.

99 3638 149 3683 X.
180 3642 288 3688 ilinc
312 3647 406 3702 eius
428 3654 650 3704 egressum
685 3654 758 3699 illa
781 3656 1002 3712 quondam
1029 3658 1075 3701 in
1099 3655 1292 3704 Centies

49 3715 244 3759 ardenter
269 3718 415 3763 videre
437 3726 654 3778 exeptavit
676 3739 687 3770 t
713 3740 808 3783 quae
831 3740 987 3784 magno
1009 3729 1161 3774 affecta
1185 3730 1296 3776 (lesi-⁴

48 3783 165 3828 derio
187 3789 248 3831 ait
274 3806 283 3832 ε
313 3792 416 3844 Quis
444 3795 546 3838 milii
568 3796 635 3842 det
668 3807 705 3845 te
735 3799 911 3859 fratrem
936 3814 1086 3853 meum,
1115 3809 1160 3850 ut
1183 3806 1294 3846 inue-

51 3862 158 3905 niam
193 3871 231 3906 te
266 3865 408 3919 soris?
447 3864 589 3923 (Cant.
615 3883 713 3923 viu,
739 3861 800 3927 1.)
839 3875 958 3918 intus
996 3874 1169 3929 quidem
1204 3876 1293 3929 Jam

49 3943 142 3977 eum
166 3936 406 3986 invenerat,
448 3941 549 3993 quia
575 3941 617 3983 in
643 3955 739 3985 eum
762 3945 982 3996 credebat,
1008 3959 1134 4002 quem
1156 3947 1198 3989 in
1228 3948 1295 3990 di-

49 4002 222 4051 vinitate
244 4007 504 4057 invisibilem
547 4014 822 4067 agnoscebat.
862 4014 946 4059 Sed
981 4017 1088 4062 soz-is
1109 4029 1206 4061 eum
1229 4019 1295 4061 vi-

52 4073 150 4120 dere
171 4081 457 4136 concupiscit,
487 4089 533 4125 ut
570 4084 613 4127 in
645 4085 716 4128 illa
750 4087 950 4132 videlicet
983 4095 1138 4132 natura
1163 4102 1294 4144 appa-

54 4152 174 4199 reret,
212 4164 307 4206 quae
345 4154 483 4198 oculis
517 4158 817 4212 corporalibus
845 4160 981 4203 videri
1011 4167 1170 4216 posset.
1208 4160 1293 4204 Sed

53 4222 96 4260 ut
118 4219 160 4263 in
185 4223 258 4265 tali
294 4230 448 4268 natura
486 4235 730 4283 appareret,
768 4232 957 4286 oportuit
992 4233 1105 4276 utin
1128 4233 1293 4277 unitate

53 4297 142 4333 eam
166 4297 359 4349 personae
383 4305 473 4341 suae
502 4306 759 4354 assumeret,
795 4308 838 4345 et
862 4315 949 4346 non
969 4303 1055 4351 ‚sub
1079 4303 1221 4360 aliqua
1247 4317 1292 4347 se

51 4355 185 4406 torma
206 4367 475 4423 phantastica
498 4372 804 4429 absconderet:
839 4376 914 4420 sed
948 4375 1052 4419 illud
1080 4377 1291 4427 veraciter

0 1268 2 1293 :
37 1251 164 1301 tionis
179 1282 190 1300 ,
214 1256 257 1294 et
281 1251 424 1294 cordis
438 1262 540 1295 eum
567 1253 745 1297 auribus
771 1254 996 1298 audientes
1017 1256 1174 1311 gaudio
1195 1268 1297 1312 gau·
1318 1239 1354 1283 B

1367 239 1497 285 homo
1519 247 1648 286 esset.
1673 239 1801 285 Prius
1822 252 1926 296 ergo
1952 252 2048 284 eum
2072 239 2250 284 fratrem
2274 251 2398 284 suum
2421 239 2513 292 (ieri
2537 253 2590 288 vo

1366 313 1480 367 luit,
1517 321 1565 358 ut
1601 327 1700 359 eum
1738 313 2012 370 postmodum
2049 312 2157 357 soris
2202 312 2398 358 invenire
2447 318 2611 369 posset.

1367 383 1493 439 Quia,
1530 392 1759 442 postquam
1791 383 1928 428 frater
1962 389 2006 429 et
2036 396 2138 429 caro
2171 389 2320 429 nostra
2351 384 2492 428 sactus
2528 394 2611 438 est.

1366 455 1468 499 dum
1492 454 1538 499 in
1557 455 1882 502 similitudinem
1906 452 2093 500 hominis
2115 455 2272 508 faetus,
2307 464 2349 500 et
2373 456 2521 500 habitu
2546 455 2612 499 iu-

1365 530 1522 572 ventus
1548 536 1594 571 ut
1618 529 1761 578 homo,
1801 528 1854 571 de
1888 533 2056 571 secreto
2083 532 2273 584 paternae
2312 526 2533 579 Samariae,
2559 527 2614 577 ad

1367 600 1592 657 publicum
1615 606 1777 644 nostrae
1799 612 1999 655 egressus
2023 608 2087 644 est
2109 604 2296 654 naturam
2335 601 2483 657 sicque
2504 598 2612 644 soris

1366 671 1568 716 inventus
1605 678 1673 715 est
1711 672 1754 714 in
1792 677 1949 714 natura
1988 678 2154 723 nostra,
2191 670 2264 731 qui
2302 673 2420 722 intus
2457 671 2537 725 suit
2567 671 2615 723 in

1367 755 1463 794 sua,
1487 743 1567 796 Qui
1591 744 1925 788 estbenedictus
1950 744 1991 786 in
2016 744 2188 789 saecula.
2209 744 2360 794 Amen,

1830 832 2012 877 SL‘RMO
2044 831 2150 879 xvi.

1545 922 1648 954 ῙΤΕΜ
1680 923 1882 954 hommes
1915 924 1946 952 11
1977 923 2018 954 m
2047 923 2241 956 ADVENTU
2267 921 2438 956 nomm.

1445 981 1507 1026 De
1528 983 1703 1027 adventa
1734 983 1972 1082 Christiffd
1998 982 2229 1049 Ecclesiam
2247 997 2320 1039 per
2345 983 2542 1041 virqinem

1941 1053 2092 1084 arram.

1372 1107 1576 1157 Srsorsts
1602 1123 1823 1156 senuoms.
1845 1138 1901 1144 —-
1920 1111 1959 1156 1.
1999 1111 2140 1156 Portae
2161 1112 2332 1156 diversa
2357 1112 2550 1168 acceptio
2572 1112 2620 1157 in

1428 1167 1680 1224 Scripturis.
1717 1193 1772 1200 —--
1802 1168 1845 1212 2.
1881 1168 2010 1212 Porta
2035 1170 2258 1212 orientalis
2279 1173 2345 1213 est
2369 1168 2500 1224 Virgo
2526 1167 2619 1214 Ma-

1431 1225 1511 1275 ria,
1551 1225 1605 1268 ad
1641 1237 1769 1280 quam
1807 1225 1989 1279 insignis
2031 1224 2304 1280 apostrophe.
2340 1248 2395 1256 --·
2428 1224 2468 1268 5,
2508 1222 2621 1268 Ante

1432 1279 1609 1323 Mariam
1632 1292 1758 1324 nemo
1790 1281 2054 1336 virginitatis
2091 1280 2178 1324 Deo
2217 1279 2402 1323 sacravit
2426 1281 2620 1336 proposi÷

1429 1341 1538 1378 tum.
1555 1360 1612 1367 —
1627 1336 1670 1381 4.
1695 1335 1921 1379 Plenitudo
1944 1337 2092 1391 gratiae
2114 1348 2190 1391 per
2213 1335 2389 1378 Mariam
2408 1336 2450 1378 in
2471 1335 2619 1380 fideles

1430 1391 1662 1435 derivatur.
1691 1392 1802 1435 -5.
1831 1392 2006 1447 Moysen
2044 1392 2098 1435 de
2134 1391 2293 1435 fiscella
2329 1391 2495 1448 scirpea
2533 1392 2620 1434 lilia

1429 1446 1669 1491 Pharaonis
1686 1479 1697 1496 ,
1723 1447 1944 1492 Christum
1968 1449 2020 1491 de
2047 1446 2220 1503 Virgine
2242 1454 2391 1491 natum
2430 1447 2622 1503 suscepit

1430 1504 1623 1548 Ecclesia
1648 1505 1853 1560 gentium.
1882 1528 1934 1535 -—
1953 1503 1995 1546 6.
2022 1502 2287 1553 Bethlehem,
2312 1503 2356 1546 id
2378 1508 2445 1547 est
2466 1504 2620 1547 domus

1428 1560 1554 1616 panis
1577 1575 1586 1602 ε
1620 1560 1692 1615 qui
1714 1561 1925 1615 reprobus
1950 1561 2121 1614 triplex.
2152 1583 2210 1591 —-·
2246 1559 2286 1603 7.
2311 1557 2450 1602 Panes
2474 1558 2622 1602 Eccle.

1431 1617 1504 1660 siae
1540 1617 1709 1672 probati
1742 1616 1888 1660 decem
1926 1615 2358 1659 recensentur.—·8.
2389 1613 2496 1674 Quis
2532 1614 2624 1658 sru-

1428 1677 1543 1723 ctus‚
1568 1672 1612 1716 in
1634 1672 1842 1722 Ecclesia,
1869 1672 2156 1727 singulorum.

1429 1758 1461 1804 1.
1483 1760 1542 1807 De
1558 1759 1752 1805 Samaria
1776 1773 1979 1817 egressus
1992 1760 2186 1805 Deusubi
2200 1759 2387 1817 primum
2407 1760 2625 1816 apparuit?

1374 1835 1523 1890 utique
1541 1833 1594 1876 ad
1620 1840 1804 1890 portam,
1832 1847 1927 1890 quae
1951 1834 2126 1890 respicit
2150 1832 2203 1877 ad
2234 1832 2470 1877 Orientem.
2513 1832 2622 1885 Quia

1372 1905 1506 1956 illam,
1530 1907 1575 1949 in
1608 1917 1692 1962 qua
1725 1905 1957 1957 videretur,
1995 1906 2048 1949 de
2076 1906 2243 1963 virgine
2275 1904 2409 1948 Maria
2434 1906 2623 1960 suscepit

1372 1978 1701 2046 apparitionem.
1739 1977 1815 2022 Est
1838 1985 1963 2034 porta
1988 1978 2181 2034 quaedam
2207 1978 2424 2029 Christus,
2463 1977 2518 2022 de
2539 1990 2626 2034 qua

1371 2051 1533 2095 dietum
1557 2051 1726 2096 habetis
1756 2051 1801 2094 in
1834 2051 1913 2094 Job
1947 2051 1999 2095 de
2033 2051 2181 2107 impio,
2212 2049 2327 2107 quod
2362 2048 2500 2106 Longe-
2523 2051 2626 2104 fient

1372 2125 1497 2166 antici
1523 2123 1613 2179 eJ‘us
1645 2137 1670 2166 a
1701 2123 1836 2167 salute
1853 2157 1864 2175 ,
1903 2132 1940 2167 et
1966 2132 2227 2168 conterentur
2248 2125 2291 2167 in
2312 2131 2432 2181 porca
2458 2122 2553 2181 (Job
2577 2135 2620 2174 v,

1371 2196 1430 2253 t).
1460 2195 1569 2248 Quia
1608 2194 1844 2252 Synagogae
1879 2196 2027 2252 popuii
2068 2207 2092 2239 a
2129 2208 2230 2240 vcra
2263 2209 2310 2240 se
2340 2196 2478 2241 salute
2504 2196 2617 2240 elon-

1372 2274 1523 2325 gantes
1544 2300 1555 2320 ,
1594 2269 1795 2313 veniente
1837 2270 2042 2334 Chr-isto,
2075 2282 2154 2325 per
2190 2269 2484 2313 infidelitatem
2523 2280 2621 2313 cor-

1374 2341 1490 2397 rupti
1514 2346 1632 2385 sunt.
1660 2339 1736 2385 Est
1756 2346 1800 2384 et
1825 2341 1908 2384 alia
1931 2342 1984 2384 ad
2009 2340 2134 2385 tidem
2161 2341 2384 2398 pertinens
2406 2347 2548 2398 porta,
2572 2341 2625 2386 de

1373 2427 1460 2471 qua
1482 2419 1664 2459 sanctus
1693 2413 1827 2458 David
1857 2430 1867 2458 ε
1904 2427 1991 2458 non
2014 2414 2321 2467 confundetur,
2357 2414 2461 2459 Cum
2486 2416 2628 2472 laque·

1375 2494 1459 2539 tur,
1487 2487 1642 2543 inquit,
1667 2488 1849 2530 inimicis
1874 2489 1961 2531 suis
1985 2488 2029 2531 in
2052 2495 2179 2543 porta
2217 2487 2356 2546 (Psat.
2379 2501 2526 2540 cxxvi,
2549 2488 2625 2546 5),

1373 2561 1417 2605 id
1442 2565 1508 2605 est
1544 2561 1716 2618 quando
1756 2560 1993 2617 disputabit
2039 2572 2138 2604 cum
2175 2561 2389 2606 haereticis
2424 2574 2503 2617 pro
2541 2561 2625 2604 lide

1374 2631 1558 2678 tenenda
1598 2632 1675 2691 [ol.
1713 2632 1910 2691 tuendaJ.
1950 2631 2025 2678 Est
2062 2645 2234 2690 quoque
2271 2633 2430 2676 bonum
2459 2665 2469 2685 ,
2509 2633 2624 2696 quod

1373 2720 1627 2753 exercemus
1666 2721 1789 2764 opus,
1829 2708 1953 2763 quasi
1993 2713 2118 2765 porta
2156 2710 2370 2764 qttaedam,
2411 2709 2513 2763 quia
2548 2721 2623 2764 per

1374 2782 1491 2824 illam
1516 2781 1569 2825 de
1596 2783 1708 2825 hona
1745 2781 1985 2833 voluntate,
2027 2793 2154 2836 quam
2192 2795 2336 2825 coram
2360 2781 2447 2825 Deo
2470 2781 2624 2826 intrin:

1374 2867 1500 2899 secus
1534 2856 1742 2899 habenms
1768 2872 1776 2899 :
1818 2854 1873 2898 ad
1904 2856 2054 2899 oculos
2086 2857 2376 2910 proximorum
2412 2855 2624 2899 extrinseae

1375 2940 1454 2971 cus
1476 2929 1671 2979 eximus;
1698 2928 1751 2972 de
1773 2941 1856 2984 qua
1882 2928 1940 2971 ait
1962 2934 2139 2972 sanctus
2161 2926 2242 2971 Job
2278 2942 2288 2971 :
2327 2926 2503 2980 Quando
2526 2939 2625 2981 pro-s

1373 2999 1565 3043 cedebam
1591 3000 1644 3043 ad
1664 3009 1826 3055 portam
1857 3002 2038 3044 ciuitatis
2074 2999 2169 3057 (Job
2195 3012 2300 3044 xxxx
2317 3031 2330 3052 ,
2358 2999 2415 3056 7).
2441 2999 2623 3052 Quando

1372 3072 1573 3116 videlicet
1593 3074 1785 3118 exterius
1807 3074 1920 3118 exivi
1946 3074 2001 3117 ad
2023 3085 2132 3130 opus
2153 3074 2312 3117 bonum
2336 3085 2482 3115 coram
2507 3073 2619 3128 aliis,

1376 3146 1459 3190 Sed
1483 3152 1526 3190 ct
1555 3148 1696 3192 exitus
1733 3148 1786 3191 ab
1820 3148 1902 3192 hac
1942 3148 2048 3200 vita,
2085 3155 2209 3205 porta
2242 3147 2370 3191 nobis
2391 3151 2474 3192 est.
2502 3146 2624 3201 Sicut

1375 3217 1419 3260 in
1453 3212 1674 3263 Ezechieli:
1710 3219 1892 3275 legimus
1929 3216 2038 3275 (cap.
2063 3230 2146 3270 xa,
2171 3218 2231 3275 5),
2263 3218 2378 3274 quod
2414 3218 2624 3275 propheta

1375 3291 1558 3335 interius
1582 3298 1722 3343 stans,
1762 3291 1912 3336 oculos
1951 3292 2141 3336 exterius
2179 3292 2329 3335 hahuit
2359 3292 2411 3336 ad
2435 3298 2619 3350 portam²

45 3362 94 3396 ac
131 3357 364 3400 secundum
414 3360 526 3415 qnod
551 3359 759 3408 Jeremias
792 3365 874 3410 ait:
900 3366 952 3410 1η
978 3375 1089 3413 terra
1112 3372 1223 3413 visus
1254 3379 1292 3416 et
1319 3380 1352 3423 ῃ
1374 3363 1459 3408 Pro
1481 3376 1533 3409 eo
1563 3364 1679 3421 quod
1718 3363 1880 3409 electus
1918 3363 2104 3421 quisque
2140 3365 2185 3407 in
2219 3364 2300 3408 fide
2333 3361 2534 3408 Ecclesiae
2556 3364 2623 3407 viv

1376 3449 1496 3488 rens,
1542 3437 1593 3480 ad
1633 3437 1794 3482 exitum
1834 3448 1958 3481 suum
1998 3438 2052 3480 ah
2088 3436 2170 3480 hac
2202 3438 2320 3488 vita,
2359 3435 2621 3481 desiderium

1378 3522 1503 3553 suum
1528 3511 1759 3554 extendere
1782 3511 1922 3561 debet,
1965 3517 2009 3553 ut
2032 3524 2128 3555 cum
2152 3510 2323 3553 Christo
2348 3522 2444 3554 esse
2465 3509 2616 3566 possit,

1435 3582 1482 3626 ll.
1539 3581 1670 3627 Porta
1693 3595 1865 3639 quoque
1889 3588 2042 3627 sancta
2064 3590 2106 3627 et
2130 3588 2350 3638 perpetua,
2378 3583 2498 3639 virgo
2519 3589 2584 3626 est
2605 3614 2618 3636 ,

1377 3662 1423 3698 ut
1447 3654 1490 3698 in
1514 3655 1663 3700 eodem
1688 3657 1849 3699 dictum
1874 3655 2091 3699 invenitur
2114 3654 2350 3705 Ezechieie,
2378 3656 2477 3710 quia
2499 3663 2618 3709 porta

1376 3727 1462 3769 herc
1484 3727 1630 3769 clausa
1664 3727 1742 3769 erit
1777 3734 1825 3778 ct
1848 3739 1929 3769 non
1962 3725 2172 3781 aperietur
2208 3723 2378 3781 (Ezech.
2415 3738 2531 3778 xmv,
2556 3725 2616 3780 Ξ).

1375 3800 1483 3853 Quia
1507 3801 1599 3855 ipsa
1630 3811 1813 3854 semper,
1857 3804 1899 3842 et
1937 3804 2034 3842 ante
2064 3803 2234 3853 partum
2269 3798 2532 3853 incorrupta,
2576 3804 2619 3842 et

1375 3877 1471 3926 post
1496 3876 1667 3926 partum
1693 3872 1850 3914 mansit
1874 3871 2021 3914 illaesa.
2055 3868 2118 3912 Ad
2144 3869 2448 3925 hancportam
2470 3882 2616 3925 egres·

1373 3956 1448 3988 sus
1473 3941 1682 3986 Dominus
1703 3942 1756 3987 de
1782 3941 1977 3984 Samaria
1999 3941 2131 3992 venit,
2167 3942 2268 3998 qnia
2290 3942 2383 3998 ipsa
2407 3942 2449 3984 in
2474 3948 2618 3985 mente

1372 4022 1518 4073 aperta
1541 4028 1616 4071 per
1640 4015 1781 4065 fidem,
1819 4022 1860 4058 et
1888 4015 1932 4057 in
1962 4025 2142 4070 corpore
2171 4016 2318 4057 clausa
2344 4026 2419 4069 per
2440 4015 2619 4057 castita-

1372 4093 1456 4131 tem
1478 4101 1489 4140 ;
1519 4088 1612 4131 sine
1636 4088 1886 4143 pollutione,
1913 4098 2012 4130 eum
2035 4087 2194 4129 munda
2218 4087 2431 4141 concepit,
2457 4092 2499 4129 et
2523 4088 2618 4131 siue

1371 4161 1546 4204 laesione
1586 4162 1751 4215 integra
1789 4159 2023 4215 generavit.
2063 4157 2174 4202 Vere
2228 4166 2272 4202 tu
2311 4172 2384 4209 es,
2424 4170 2450 4201 o
2486 4158 2617 4213 Virgo

1372 4233 1512 4283 beata,
1540 4237 1665 4288 porta
1693 4232 1733 4274 in
1760 4231 1982 4275 Ezechiele
2004 4231 2244 4275 orientalis.
2276 4230 2337 4273 Tu
2364 4236 2405 4273 et
2440 4231 2537 4280 Ista,
2563 4230 2615 4273 de

1370 4318 1454 4361 qua
1477 4316 1594 4348 nunc
1627 4304 1810 4359 agimus,
1848 4312 1989 4359 porta,
2022 4304 2254 4359 respiciens
2287 4303 2337 4344 ad
2373 4302 2610 4350 orientem,

1370 4378 1471 4433 quia
1498 4380 1538 4419 en
1566 4389 1628 4432 es,
1671 4378 1713 4421 in
1739 4389 1821 4432 qua
1845 4377 2040 4420 Christus
2068 4389 2189 4420 suum
2217 4376 2308 4418 sine
2339 4374 2452 4418 omni
2481 4374 2610 4425 viola·
