2924 4588
116 30 196 77 665

809 26 878 69 ΒΕ
909 23 1236 70 TanARTt'ro
1269 23 1683 72 TARERNAGULO.
1712 51 1770 61 —-
1795 28 1936 72 PARS
1966 27 1999 75 Ῐ.

2605 38 2686 83 666

114 132 304 166 aeneam:
324 122 369 163 ut
394 130 472 172 per
490 117 669 163 crebras
689 116 804 161 illius
826 121 1071 173 aperturas,
1088 111 1201 160 sicut
1223 115 1359 160 Vene-
1386 118 1413 161 Α
1442 116 1696 160 holocausta
1737 119 1938 172 imposita
1956 142 1958 150 =
1976 120 2307 168 cremabantur.
2369 122 2495 180 365
2550 125 2688 173 Fue-re

115 192 264 236 rabilis
287 191 400 236 Beda
424 191 541 243 dicit,
562 190 672 246 ignis
693 188 940 246 suppositus
963 188 1019 232 ad
1043 189 1359 233 consumendas

115 277 266 310 omnes
307 264 549 308 hostiarum
583 267 730 319 partes
773 261 907 305 libere
954 266 1214 318 penetraret.
1253 259 1358 303 ‘Fuit

113 337 229 382 enim
249 337 499 393 przedictum
528 334 664 380 altare
687 344 839 379 cavum
860 341 903 379 et
924 335 1054 378 inane
1075 333 1355 384 intrinsecus,

116 411 159 454 in
174 408 578 466 singulislateribus
600 395 796 463 singulos
813 406 974 450 liabens
995 405 1177 450 annulos
1199 417 1355 457 aeneos,

50 520 54 525 ,
115 487 162 524 ut
182 481 245 525 eis
267 480 476 524 immissis
510 479 679 522 duobus
709 490 761 522 ex
785 483 971 533 utroque
992 477 1357 522 latere-vectibus

113 552 166 599 de
187 552 316 609 lignis
339 553 463 597 setim
477 585 489 603 ,
528 553 603 608 qui
638 562 724 595 aere
759 550 935 594 suerunt
967 550 1186 606 cooperti,
1211 556 1358 606 posset

114 625 291 681 portari.
306 623 439 668 Facta
457 629 557 668 sunt
579 628 721 667 autem
745 623 790 667 in
812 635 919 667 usus
941 622 1037 678 ejus
1057 633 1164 666 vasa
1185 622 1356 666 diversa

113 709 167 742 ex
187 709 271 741 aere
286 727 298 751 ,
338 696 515 747 lebetes,
541 695 708 740 scilicet
729 693 889 750 quibus
912 694 1080 739 cineres
1101 694 1290 751 suscipi;
1315 701 1357 739 et

114 770 318 827 forcipes,
338 771 495 828 quibus
514 769 688 813 titiones
704 769 785 813 sub
807 769 996 811 altarein
1010 770 1107 824 igne
1125 766 1326 823 componi
1343 781 1355 820 ;

113 849 156 887 ct
180 842 424 893 fuscinulae,
448 854 542 898 quae
556 841 701 885 Graece
717 853 904 897 creagrae
928 844 1165 891 vocantur,
1197 839 1358 895 quibus

113 920 236 960 cocta
249 916 445 958 carnium
459 915 594 958 frusta
612 919 787 969 possent
806 914 956 965 levari,
982 919 1024 956 et
1052 911 1218 969 ignium
1240 924 1360 956 rece-

114 988 299 1043 ptacula.
315 985 374 1030 De
399 987 464 1031 his
482 987 612 1038 vasis,
627 985 734 1030 etde
749 985 831 1029 boe
848 985 980 1027 altari·
998 986 1057 1028 ita
1073 984 1248 1041 quidam
1270 995 1359 1029 non

114 1060 257 1104 minus
291 1060 494 1111 disertus,
527 1071 654 1115 quam
684 1059 910 1114 religiosus
935 1057 1288 1102 emmiu-Facies
1317 1059 1359 1099 in

114 1142 214 1176 usus
230 1133 320 1188 ejus
334 1131 479 1176 lebetes
497 1130 552 1174 ud
569 1130 852 1188 suscipiendos
866 1132 1048 1182 cineres,
1076 1127 1278 1185 lore-iper,
1299 1137 1360 1173 at·

114 1216 192 1260 que
209 1204 463 1259 susc-inulas,
498 1211 538 1247 et
577 1205 733 1263 iynium
772 1201 1353 1259 receptacula(Exodfxxvit,
1381 1190 1413 1233 Β

113 1276 172 1332 3),
200 1275 245 1319 ln
269 1275 447 1321 Hebraeo
470 1276 533 1321 sic
555 1274 758 1320 liabetur:
786 1275 936 1319 Facies
952 1277 1040 1332 ejas
1058 1275 1166 1320 ollas
1180 1276 1234 1319 ad
1255 1290 1351 1320 aas·

113 1347 324 1404 cipiendos
371 1349 526 1391 cineres
549 1361 654 1404 ejus,
678 1356 717 1391 et
738 1349 827 1404 εἰπε
857 1349 995 1404 palas,
1019 1357 1060 1392 et
1082 1348 1354 1405 ejusvpetves,

112 1428 151 1464 et
172 1422 261 1477 ejtu
283 1423 469 1473 uncinos,
487 1428 525 1465 et
547 1422 636 1477 ejus
662 1423 822 1478 syrtium
845 1424 1119 1477 receptacula.
1141 1422 1271 1467 Palas
1295 1422 1359 1467 vi-

114 1494 268 1539 delicet
290 1496 343 1539 ad
378 1496 583 1540 levandos
603 1496 787 1547 cineres,
812 1496 920 1540 ollas
948 1497 1000 1539 ad
1029 1495 1328 1551 suscipiendos
1344 1528 1355 1547 ,

42 1623 43 1626 Ἰ
113 1567 256 1622 pelves
281 1566 331 1610 ad
358 1569 608 1623 sanguinem
623 1566 911 1619 fundendum,
928 1568 1110 1611 uncinos
1134 1566 1187 1610 ad
1212 1567 1358 1611 levan-

113 1639 191 1684 das
213 1651 366 1684 carnes
389 1640 442 1683 de
464 1639 636 1683 cacabis
653 1671 665 1690 ,
695 1639 861 1694 ignium
885 1639 1157 1696 receptacula
1181 1639 1233 1682 ad
1259 1650 1358 1694 por—

114 1713 269 1758 tandas
287 1725 465 1770 prunas.
490 1711 708 1769 Sequitur.
729 1707 1066 1770 craticulamque
1083 1711 1355 1762 subauditur,

114 1786 246 1832 facies
269 1786 309 1830 ei
335 1787 379 1829 in
413 1786 581 1829 modum
604 1786 703 1829 retis
729 1798 909 1837 oeneam,
934 1799 1006 1842 per
1030 1786 1152 1842 cujus
1178 1792 1359 1841 quatuor

113 1859 286 1915 anequlos
310 1866 431 1903 erunt
452 1867 631 1917 quatuor
650 1860 797 1903 annuli
822 1857 924 1903 oeneae·
938 1895 949 1912 ‚
973 1874 1074 1916 quos
1095 1871 1219 1915 pones
1237 1873 1361 1916 super

113 1932 281 1975 arulam
321 1931 501 1985 altaris,
533 1934 689 1989 eritque
733 1946 860 1989 usque
893 1932 946 1976 αά
987 1933 1137 1976 altaris
1176 1932 1359 1976 medium

114 2002 253 2060 (ibim,
276 2003 337 2061 12).
364 2003 424 2048 De
461 2004 544 2048 bac
572 2005 779 2048 craticula
816 2018 972 2062 magna
1010 2006 1269 2061 ambiguitas
1291 2012 1358 2049 est

113 2083 201 2120 tam
222 2077 335 2134 apud
359 2077 584 2130 Hebraeos,
610 2090 738 2135 quam
776 2078 890 2136 apud
916 2085 1116 2124 nostros:
1144 2071 1359 2136 praecipue

112 2161 212 2194 cum
238 2148 446 2195 Hebraica
470 2150 629 2195 veritas
651 2139 850 2195 nonnihil
865 2164 890 2194 a
909 2157 1057 2195 nostra
1073 2152 1357 2195 translatione

1440 188 1571 231 etiam
1593 191 1685 243 equi
1721 189 1912 233 dicerent
1953 193 2064 235 inter
2096 194 2282 247 parietes
2313 196 2462 238 altaris
2494 200 2686 242 craticu-

1439 261 1522 304 lam
1545 261 1730 317 positam
1747 293 1758 313 ‚
1783 269 1825 306 et
1861 275 1999 318 usque
2034 265 2087 307 ad
2117 267 2311 310 medium
2335 269 2575 314 altitudinis
2595 271 2687 326 ejus

1437 340 1624 379 erectam
1639 367 1650 387 ,
1682 341 1724 378 et
1747 336 1829 378 sub
1853 336 1947 390 ipsa
1971 339 2176 384 craticula
2202 341 2365 382 arulam
2389 354 2564 397 parvam
2595 340 2687 386 sor-

1438 411 1598 449 matam
1619 437 1630 456 ,
1655 411 1698 449 et
1721 406 1763 448 in
1787 406 1936 451 eadem
1959 407 2101 462 ignem
2137 412 2324 462 exstrui,
2353 423 2429 467 per
2451 413 2609 455 ostium
2634 414 2689 455 ad

1437 479 1688 524 orientalem
1726 479 1875 523 altaris
1910 482 2114 535 parietem
2154 489 2331 538 patens3
2354 489 2396 526 et
2434 485 2498 527 sie
2533 497 2690 529 carnes

1438 550 1974 607 craticulaesupcrpositas
1998 553 2210 597 introrsus
2235 556 2417 599 cremari
2433 587 2444 606 ,
2469 555 2587 599 fumo
2613 569 2688 612 per

1439 635 1489 666 os
1513 624 1662 668 altaris
1683 624 1870 680 desuper
1892 631 2086 680 apertum
2109 628 2369 681 egrediente.
2408 628 2460 671 Et
2494 641 2547 672 ne
2579 629 2688 675 sorte

1438 694 1492 738 de
1522 694 1675 751 ligneis
1709 695 1926 740 introrsus
1961 698 2110 741 altaris
2146 702 2381 754 parictibus
2418 702 2513 755 igne
2546 702 2687 744 vicino

1437 766 1774 819 comburendis,
1813 768 1954 822 aliqua
1997 771 2186 824 suspicio
2223 778 2504 820 nasceretur,
2538 773 2686 816 eadem

1438 839 1552 895 ligna
1575 839 1939 888 incombustibilia
1963 848 2224 886 asseverant.
2263 842 2370 893 Sed,
2399 844 2434 888 si
2460 845 2549 887 baee
2573 845 2687 900 ligna

1435 911 1541 957 talia
1564 911 1753 967 putanda
1791 919 1892 957 sunt
1912 945 1923 962 ,
1961 920 2005 956 ut
2028 916 2092 957 vel
2119 928 2228 970 aqua
2246 949 2256 969 ,
2283 917 2347 960 vel
2384 918 2481 972 igne
2515 918 2688 961 omnino

1438 984 1653 1039 corrumpi
1681 996 1767 1027 non
1806 993 2010 1039 possent,
2038 987 2138 1041 quid
2161 999 2268 1041 opus
2292 988 2419 1031 suerit
2441 990 2568 1032 aeneis
2605 997 2674 1045 teg

1438 1056 1609 1099 laminis
1633 1058 1904 1102 extrinsecus
1920 1090 1931 1108 ,
1958 1071 2042 1101 non
2066 1059 2249 1103 videtur.
2290 1060 2373 1103 Sed
2396 1073 2473 1104 nec
2506 1062 2687 1116 qualiter

1440 1127 1675 1174 introrsum
1712 1130 1805 1186 ipsa
1845 1132 2051 1174 craticula
2091 1145 2188 1175 cum
2230 1134 2422 1177 vectibus
2459 1135 2548 1178 suis
2591 1143 2689 1191 apte

1437 1203 1738 1253 collocaretur,
1765 1209 1838 1246 aiut
1878 1205 2235 1258 quemadmodum
2261 1218 2338 1260 per
2376 1208 2556 1251 atn'iulos
2594 1207 2687 1261 ejus

1436 1276 1632 1320 vectibus
1655 1276 1831 1321 insertis
1854 1277 1986 1319 altare
2024 1283 2293 1332 portaretur,
2321 1280 2411 1321 sive
2432 1279 2558 1322 etiam
2583 1292 2690 1333 quo-

1436 1349 1565 1391 modo
1584 1348 1666 1391 sub
1687 1348 1759 1390 illa
1780 1347 1901 1391 arula
1926 1349 2124 1392 interiori
2148 1349 2296 1392 annuli
2319 1350 2536 1392 craticulae
2557 1363 2689 1404 ponc—

1435 1426 1602 1472 rentur,
1637 1421 1742 1467 satis
1762 1426 1910 1476 patere
1946 1427 2102 1476 potest.
2130 1421 2280 1473 ludaei,
2308 1422 2553 1476 ubicunque
2581 1422 2689 1464 dici-

1438 1503 1535 1535 mus
1572 1503 1720 1542 aram,
1745 1490 1895 1535 dicunt
1933 1504 2091 1534 aream.
2130 1491 2254 1543 Quod
2291 1504 2371 1534 nos
2408 1504 2599 1544 cereum,
2621 1493 2690 1535 vel

1437 1577 1602 1610 ameum
1626 1565 1763 1608 altare
1795 1571 1969 1620 propter
1993 1565 2174 1608 laminas
2206 1567 2423 1608 asse-:ibus
2457 1566 2604 1609 atlixas
2624 1565 2690 1608 ‹li-

1424 1636 1594 1698 cimus,
1619 1636 1681 1678 illi
1704 1636 1891 1691 parietes
1918 1648 2027 1678 arcae
2052 1637 2278 1692 appellant.
2318 1637 2403 1681 llos
2429 1638 2609 1692 parietes
2645 1638 2690 1679 in

1439 1711 1646 1766 quadrum
1687 1710 1851 1765 positos
1894 1723 2029 1765 usque
2066 1711 2118 1753 ad
2154 1723 2366 1754 summum
2392 1710 2547 1765 repleri
2575 1715 2690 1752 terra

1440 1784 1578 1827 solere
1611 1783 1790 1835 dicunt;
1826 1783 1869 1825 in
1899 1796 2067 1827 summo
2101 1784 2316 1838 glebarum
2345 1783 2583 1837 parietibus
2617 1794 2691 1827 su-

1439 1855 1645 1911 pradictis
1669 1857 1931 1900 inclusarum
1970 1857 2081 1911 ligna
2121 1856 2252 1911 poni,
2289 1857 2446 1911 quibus
2479 1854 2687 1899 sacrificia

1439 1929 1840 1985 superponebantur
1862 1943 1872 1981 ;
1898 1930 2148 1972 craticulam
2171 1941 2272 1972 vero
2295 1928 2520 1983 utriusque
2541 1927 2693 1970 altaris

1439 2005 1530 2048 sive
1546 2012 1737 2057 auream,
1757 2005 1846 2048 sive
1857 2017 2035 2054 aeneam,
2054 2004 2202 2047 dicunt
2221 2015 2315 2046 esse
2332 2015 2439 2053 opus
2454 2001 2686 2057 quoddam,

1439 2077 1628 2133 undique
1650 2077 1934 2120 foraminibus
1970 2077 2173 2132 plenum,
2198 2075 2310 2131 quod
2350 2075 2401 2117 ad
2441 2075 2688 2118 similitudi-

1437 2161 1534 2192 nem
1556 2161 1706 2193 earum
1724 2180 1735 2200 ‚
1763 2161 1858 2204 quae
1881 2149 1924 2192 in
1944 2148 2135 2192 Ecclesia
2161 2154 2261 2192 sunt
2282 2180 2293 2197 ‚
2320 2147 2421 2191 liias
2456 2148 2684 2203 appellant.

112 2221 358 2279 discrepare
389 2223 600 2268 videatur.
633 2223 705 2269 Sic
741 2225 855 2269 enim
895 2225 1078 2269 babetur
1102 2241 1110 2269 :
1134 2224 1282 2268 Facies
1319 2227 1355 2269 ei
1379 2252 1414 2300 C
1439 2219 1512 2263 1¹ae
1535 2221 1589 2264 ab
1622 2221 1709 2265 imo
1732 2221 1882 2284 altariS
1903 2254 1914 2275 ,
1951 2221 2024 2264 ubi
2049 2226 2175 2264 terrae
2193 2221 2453 2276 jungebatur
2476 2232 2613 2275 usque
2634 2221 2686 2263 ad

113 2294 276 2338 Michar
295 2299 461 2352 factura
476 2299 578 2340 retis
593 2298 761 2349 oenei,et
779 2297 907 2353 [acies
925 2309 1046 2352 super
1064 2304 1146 2342 rete
1180 2305 1358 2355 quatuor

43 2395 45 2397 ·
114 2367 290 2425 annulos
315 2381 447 2412 mneos
468 2382 590 2424 super
606 2377 785 2425 quatuor
813 2370 932 2424 fines,
957 2370 1040 2413 sive
1071 2383 1229 2413 cornua
1248 2369 1356 2426 ejus.

115 2439 170 2482 Et
193 2439 313 2485 dabis
338 2441 456 2484 illam
470 2476 481 2496 ‚
503 2443 667 2487 scilicet
691 2442 870 2494 Micbar,
891 2443 974 2486 sive
988 2456 1113 2498 pones
1130 2443 1252 2497 illud,
1272 2432 1359 2490 sci}

104 2507 213 2568 >licet
230 2519 336 2566 rete,
354 2514 500 2557 subtus
519 2514 835 2569 [undamentum
848 2528 954 2559 areoe
968 2516 1183 2568 desubtus,
1203 2518 1359 2568 eritque

112 2591 196 2628 rete
209 2598 335 2641 usque
358 2584 411 2627 ad
430 2585 576 2628 altaris
590 2579 785 2631 medium.
814 2585 1058 2631 Secundum
1080 2589 1191 2631 banc
1213 2590 1359 2644 itaque

115 2657 340 2715 lectionem
374 2670 461 2700 non
495 2658 665 2702 videtur
698 2659 861 2702 Micbar
882 2661 1135 2704 craticulam
1173 2672 1354 2714 sonare,

110 2728 184 2772 vcui
206 2730 404 2774 assandae
442 2743 597 2775 carnes
621 2733 974 2788 imponerentur:
999 2733 1075 2777 sed
1099 2745 1209 2789 opus
1245 2747 1356 2790 qua·

113 2801 370 2859 drangulum
394 2809 571 2860 propter
592 2805 808 2849 levitatem
832 2805 1024 2861 undique
1056 2805 1325 2862 perforatum
1341 2838 1354 2859 ,

114 2876 158 2918 in
183 2875 509 2921 similitudinem
535 2878 651 2922 vasis
676 2878 835 2922 sactum
852 2894 862 2923 :
882 2879 926 2923 in
951 2891 1037 2936 quo
1060 2879 1186 2936 quasi
1207 2879 1357 2924 sedere

113 2949 247 2993 altare
270 2949 455 3004 videtur,
481 2952 551 2994 cui
568 2941 781 3007 parietum
804 2952 984 2996 altitudo
1008 2952 1142 2997 altare
1164 2952 1356 2996 ambiens

47 3072 50 3075 ,
114 3034 251 3078 usque
274 3023 328 3066 ad
368 3023 561 3086 medium·
595 3025 744 3069 altaris
776 3026 938 3070 elevata
973 3030 1118 3076 esset,
1149 3025 1194 3068 in
1229 3025 1355 3080 cujus

59 3087 61 3090 ’
113 3100 299 3150 quatuor
322 3098 492 3153 angulis
516 3110 688 3148 sursum
716 3105 902 3155 quatuor
923 3099 1070 3143 annuli
1093 3100 1352 3156 pendebant,

47 3173 55 3217 j
114 3179 190 3223 per
220 3180 345 3224 quos,
391 3170 584 3215 vectibus
626 3171 827 3224 insertis,
872 3173 1012 3218 altare⁴
1044 3173 1127 3229 ipsi
1162 3173 1354 3221 insidens

114 3247 372 3298 portaretur.
402 3242 549 3288 Altare
584 3244 699 3288 enim
733 3246 842 3291 alios
867 3247 1051 3291 annulos·
1074 3258 1162 3291 non
1198 3247 1356 3303 legitur

1441 2295 1628 2338 medium
1666 2294 1760 2349 ejus
1793 2293 2106 2350 pertingebant.
2144 2283 2362 2335 Habebam
2393 2292 2481 2335 illae
2501 2290 2595 2335 Kioe
2617 2304 2689 2347 per

1438 2375 1617 2423 quatuor
1647 2368 1819 2423 anquina
1846 2369 1886 2410 in
1910 2367 2120 2421 superiore
2142 2374 2260 2421 parte
2285 2367 2367 2416 sui,
2402 2370 2582 2421 quatuor
2611 2376 2689 2408 cm-

1438 2443 1575 2486 nulos.
1597 2441 1755 2484 Annali
1787 2441 1856 2483 isti
1880 2439 2004 2495 posili
2026 2448 2144 2483 erant
2173 2451 2299 2494 supra
2331 2439 2493 2480 arulam
2519 2438 2684 2480 altaris.

1439 2515 1560 2568 Quod
1590 2529 1664 2559 nos
1697 2516 1874 2558 dicimus
1908 2514 2106 2566 arulam,
2143 2513 2285 2556 Judaei
2318 2512 2461 2556 dicunt
2491 2513 2687 2555 araciun-

1437 2588 1591 2638 culam,
1618 2588 1678 2631 vel
1706 2589 1866 2631 sulcum
1893 2586 2113 2644 quemdam
2146 2587 2190 2629 ὶη
2224 2586 2357 2628 medio
2385 2586 2588 2644 parietum
2622 2598 2687 2626 aff

1439 2663 1542 2703 toris
1563 2661 1707 2716 fui-sse,
1737 2674 1864 2717 usque
1895 2662 1949 2704 act
1973 2675 2089 2716 quem
2115 2660 2250 2703 locum
2279 2658 2372 2702 Kioe
2395 2661 2548 2701 altaris
2564 2660 2688 2701 attin-

1436 2734 1600 2788 qeboent.
1627 2732 1736 2776 Huic
1760 2733 1874 2779 sulco
1914 2734 2059 2776 annuli
2093 2731 2304 2774 craticulae
2337 2730 2684 2786 supponebantur.

1436 2807 1535 2860 quia
1559 2803 1673 2850 illuc,
1692 2804 1965 2862 attinqebant.
2001 2803 2081 2847 His
2106 2805 2271 2846 aniculis
2296 2802 2473 2845 inductis
2507 2801 2684 2845 vectibus

1437 2878 1657 2929 cuticula,
1678 2885 1716 2929 et
1738 2878 1887 2920 altaris
1917 2877 2094 2932 parietes
2122 2877 2248 2920 simul
2271 2875 2560 2931 portabantur.
2589 2873 2689 2918 Cre-

1436 2950 1562 3008 dibile
1589 2957 1670 3002 est,
1707 2958 1925 3006 utrumqne
1957 2949 2092 2993 altare
2128 2950 2372 3005 separatim,
2396 2957 2434 2992 et
2458 2947 2687 2992 craticulas

1422 3037 1576 3073 ,eorum
1606 3025 1830 3080 separatim
1852 3010 2040 3079 portatas
2065 3023 2211 3078 [uisse.
2246 3021 2335 3066 lloc
2363 3027 2459 3074 est,
2489 3020 2603 3078 quod
2631 3021 2686 3064 de

1436 3098 1560 3141 altari
1583 3097 1840 3147 holocausti,
1867 3101 1908 3140 et
1928 3096 1980 3142 de
2005 3096 2099 3151 ejus
2127 3095 2334 3139 craticula
2357 3094 2522 3144 scribit.

1489 3169 1640 3214 XLIX..
1657 3161 1780 3224 lnter
1808 3169 1890 3213 hoc
1911 3181 2083 3225 quoque
2107 3169 2256 3220 altare,
2280 3173 2323 3212 et
2356 3167 2681 3211 tabernaculum

1414 3243 1599 3291 ‚labrum
1624 3249 1716 3287 erat
1735 3254 1900 3286 aeneum
1925 3241 2080 3299 (Exod.
2111 3253 2292 3294 xxxviii,
2311 3241 2376 3297 8).
2401 3239 2460 3284 De
2483 3253 2567 3296 quo
2592 3241 2683 3296 qui-

113 3311 334 3364 habuisse,
359 3315 517 3369 quibus
542 3322 803 3371 portaretur,
822 3325 975 3378 praeter
995 3317 1177 3363 annulos
1205 3318 1326 3361 retis.
1378 3318 1414 3361 Β
1437 3316 1532 3360 dem
1557 3316 1680 3372 lego,
1705 3322 1748 3360 et
1772 3301 1884 3360 unde
1906 3321 1947 3360 et
1974 3315 2028 3359 ad
2051 3315 2167 3372 qnod
2190 3315 2349 3358 lactum
2373 3315 2449 3357 suit
2470 3329 2480 3367 ;
2506 3318 2602 3369 quia
2630 3314 2683 3356 <le

169 3385 347 3431 XLVlll.
383 3385 468 3431 Sed
491 3387 573 3432 boc
596 3390 688 3433 rete
721 3395 865 3434 utrum
891 3402 1087 3435 seorsum
1120 3401 1197 3446 per
1223 3402 1270 3433 se
1299 3390 1355 3433 ab

113 3457 239 3502 altari
259 3459 463 3511 divisum,
477 3467 520 3503 et
532 3461 770 3517 separabile
789 3460 1013 3520 fuisset‚et
1029 3473 1155 3506 suum
1175 3459 1353 3504 fundum

114 3530 158 3574 in
180 3532 402 3588 superiore
430 3538 550 3587 parte
574 3533 722 3577 altaris
745 3535 1010 3587 contineret,
1033 3541 1077 3578 et
1112 3533 1182 3578 sicv
1209 3534 1352 3590 parie-

51 3616 54 3618 ·
114 3604 231 3650 tibus
260 3606 352 3651 suis
391 3606 541 3653 altaris
567 3609 755 3664 parietes
777 3597 971 3654 ambiens
1007 3610 1274 3654 includeret:
1299 3621 1354 3653 an

111 3677 319 3737 ,deorsum
359 3679 556 3725 inferiori
593 3682 786 3737 margine
822 3684 1034 3737 parietum
1069 3695 1198 3738 opere
1237 3681 1362 3726 susiliu

114 3745 367 3805 cohaereret,
393 3759 436 3796 et
458 3754 603 3810 aliquo
626 3755 852 3799 intervallo
866 3756 1104 3804 latitudinis
1124 3755 1257 3800 fundo
1274 3768 1352 3800 suo

114 3823 158 3867 in
181 3825 365 3869 circuitu
390 3838 413 3868 a
434 3827 672 3881 parietibus
695 3833 878 3878 remoto,
905 3835 951 3872 ut
974 3829 1146 3873 tandem
1170 3829 1352 3885 parietes

115 3909 218 3942 suos
242 3902 381 3954 usque
417 3897 471 3941 ad
494 3899 682 3943 medium
719 3900 869 3944 altaris
893 3901 1112 3957 erigeret,¹
1130 3914 1216 3946 nou
1246 3903 1351 3946 satis

113 3976 251 4026 patet,
276 3972 361 4017 nisi
385 3972 500 4027 quod
533 3984 720 4027 sequens
746 3972 974 4028 dispositio
1000 3975 1261 4018 conveniens
1283 3975 1350 4018 vi-

114 4041 253 4086 detur.
278 4040 467 4094 Quidam
487 4043 569 4086 hoc
606 4043 740 4086 altare
765 4056 844 4087 nec
868 4051 1026 4088 tectum
1044 4043 1246 4100 desuper,
1270 4057 1351 4088 nec

115 4114 294 4160 fundum
337 4116 537 4164 deorsum
567 4118 779 4162 babuisse
822 4118 999 4172 dicunt3
1046 4119 1120 4164 sed
1164 4120 1350 4176 parietes

115 4191 282 4233 tantum
337 4190 501 4244 positos
552 4196 667 4233 terra
706 4191 893 4246 repleri,
945 4193 1179 4237 secundum
1235 4192 1350 4248 quod

115 4259 247 4304 dicit:
287 4262 420 4307 altare
458 4261 506 4304 de
547 4269 658 4303 terra
680 4262 807 4317 facies
840 4264 940 4306 mihi
969 4263 1121 4322 (Exod.
1153 4278 1232 4316 xx,
1260 4265 1346 4319 et),

115 4332 232 4376 etin
275 4333 369 4390 ejus
413 4346 510 4378 area
561 4335 781 4390 superiore
821 4335 962 4393 ignem
1014 4337 1239 4389 construi,
1278 4337 1350 4381 ubi

1434 3389 1618 3445 speculis
1638 3390 1866 3432 mulierum
1882 3421 1893 3440 ,
1919 3401 2013 3444 quae
2035 3388 2304 3432 excubabant
2335 3388 2379 3430 in
2401 3388 2514 3430 ostio
2537 3387 2681 3430 taber-

1432 3463 1593 3519 naculi,
1617 3462 1778 3506 sactum
1805 3462 1915 3512 fuit:
1940 3467 1982 3505 et
2007 3462 2057 3505 ad
2085 3462 2179 3512 boc,
2204 3461 2402 3504 utmissa
2427 3460 2472 3503 in
2494 3472 2546 3504 eo
2568 3472 2678 3515 aqua

1429 3537 1624 3593 ¹lavarent
1643 3535 1700 3578 'in
1723 3547 1774 3578 eo
1805 3534 1947 3578 Aaron
1968 3565 1980 3583 ,
2005 3542 2048 3578 et
2070 3532 2142 3575 lilii
2165 3533 2260 3588 ejus
2279 3545 2431 3576 manus
2454 3539 2495 3575 et
2515 3531 2643 3586 pedes
2664 3563 2676 3580 ‚

1431 3587 1622 3663 quanuof
1635 3598 1870 3663 ingressuri
1896 3613 2006 3653 <sum
2041 3607 2380 3650 tabernaculum„
2426 3604 2509 3647 Sed
2544 3605 2677 3660 quaeri

1425 3686 1573 3735 potest
1591 3668 1611 3732 ,³
1629 3680 1812 3736 qualiter
1833 3687 1924 3724 erat
1947 3679 2106 3723 factum
2126 3712 2137 3732 ‚
2172 3685 2333 3735 qiianta
2357 3679 2554 3721 videlicet
2582 3678 2681 3732 eius

1433 3754 1668 3811 longitude,
1693 3762 1733 3798 et
1758 3754 1954 3805 latitudo,
1977 3760 2019 3797 et
2036 3753 2307 3809 profunditas
2331 3753 2473 3800 suerit.
2499 3758 2540 3796 et
2565 3763 2678 3808 qua·-

1433 3828 1513 3870 lem
1549 3824 1906 3882 dispositionem,
1943 3828 2010 3871 vel
2047 3827 2227 3869 sormam
2267 3827 2496 3876 habuerit,
2535 3825 2679 3880 qualis

1404 3902 1588 3949 etiam,
1619 3899 1983 3956 quantaquevejus
2016 3900 2133 3943 basis
2169 3899 2325 3951 fuerit,
2359 3899 2461 3954 vquse
2494 3898 2676 3953 denique

1430 3971 1513 4014 illae
1551 3969 1710 4015 fuerint
1741 3970 1974 4021 mulieres,
2012 3970 2055 4014 in
2094 3971 2208 4015 ostio
2246 3971 2511 4014 tabernaculi
2545 3982 2674 4012 excu-

1430 4043 1583 4086 bantes
1602 4074 1613 4094 ,
1640 4049 1690 4087 et
1726 4043 1868 4098 qualia
1889 4074 1901 4092 .
1942 4050 2102 4098 quan-ta
2122 4075 2134 4096 ,
2160 4057 2307 4100 quaeve
2340 4056 2486 4088 carum
2515 4042 2675 4085 suerint

1431 4116 1616 4170 specula,
1633 4115 1691 4161 :rie
1712 4116 1867 4171 quibus
1885 4117 2133 4170 praedic-tum
2155 4117 2317 4160 labrum
2344 4116 2500 4158 factum
2527 4116 2670 4158 suerit.

1430 4188 1481 4229 lit
1505 4176 1673 4243 quidem
1697 4200 1790 4233 ,aion
1824 4189 2001 4231 modicae
2036 4189 2287 4244 quantitatis
2322 4188 2490 4231 videtur
2519 4187 2674 4230 debere

1431 4273 1541 4309 esse,
1571 4273 1654 4315 quo
1671 4267 1739 4305 aot
1771 4261 2014 4305 sacerdotes
2040 4262 2359 4312 tabernaculum
2386 4259 2671 4315 ingredientes

1431 4345 1477 4376 se
1513 4332 1655 4386 lavare
1689 4332 1931 4382 debebant:
1975 4340 2078 4390 quot
2116 4335 2159 4378 in
2198 4333 2475 4378 tabernaculo
2513 4332 2669 4376 servie-
