2924 4588
259 172 278 196 ἱ
298 197 457 260 anon
477 177 573 242 surfl
588 193 631 235 in
644 191 712 235 his
729 186 940 231 turbatus.
956 179 1119 225 ideirco
1137 172 1328 222 cantabo,
1351 177 1390 212 et
1404 162 1518 222 pial-

297 284 409 317 mmr
421 270 554 312 dicam
567 262 701 320 (Pane.
720 259 804 309 ιθ,
818 256 878 313 8).
891 251 1012 307 Quod
1029 249 1242 295 canticum
1260 241 1402 288 istud‘!
1420 237 1517 294 Spi—

297 343 464 390 ritualis
488 337 678 382 hilaritas
702 333 745 376 in
767 330 927 374 mente:
956 325 1061 378 Quis
1085 321 1275 372 psalmus
1296 313 1410 359 iste?
1445 310 1518 390 El*-

298 417 432 462 sectus
455 401 636 455 utilish
657 416 800 461 opere.
825 401 917 444 Erit
937 398 1082 452 utique
1106 391 1218 448 apud
1241 400 1308 433 me
1325 419 1336 439 ,
1360 386 1514 439 inquit,

295 494 340 534 et
359 484 569 530 canticum
589 475 813 522 hilaritatis
837 473 880 515 in
902 469 1029 515 corde
1047 499 1059 518 ,
1084 472 1127 509 et
1149 462 1338 519 psalmus
1362 456 1518 501 utilita—

295 560 352 603 tis
376 559 419 600 in
439 563 564 610 opere
579 582 591 603 ,
618 560 716 594 cum
750 551 922 602 paratus
944 553 1036 586 sum
1061 535 1183 593 sequi
1204 536 1249 577 in
1271 528 1514 588 prohibitis,

296 637 468 688 paratus
494 637 586 669 sum
610 627 652 666 et
669 619 878 675 injussis.
1331 676 1340 685 .

347 697 471 757 26⁷
501 695 550 740 V.
583 694 701 737 Sicut
721 696 860 734 autem
881 682 1166 731 omnimodam
1185 680 1228 722 in
1241 677 1517 722 Christoesse

295 783 379 815 non
415 765 664 822 ambigimus
708 759 1030 818 perfectionem,
1071 754 1128 796 ita
1152 757 1194 795 et
1231 750 1276 793 in
1309 745 1522 804 apostolis

296 854 460 887 morum
484 843 680 882 notamus
706 831 1041 877 conversionem.
1069 824 1238 869 Scimus
1269 821 1383 866 enim
1415 818 1516 875 quia

292 924 440 959 eorum
472 907 624 964 aliquis
653 905 706 948 de
738 904 947 959 piscatore
985 896 1235 954 praedicator
1258 892 1395 935 sactus
1415 894 1514 934 cst:

293 986 347 1029 de
367 980 574 1027 telonario
593 980 636 1021 in
656 974 893 1032 aposwlum
918 976 1104 1014 mutatus
1125 972 1207 1012 est.
1233 966 1286 1009 Et
1314 964 1400 1007 Ιαιτ
1417 963 1515 1018 qui-

294 1057 388 1100 dem
409 1055 577 1096 mutatio
594 1049 749 1093 dextrae
766 1040 932 1090 Exceisi
950 1042 1091 1099 (Psal.
1111 1051 1261 1090 txxvt,
1283 1037 1368 1094 Η).
1395 1036 1516 1079 Sicut

295 1135 434 1171 autem
458 1123 591 1169 officia
610 1122 652 1165 in
676 1121 738 1165 eis
759 1124 919 1162 mutata
942 1121 1067 1166 sunt,
1093 1115 1150 1157 ita
1171 1118 1213 1156 et
1235 1121 1394 1154 mores.
1428 1108 1515 1151 Do-

295 1208 385 1244 cto·¹
407 1208 572 1254 quoque
601 1193 821 1251 egregins,
847 1198 887 1235 et
911 1202 985 1233 vas
1014 1185 1235 1232 electionis
1265 1183 1517 1240 praedicator

294 1272 499 1320 veritatis,
523 1270 620 1312 licet
642 1280 727 1311 non
764 1277 859 1308 cum
883 1261 1106 1307 duodecim
1121 1292 1132 1311 ‚
1155 1265 1295 1302 tamen
1328 1261 1520 1312 tempore

295 1355 372 1388 suo
392 1374 404 1393 ,
426 1348 468 1386 et
501 1342 590 1396 ipse
621 1338 675 1382 acl
712 1334 871 1382 Christi
905 1333 1205 1389 discipulatum
1234 1335 1413 1375 vocatus
1431 1362 1442 1382 ‚
1468 1328 1520 1373 de

296 1411 423 1458 saulo
445 1413 488 1456 in
516 1412 715 1460 Paulum,
742 1407 792 1452 de
817 1411 1087 1463 persecutore
1119 1405 1164 1448 in
1200 1403 1521 1460 praedicatorem

294 1491 478 1530 mutatus
495 1490 575 1528 est.
593 1482 644 1525 Et
667 1481 736 1525 illa
753 1480 918 1536 quidem
942 1478 1118 1522 mutatio
1138 1476 1347 1528 nominis,
1371 1474 1520 1532 quidni

293 1556 483 1614 quaedam
517 1552 808 1599 conversionis
841 1560 1007 1594 morum
1039 1549 1228 1593 ostensio
1263 1546 1370 1593 fuit!
1400 1546 1522 1591 Sicut

293 1629 404 1674 enim
436 1628 627 1677 nomine.
653 1626 716 1672 sie
748 1632 790 1669 et
816 1623 1005 1669 moribus
1038 1630 1194 1667 extunc
1217 1622 1327 1666 alius
1347 1619 1522 1666 effectus

292 1707 373 1745 cst.
399 1698 613 1755 Siquidem
632 1691 735 1741 vivit
758 1698 841 1749 ips-1
857 1729 868 1748 ,
880 1695 972 1752 jam
993 1709 1073 1738 non
1095 1696 1181 1750 ipse
1208 1707 1223 1739 :
1248 1695 1342 1738 vivit
1366 1708 1457 1739 vero
1479 1695 1524 1738 in

292 1785 344 1819 eo
361 1772 548 1817 Christus
569 1763 680 1828 (odi.
708 1783 756 1822 n,
786 1769 874 1826 20).
898 1765 990 1813 lam
1015 1781 1089 1825 pro
1112 1766 1304 1813 Ecclesia
1322 1777 1525 1825 persecu-

293 1845 429 1890 tiones
453 1844 625 1893 tolerat,
649 1836 757 1899 quas
778 1844 914 1886 eidem
946 1841 1146 1886 Ecclesia:
1168 1841 1326 1886 inferre
1343 1842 1523 1897 solebat;

292 1915 479 1973 quotidie
496 1914 676 1962 moritur
691 1912 776 1971 ‘pro
799 1913 1024 1964 fratribus,
1055 1926 1238 1969 quorum
1259 1903 1385 1958 antea
1409 1924 1525 1959 mor·

292 1994 375 2034 tem
400 2001 527 2043 supra
550 1986 722 2032 modurn
747 1987 943 2032 sitiebat:
967 1983 1212 2042 Adimplens
1232 1999 1307 2038 ea,
1341 1999 1434 2044 que
1456 1986 1527 2031 de·
1588 1999 1595 2003 ‘·

291 2062 637 2118 usurpationum
656 2061 810 2106 Christi
833 2063 874 2105 ιἰι
895 2076 1018 2105 carne
1036 2075 1113 2104 sua
1133 2074 1205 2117 pro
1227 2074 1394 2118 corpore
1412 2061 1522 2119 ejus,

292 2134 399 2189 quod
415 2140 475 2178 est
499 2133 685 2178 Ecclesia
696 2133 817 2190 (Col.
850 2146 879 2187 t,
913 2134 1003 2189 ab:
1022 2147 1145 2190 quam
1169 2133 1328 2181 dudum
1359 2135 1526 2190 spirans

292 2208 495 2252 minarum
517 2215 558 2251 et
576 2207 716 2259 cerdis,
745 2208 787 2251 in
804 2207 1025 2262 discipulos
1048 2206 1230 2263 ejusdem
1251 2207 1407 2252 Christi
1424 2207 1526 2253 Jesu

291 2280 457 2327 Domini
477 2281 607 2323 nostri
622 2280 732 2331 (Act.
752 2292 810 2334 tx,
834 2279 888 2338 i),
906 2279 1133 2324 crudeliter
1153 2279 1416 2326 devastabat.
1443 2279 1528 2325 lta-
1547 2297 1580 2343 c
1662 2266 1750 2313 Vll·
1786 2266 1876 2313 Νθΰ
1895 2243 2117 2325 φῑῖδῦὸἆῐη
2132 2279 2278 2314 “mm
2299 2277 2392 2322 ‘1¹¹oe
2411 2263 2668 2323 F⁰⁸⁸ffl⁶⁶⁰²‚
2694 2263 2769 2308 αἴθ’
2808 2238 2837 2315 --ι

294 2364 375 2412 que
395 2352 438 2396 in
456 2354 680 2397 vocatione
705 2353 994 2409 apostolorum
1014 2353 1268 2408 exprimitur
1299 2353 1525 2400 conversio

292 2435 484 2473 morum:
508 2430 673 2482 utquos
687 2426 826 2483 legisa
846 2425 1017 2469 Christo
1040 2426 1092 2470 de
1113 2425 1250 2470 officio
1266 2426 1318 2471 ad
1340 2425 1524 2472 officium

291 2502 480 2547 vocatos,
506 2498 550 2540 in
568 2498 718 2542 melius
743 2503 1055 2553 consequenter
1081 2497 1294 2555 intelligas
1319 2504 1522 2551 mutatos,

291 2574 336 2615 et
358 2567 410 2614 ad
430 2582 571 2615 mores
591 2582 761 2628 quoque
781 2571 1041 2627 compositos
1078 2583 1326 2616 conversos.
1362 2570 1527 2617 Secun-

292 2641 393 2685 dum
418 2641 528 2685 hanc
550 2640 694 2697 itaque
715 2641 1026 2686 institutionem
1047 2674 1059 2694 ,
1085 2643 1323 2698 prozizisisti
1356 2656 1524 2690 morum

294 2717 465 2754 tuorum
506 2715 858 2764 conversionem,
891 2713 998 2757 sicut
1037 2714 1157 2769 prius
1189 2714 1363 2759 tradens
1399 2714 1527 2760 obtu-

293 2782 412 2834 listi,
435 2789 477 2827 et
500 2782 681 2829 offerens
715 2784 927 2829 tradidisti
964 2793 1147 2841 teipsum
1192 2785 1395 2831 Ecclesiae
1432 2786 1523 2841 Dei,

293 2855 528 2901 seeundum
565 2856 837 2914 Evangeiium
873 2857 1049 2903 Christi.
1089 2858 1140 2904 Et
1167 2864 1315 2905 sancta
1351 2859 1525 2917 quidem

296 2925 503 2971 institutio
524 2939 693 2979 eorum,
718 2929 818 2985 quia
840 2930 978 2973 sancti
1008 2930 1212 2973 nimirum
1234 2936 1279 2975 et
1314 2931 1411 2988 ipsi.
1441 2930 1527 2977 Ne-

295 3011 377 3056 que
396 3000 508 3044 enim
541 3002 613 3058 qui
636 3001 774 3045 sancti
806 3001 980 3046 fuerunt
999 3036 1010 3056 ,
1034 3002 1196 3060 aliquid
1218 3004 1302 3049 nisi
1326 3011 1524 3050 sanetum

296 3071 518 3116 instituere
542 3073 782 3118 voluerunt.

353 3140 420 3186 vt,
453 3142 713 3200 thuaenam
745 3145 834 3188 haec
854 3157 1002 3189 eorum
1027 3145 1240 3191 institutio
1283 3147 1390 3194 tuit?
1423 3149 1524 3194 Mihi

303 3219 444 3257 autem
468 3215 649 3267 videtur,
672 3217 707 3260 si
731 3218 851 3263 vobis
874 3219 1032 3274 aliquid
1053 3218 1159 3264 l‘orte
1177 3221 1330 3265 melius
1347 3223 1398 3266 ad
1419 3235 1525 3279 prae-

300 3295 396 3328 sens
417 3297 542 3340 super
564 3286 661 3337 boc,
685 3288 749 3331 vel
772 3291 1073 3345 congruentius
1087 3304 1170 3334 non
1188 3293 1389 3345 occurrit,
1407 3295 1520 3350 quod

302 3354 409 3398 iuter
431 3363 580 3400 caetera
602 3390 613 3410 ,
643 3370 736 3415 quae
774 3360 825 3403 ad
853 3362 1031 3405 salutem
1072 3364 1360 3419 subjectorum
1386 3366 1519 3422 perti·
1546 3371 1580 3415 υ
1602 3371 1723 3419 tant3
1747 3365 1849 3422 quia
1873 3365 2004 3422 268
2026 3375 2113 3407 non
2136 3362 2299 3413 solum.
2320 3360 2383 3405 uti
2402 3361 2493 3417 iam
2511 3360 2721 3411 diximus,
2745 3356 2792 3404 nl

301 3427 442 3470 nentia
472 3431 817 3487 promulgabant,
842 3434 1047 3478 virtutum
1073 3432 1317 3481 sanctarum
1342 3438 1527 3496 insignia

300 3497 345 3542 ln
365 3511 512 3544 corum
530 3502 789 3548 institutione
809 3508 944 3550 notari
967 3515 1146 3566 possunt
1167 3525 1177 3553 z
1201 3509 1324 3565 plena
1345 3509 1526 3567 abjectio

301 3576 583 3625 terrenorum,
609 3575 778 3619 socialis
796 3580 1038 3622 commuuio
1052 3593 1190 3623 rerum
1209 3584 1525 3638 temporalium,

303 3654 395 3698 quae
416 3643 466 3686 ad
492 3645 791 3692 sublevandam
827 3650 1010 3705 inopiam
1046 3653 1313 3697 subditorum
1335 3663 1426 3700 erat
1452 3670 1528 3701 ex-

304 3714 542 3769 pendenda;
565 3731 684 3775 aequa
717 3727 757 3766 et
788 3730 1031 3780 competens
1054 3726 1299 3771 earumdem
1323 3727 1431 3772 inter
1452 3743 1527 3775 eos

304 3782 476 3837 divisio,
497 3788 617 3842 Juxta
639 3794 913 3837 necessitates
935 3796 1222 3851 singuloruni;
1248 3811 1429 3844 concors
1450 3800 1529 3847 de-

305 3852 431 3908 nique
454 3855 637 3903 vicissim
660 3864 800 3906 unitas
815 3895 825 3915 ,
851 3871 892 3908 et
917 3879 999 3908 una
1023 3867 1250 3911 concordia
1269 3871 1524 3918 animorum:

306 3930 488 3978 quatuor
506 3927 610 3974 haec.
636 3930 690 3975 Ut
716 3940 854 3979 autent
877 3949 951 3991 per
973 3951 1020 3981 ea
1036 3971 1046 3989 ,
1066 3952 1160 3994 quae
1183 3940 1250 3984 his
1271 3941 1396 3987 bonis
1423 3954 1528 3988 con·

306 3997 434 4040 traria
457 4007 570 4053 sunt,
592 4004 828 4052 evidentius
849 4010 929 4053 ista
953 4011 1163 4067 intelligas
1178 4044 1190 4064 ,
1216 4013 1306 4057 haec
1333 4027 1384 4059 eo
1401 4017 1529 4060 nimi·

307 4078 401 4111 rum
425 4079 631 4127 spectant,
657 4086 864 4134 quatenus
888 4085 998 4127 scias
1021 4085 1258 4131 instituisse
1277 4099 1368 4139 eos,
1391 4090 1527 4147 utqui

306 4138 430 4184 iidem
454 4143 507 4187 ad
526 4158 669 4191 eorum
694 4153 1028 4205 praedicationem
1046 4158 1087 4200 iu
1104 4157 1317 4214 primitiva
1338 4160 1529 4208 Ecclesia

307 4212 614 4296 suscepissent,
653 4227 694 4265 et
717 4223 808 4269 sine
842 4238 983 4271 rerum
1018 4231 1296 4276 mundialium
1338 4235 1528 4280 viverent

308 4287 564 4343 eupiditate,
588 4299 630 4338 et
651 4296 743 4340 sine
761 4301 1040 4355 proprietate,
1065 4310 1107 4348 et
1143 4303 1303 4362 absque
1323 4319 1506 4363 persona

307 4370 404 4409 runi
439 4366 681 4425 acceptioue
730 4375 771 4416 et
794 4372 885 4422 sinc
916 4375 1032 4434 pacis
1073 4376 1269 4423 fraternae
1299 4380 1523 4443 divisione,

1147 79 1314 130 ADAm
1339 61 1923 122 PRAEMONSTRATENStS
2771 124 2775 126 .

1539 168 1573 210 A
1597 161 1649 204 Et
1673 148 1873 215 putamus
1908 153 1962 197 de
1984 151 2054 194 bis
2080 146 2264 203 singulis
2283 145 2583 189 conivenientia
2604 157 2735 202 posse
2776 158 2779 159 ’

1542 1229 1575 1273 Β
1597 1249 1642 1288 et
1671 1242 1869 1286 Aratoris
1906 1246 2068 1285 sanctae
2106 1237 2313 1281 Romanae
2355 1235 2558 1280 Ecclesiae
2600 1235 2753 1280 subdia
2786 1242 2787 1245 ’

1595 231 1782 287 reperire
1805 224 2016 281 exempla.
2042 221 2221 278 Legitur
2235 218 2281 262 in
2303 217 2484 262 Actibus
2501 224 2688 262 eorum':
2720 225 2758 268 1,,

1593 309 1692 361 quot
1708 307 1847 345 autem
1868 306 2125 354 possessores
2144 304 2359 349 ayrorum,
2379 298 2452 333 aut
2474 290 2691 335 domorum
2715 312 2719 317 -

1595 373 1808 420 vendentes
1831 367 2061 427 afferebant
2086 366 2222 422 prelia
2245 376 2390 408 eorum
2426 376 2520 421 quoe
2547 363 2724 407 vendeba
2764 408 2775 424 ,-

1594 454 1631 492 et
1648 443 1852 502 ponebant
1869 448 1965 486 ante
1986 438 2106 495 pedes
2124 436 2424 494 apostolorum.
2451 435 2564 493 (Act.
2591 448 2634 479 iv
2648 469 2660 487 ,
2685 436 2774 501 544⁶*

1594 518 1751 575 quibus
1774 515 1916 559 verbis
1934 545 1947 565 ,
1978 511 2081 569 quid
2103 510 2221 555 aliud
2243 543 2257 563 ,
2281 508 2439 553 fratres
2461 509 2544 552 mei
2565 540 2578 561 ,
2622 509 2768 568 dilig

1593 595 1743 635 nostra
1761 588 1870 631 valet
1886 590 2053 636 notare,
2069 595 2198 640 quam
2214 581 2384 639 plenam
2405 592 2549 625 rerum
2574 586 2732 626 terren
2757 610 2760 621 .

1595 658 1899 717 abiectionem?
1940 656 2100 700 Domcs
2133 666 2244 712 quas
2283 653 2502 698 habebant
2522 660 2566 697 et
2587 666 2714 710 agros
2758 672 2760 675 ·

1594 734 1784 784 debant,
1807 737 1852 776 et
1886 730 1928 774 in
1954 729 2092 787 pretia
2131 727 2408 783 redigebant,
2442 739 2539 784 quae
2578 732 2677 771 ante
2732 746 2771 765 ι,

1595 806 1890 865 apostolorum
1914 801 2215 860 projiciebant.
2238 799 2498 856 conjicitur,
2525 800 2570 843 ni
2601 798 2753 850 fallor,
2785 800 2787 802 ’

1595 880 1678 935 his,
1704 877 1821 936 quod
1843 889 1928 921 non
1953 876 2136 920 multum
2162 885 2213 918 ea
2235 874 2499 936 diligebant,
2525 884 2622 930 quae
2637 871 2748 917 vend

1595 967 1649 998 ne
1670 951 1982 996 interveniente
1998 961 2021 992 a
2035 961 2082 993 se
2102 948 2363 992 alienabant.
2387 946 2474 990 Nec
2487 947 2627 991 solum
2647 946 2765 1003 quod
2785 959 2797 984 ἰ

1595 1038 1692 1070 rum
1713 1024 1978 1081 diligebant,
2002 1020 2080 1066 sed
2115 1021 2245 1065 etiam
2277 1019 2393 1077 quod
2415 1031 2587 1063 morum
2610 1030 2781 1063 continu

1594 1100 1756 1142 tionem
1795 1095 2027 1140 admodum
2073 1094 2199 1138 vilem
2246 1093 2465 1136 habebant
2483 1124 2496 1145 ,
2540 1104 2670 1149 quam
2705 1105 2761 1136 cv
2789 1087 2793 1092 ⁴

1597 1170 1806 1228 apostolis
1822 1182 1909 1212 non
1930 1167 2016 1211 alio
2035 1179 2166 1224 quam
2192 1166 2245 1210 ad
2263 1163 2395 1222 pedes
2414 1163 2715 1222 projiciebant.
2730 1161 2768 1208 U
2795 1187 2798 1196 ‹

1599 1329 1729 1373 super
1750 1315 1819 1359 liis
1838 1313 1969 1358 verba
1994 1317 2096 1358 sunt
2113 1343 2126 1363 ,
2150 1323 2246 1368 quae
2267 1311 2385 1354 hunc
2404 1309 2566 1354 babent
2582 1309 2760 1355 modum

1650 1406 1839 1450 ‘Destitut'
1859 1403 2007 1448 debere
2027 1401 2224 1458 probam,
2243 1400 2352 1459 quod
2378 1408 2547 1457 tangere
2562 1400 2713 1451 vitant,

1657 1462 1996 1516 calcandumque
2033 1458 2180 1502 docent
2195 1490 2208 1511 ,
2265 1457 2374 1515 quod
2412 1455 2593 1502 subdunt
2646 1454 2802 1513 gre-soih

1659 1575 1718 1618 De
1741 1587 1819 1630 quo
1844 1579 2017 1616 tei-reme
2031 1572 2199 1617 veniunt
2216 1569 2270 1615 ad
2291 1577 2459 1627 pectora
2477 1511 2797 1623 “mysi-um,

1660 1630 1878 1675 Consimili
1889 1629 2080 1685 jactatur
2102 1627 2239 1671 hunno.

1882 1703 2080 1746 Ans-ron.
2104 1701 2148 1745 in
2170 1700 2294 1745 Acta.
2319 1707 2454 1756 apost.
2478 1701 2509 1744 l.
2535 1711 2566 1751 ι,
2582 1713 2624 1743 v.
2653 1698 2680 1743 4
2720 1704 2727 1737 ί
2760 1705 2798 1737 --l

1602 1794 1737 1856 Igitur
1774 1792 2091 1839 contemnenda
2134 1792 2285 1847 plane,
2331 1797 2375 1835 et
2412 1789 2539 1847 quasi
2563 1789 2814 1834 conculcari

1603 1868 1822 1913 evidenter
1843 1862 2077 1911 ostendunt
2094 1876 2244 1909 eorum
2262 1863 2416 1921 pretia,
2427 1876 2524 1920 quai
2541 1862 2812 1913 vendebantu

1604 1942 1705 1986 dum
1723 1954 1772 1985 ea
1788 1939 1970 1998 pedibus
1988 1939 2240 1997 projiciunt.
2267 1938 2414 1995 anue
2430 1938 2633 1982 nimirum
2658 1950 2745 1982 non
2777 1956 2813 1980 s..

1605 2015 1763 2060 similia
1784 2026 1883 2059 esse
1905 2014 2039 2058 humo
2055 2012 2255 2069 iudicant
2269 2043 2281 2066 ,
2306 2023 2403 2069 quae
2425 2011 2511 2056 iliis
2533 2010 2739 2056 membris
2770 2028 2830 2049 »ιψ

1605 2100 1759 2144 porum
1798 2087 2094 2143 apostolorum
2132 2090 2446 2143 prosternunt,
2486 2082 2644 2141 quibus
2679 2082 2799 2127 huin
2831 2137 2834 2142 .
2895 2110 2916 2119 .‚

1606 2160 1878 2207 conculeant.

1606 2356 1729 2386 suum
1757 2355 1847 2387 esse
1868 2340 2032 2385 dicebat
2048 2372 2060 2394 ‚
2083 2339 2155 2384 sed
2183 2348 2304 2384 erant
2335 2338 2422 2383 illis
2447 2337 2588 2382 omnia
2620 2349 2784 2382 σοιιιηιιι
2815 2342 2829 2369 ··

1605 2414 1717 2473 (Act.
1744 2426 1814 2467 tv,
1833 2412 1922 2471 δί).
1943 2411 2053 2458 Ecce
2089 2402 2265 2457 socialis
2303 2416 2575 2455 terrenarum
2607 2417 2838 2468 commutis
2904 2408 2906 2414 ’

1604 2496 1784 2531 rerum:
1824 2495 1955 2541 quam
1995 2482 2192 2540 profecto
2229 2480 2602 2532 communionem,
2630 2484 2718 2524 n‘on
2761 2474 2837 2524 si'

1605 2557 1748 2614 aliqua
1765 2554 2069 2612 expressione,
2093 2554 2254 2600 relator
2275 2553 2432 2600 horum
2454 2553 2654 2612 egregius
2678 2548 2828 2596 sauct‘

1604 2628 1744 2675 Lucas
1762 2629 1890 2675 nobis
1913 2633 2060 2673 notam
2084 2628 2185 2685 feeit
2206 2628 2250 2672 in
2265 2639 2334 2680 eo,
2357 2625 2473 2684 quod
2492 2626 2668 2676 asserit,
2689 2626 2771 2681 aliq
2807 2627 2809 2630 ’

1605 2717 1752 2750 eorum
1773 2737 1786 2756 ‚
1809 2701 1927 2749 haud
1948 2703 2127 2748 dublum
2157 2701 2262 2759 quin
2286 2700 2555 2755 credentium
2574 2730 2587 2751 ,
2611 2698 2666 2743 de
2693 2699 2767 2756 qui
2809 2683 2820 2706 ”

1605 2778 1897 2834 ριτειιιίεειιιι,
1915 2788 2004 2821 non
2025 2775 2166 2823 soluin
2201 2786 2287 2819 non
2318 2773 2478 2818 habere
2514 2771 2677 2833 aliquid
2709 2785 2836 2817 su

1605 2850 1680 2895 sed
1722 2863 1801 2895 nec
1823 2850 1970 2895 dicere
1993 2848 2155 2907 aliquid
2188 2861 2287 2897 esse
2308 2860 2464 2902 suum3
2490 2845 2574 2892 Sed
2610 2853 2729 2891 eram
2747 2878 2760 2897 ,
2785 2845 2829 2890 i'

1605 2923 1714 2980 quit,
1736 2923 1838 2976 illis,
1859 2923 1947 2981 iam
1971 2935 2058 2967 non
2081 2921 2276 2978 qumdam
2293 2953 2305 2972 ,
2336 2919 2412 2966 sed
2435 2920 2577 2964 omnia
2594 2930 2759 2964 emma
2816 2913 2821 2919 ”
2895 2968 2901 2973 .

1604 2995 1802 3049 Videtur,
1827 2998 1863 3042 si
1886 2996 2103 3042 subtiliter
2126 2994 2402 3040 considerare
2413 2994 2612 3045 velimus,
2627 2991 2743 3050 quoti
2771 3011 2775 3019 ·

1603 3083 1701 3115 nem
1745 3084 1770 3114 a
1804 3083 1851 3116 se
1891 3070 2164 3128 proiecerant
2205 3068 2539 3126 proprietatem
2572 3065 2665 3125 qui,
2687 3078 2735 3111 re

1603 3156 1711 3201 quas
1732 3144 1776 3188 in
1799 3143 2048 3200 corporales
2067 3156 2172 3188 suos
2193 3140 2493 3199 expendebant
2511 3153 2642 3192 usus,
2658 3151 2770 3184 comt
2785 3162 2788 3171 ι
2801 3136 2815 3145 ”
2824 3155 2837 3196 g

1603 3232 1699 3262 nem
1719 3217 1832 3274 apud
1848 3231 1895 3263 se
1912 3217 2102 3262 fecerant
2117 3224 2158 3261 et
2175 3217 2312 3272 ipsam
2331 3212 2801 3259 universitatemffid

1603 3298 1644 3336 et
1669 3293 1712 3335 in
1733 3293 1816 3336 hoc
1833 3292 1949 3349 quod
1966 3291 2082 3335 omui
2107 3290 2279 3346 penitus
2302 3287 2555 3346 proprietati
2580 3287 2778 3332 renuntia
2821 3283 2840 3328 .’,·
2866 3311 2867 3315 =
2909 3283 2911 3285 ’

1605 3438 1827 3495 proprium
1845 3438 2078 3488 habebant,
2097 3434 2172 3481 sed
2196 3433 2458 3490 neealiquid
2477 3425 2606 3479 'suum
2629 3444 2726 3478 esse
2736 3425 2780 3477 (li
2910 3427 2924 3458 ¹

1605 3511 1725 3564 bant,
1741 3511 1977 3555 alienantes
1998 3522 2023 3554 a
2046 3522 2108 3559 se,
2123 3511 2166 3552 et
2187 3509 2231 3551 in
2249 3495 2606 3563 oi·e,quod¹apud
2624 3516 2671 3551 se
2695 3504 2778 3548 hab
2792 3534 2801 3541 -
2911 3503 2924 3564 Υ·

1606 3585 1809 3628 nolebant
1840 3584 1885 3630 in
1917 3581 2209 3641 possessione.
2240 3579 2340 3624 llaec
2379 3585 2520 3623 autem
2556 3574 2777 3635 temporali
2787 3565 2814 3612 ²
2826 3566 2840 3587 ⁴

1606 3658 1852 3701 communio
1868 3669 2029 3707 rerum,
2050 3655 2131 3711 ipsi
2151 3653 2291 3699 modis
2310 3653 2510 3698 omnihus
2532 3649 2787 3708 expetenda,
2811 3647 2839 3707 ’ᾗ
2918 3645 2924 3687 Ι

1604 3728 1844 3773 exercenda
1863 3726 2135 3771 universitati
2155 3725 2345 3770 virorum
2373 3721 2691 3779 religiosorum,
2707 3732 2821 3777 qu
2907 3704 2924 3748 h

1606 3800 1705 3846 dam
1727 3800 1854 3844 nobis
1877 3809 2074 3855 supernas
2094 3797 2212 3844 illius
2231 3790 2320 3849 jad
2341 3807 2467 3852 quern
2502 3793 2631 3837 modo
2658 3791 2777 3850 suspi
2816 3782 2826 3803 ”

1606 3883 1703 3916 mus
1739 3873 1891 3928 patriae
1921 3877 2082 3918 statum
2114 3873 2445 3928 praemonstrat:
2482 3866 2596 3910 sicut
2619 3872 2834 3911 'venera
2907 3863 2924 3896 ¹

1606 3943 1662 3989 lis
1701 3944 1826 3988 Bedae
1873 3945 2004 3990 verba
2019 3976 2033 3997 ,
2064 3955 2162 4001 qum
2197 3942 2253 3988 de
2292 3941 2375 3985 hoe
2406 3938 2526 3997 ponit
2543 3970 2558 3991 ,
2601 3937 2763 3983 conti
2820 3942 2844 3993 J

1606 4027 1702 4072 quae
1741 4017 1856 4060 hune
1890 4016 2067 4060 modum
2099 4014 2260 4060 habent
2286 4027 2299 4058 z
2322 4010 2405 4065 Qut
2441 4012 2502 4056 ita
2526 4010 2682 4060 vivunt,
2717 4005 2834 4071 ntes„

1607 4090 1691 4133 sint
1729 4091 1870 4133 omnia
1915 4090 1958 4133 in
1994 4088 2172 4131 Domino
2222 4086 2482 4135 comumnia,
2530 4081 2740 4127 coenobieoe

1608 4169 1773 4206 cantur.
1813 4163 1917 4216 Qnoe
1955 4164 2191 4206 vitatamo
2228 4158 2389 4215 felicior
2425 4162 2515 4207 ost,
2566 4160 2718 4212 quante
2759 4142 2844 4228 st}-⁴
2909 4152 2924 4186 Ι

1609 4244 1696 4279 tum
1735 4235 1866 4290 sarriri
1908 4234 2055 4278 soecuti
2087 4234 2310 4283 imitatur,
2350 4229 2421 4274 ubi
2473 4229 2616 4273 omnia
2665 4229 2844 4271 conmm-

1607 4310 1677 4353 nia
1709 4316 1831 4360 sunt,
1856 4308 1956 4363 quia
1978 4306 2090 4350 Deus
2117 4306 2196 4347 erit
2218 4304 2358 4354 omnia
2379 4302 2423 4346 ιἰι
2441 4299 2647 4345 omnibus.
2670 4298 2723 4342 Et
2745 4307 2801 4353 qu

1608 4379 1667 4426 ibi
1707 4390 1874 4425 summa
1917 4389 2001 4435 pax
2054 4381 2098 4422 et
2131 4374 2341 4421 securitas
2356 4379 2450 4427 est,
2471 4371 2650 4424 civitas,
2690 4370 2772 4413 in·
2803 4391 2806 4404 ·
2845 4426 2851 4431 „
