2924 4588
43 125 58 164 -‘
114 135 218 185 '869

186 227 358 272 Animo.
383 227 469 271 lsta
491 225 666 283 quidem
687 221 890 270 uidentur
907 226 1133 282 consequi.

186 288 325 344 Ratio.
347 297 395 354 Si
417 299 562 355 itaque
586 298 704 344 istud
725 300 848 354 cupis
864 299 944 343 tibi
967 298 1129 343 remitti
1150 305 1374 356 peccatum

131 373 245 429 quod
279 378 500 428 perpetras
530 372 575 415 in
605 382 658 415 eo
680 371 796 427 quod
830 383 854 414 a
885 383 954 414 me
983 377 1207 426 peccatum
1241 373 1374 421 celas,

100 456 102 458 ’
125 443 321 488 'confiteri
334 443 527 487 consulo
549 454 635 489 non
660 443 801 488 solum
818 443 920 499 quia
934 443 1067 494 celas,
1087 441 1161 487 sed
1185 443 1288 498 quii
1309 450 1375 487 est

128 518 211 560 hoc
233 516 347 572 quod
369 517 502 562 celas.
807 519 810 521 ’

179 589 349 634 Anima,
362 588 424 634 Ita
432 587 602 647 oportet
613 589 842 634 ut'saciam.
859 587 943 634 Sed
953 590 1054 645 quid
1074 593 1110 636 si
1133 592 1375 638 certissime

66 669 84 682 ⁴-
126 663 218 706 scio
229 652 453 719 proelatum
469 674 609 707 meum
625 661 733 706 velle
742 661 963 718 publicare
974 673 1103 717 pecca
1109 668 1199 706 tum
1210 675 1350 706 meum
1359 696 1370 713 ‚

123 735 458 779 nonneveltunc
472 732 580 792 [cod.
608 734 724 778 Gemss
755 733 938 791 possim]
960 746 1136 789 possum
1156 736 1299 779 celare
1320 736 1374 779 il·-

47 818 54 822 ·
122 805 197 851 lu'd
208 806 275 851 vel
285 806 407 850 alteri
423 818 574 850 secure
591 806 780 850 revelare
792 805 898 849 etab
909 819 963 850 eo
980 806 1105 862 plene
1123 807 1315 850 absolvi?

175 878 316 923 Ratio.
350 878 398 922 Si
432 879 677 923 certissime
700 881 928 934 praelatum
956 876 1080 922 tuum
1102 879 1184 923 hoc
1210 881 1372 924 abomi-

119 950 438 996 nabilissimum
461 958 502 994 et
527 962 708 1008 prorsus
731 949 995 993 diabolicum
1010 983 1021 1002 ,
1046 951 1371 996 facinorosissi-

31 1039 35 1042 ·
66 1051 71 1053 -
117 1036 238 1068 mum
254 1024 547 1079 atque-scelus
571 1023 816 1067 damnabile
842 1024 951 1067 vesse
971 1030 1220 1080 perpetrare
1235 1038 1370 1082 agno·-

115 1097 248 1148 veris,
271 1103 312 1140 et
338 1095 500 1139 idcirco
525 1101 646 1139 tuum
679 1095 734 1139 ab
758 1107 810 1139 eo
837 1095 997 1139 vulnus
1021 1097 1253 1141 abscondis
1272 1131 1284 1148 ,
1319 1099 1369 1141 ti-

115 1170 320 1212 mendum
369 1168 445 1211 tibi
501 1168 624 1212 valde
665 1175 729 1212 est
774 1181 853 1220 ne,
894 1169 978 1213 etsi
1021 1181 1107 1213 non
1148 1171 1367 1216 damneris

87 1351 90 1355 .
112 1317 214 1374 quia
230 1317 336 1361 illud
360 1316 592 1362 abscondis
616 1315 833 1378 &proprio
849 1315 996 1376 Pan-m
1069 1318 1076 1322 ”

167 1390 336 1434 Anima.
369 1390 422 1434 Et
448 1388 662 1446 quomodo
698 1387 880 1435 sufferre
911 1395 1062 1445 potero
1091 1395 1140 1433 ut
1175 1389 1364 1446 publicet

66 1466 70 1470 '
108 1469 334 1522 peccatum
361 1464 523 1507 meum?

166 1534 305 1579 Ratio.
347 1535 552 1588 Quamvis
591 1546 721 1590 grave
765 1533 963 1577 videatur
1013 1535 1090 1577 tibi
1135 1542 1360 1591 peccatum

109 1613 231 1652 tuum
269 1607 496 1663 publicari,
516 1606 568 1650 de
582 1606 752 1649 duobus
796 1613 939 1649 tamen
972 1606 1101 1656 malis
1122 1605 1362 1650 minustibi

43 1682 48 1686 '
107 1680 351 1737 eligendum
369 1686 451 1730 est,
471 1687 517 1723 ut
534 1680 604 1723 bio
636 1680 878 1735 publicetur
910 1685 951 1724 et
966 1680 1045 1722 tibi
1074 1678 1357 1732 condonetur,

106 1765 237 1812 quam
256 1765 336 1810 pro
349 1765 400 1799 eo
422 1753 538 1810 quod
559 1765 582 1796 a
597 1754 772 1810 praelato
791 1758 867 1797 tuo
888 1759 1114 1809 peccatum
1128 1758 1248 1798 tuum
1266 1755 1364 1800 abs·

41 1835 67 1843 ‘¹
95 1825 258 1872 -oondis
305 1835 350 1874 et
379 1827 439 1871 -in
454 1827 606 1870 ultimo
636 1827 802 1882 judicio
837 1826 883 1870 in
919 1833 1156 1883 conspectu
1190 1826 1360 1871 Domini

107 1901 225 1946 omni
246 1900 409 1945 bomini
440 1899 691 1957 publiceris,
720 1905 772 1944 <et
810 1899 854 1943 in
898 1898 1070 1944 inferno
1086 1911 1190 1942 eum-
1206 1899 1358 1954 impiis

107 1973 342 2018 damneris.
368 1972 679 2016 Verumtamen
705 1978 862 2029 *utrum
885 1971 930 2015 in
945 1978 1177 2028 conspectu
1199 1971 1358 2017 interni

107 2045 270 2092 ludicis
285 2047 378 2090 brec
397 2053 437 2090 te
459 2053 638 2092 excuset
661 2046 842 2093 intentio
866 2051 956 2098 tua,
986 2058 1065 2102 ego
1091 2046 1257 2100 nescio;
1275 2045 1357 2091 hoc

59 2138 67 2158 a
106 2121 246 2166 solum
259 2119 353 2165 scio
366 2120 470 2176 quia
494 2117 618 2166 valde
633 2118 841 2178 securum
867 2124 949 2170 est,
975 2125 1025 2161 ut
1059 2120 1357 2176 unusquisque

55 2186 273 2250 fretelam
295 2204 420 2237 suum
445 2191 618 2247 proprio
639 2191 803 2248 aperiat
826 2192 1016 2248 praelato.

59 2252 73 2314 ’ζ
150 2256 332 2317 Anima.
368 2263 590 2320 Angustiae
624 2269 727 2309 sunt
762 2264 869 2308 mihi
910 2263 1118 2322 undique.
1161 2263 1209 2308 Si
1239 2265 1355 2310 enirn

62 2366 68 2370 -
96 2344 297 2394 tacuero,
331 2350 450 2384 mors
483 2339 591 2383 mihi
616 2343 699 2391 est,
718 2338 821 2395 quia
843 2337 898 2381 ad
932 2336 1242 2394 indulgentiam
1267 2350 1353 2382 non

104 2411 327 2471 pertingo;
354 2412 392 2458 si
409 2423 517 2456 trcro
536 2423 624 2455 non
644 2417 837 2468 tacuero,
862 2423 950 2455 non
970 2410 1174 2468 effugiam
1193 2423 1353 2456 manus

51 2491 53 2493 ’
104 2483 376 2529 infamatoris
392 2477 519 2542 atque
530 2484 840 2535 criminatoris,
855 2484 958 2542 quia
975 2483 1188 2541 publicari
1206 2486 1352 2530 timeo.

156 2556 299 2602 Ratio.
329 2557 482 2603 Nonne
512 2559 647 2616 igitur
669 2558 749 2601 tibi
774 2558 930 2604 melius
959 2563 1027 2603 est
1079 2557 1271 2603 incidere
1310 2561 1356 2603 in

105 2634 258 2676 manus
280 2631 484 2685 bominis,
507 2643 638 2688 quam
668 2631 968 2688 derelinquere
990 2632 1126 2689 legem
1164 2630 1240 2676 Dei
1263 2632 1352 2686 tui,

57 2757 60 2760 Δ
104 2717 177 2760 ne,
203 2706 241 2752 si
267 2705 376 2753 torte
395 2706 595 2765 pruinam
617 2705 818 2763 timueris
838 2737 850 2759 ,
873 2707 1012 2751 irruat
1034 2718 1164 2763 supet·
1185 2712 1230 2750 te
1251 2706 1358 2763 nis?

580 2795 766 2853 CAPUT
795 2797 874 2846 vl..
1121 2845 1124 2848 ,

106 2869 228 2916 Nihil
247 2871 378 2929 magia
400 2870 443 2916 in
472 2871 671 2928 religione
693 2872 970 2916 necessarium
986 2875 1047 2914 est
1062 2883 1188 2929 quam
1208 2878 1354 2915 mutua

158 2929 267 2973 inter
311 2928 477 2972 rct’latos
500 2936 539 2972 et
561 2926 748 2972 subditos
771 2927 955 2972 dilectio.
974 2927 1086 2981 Quid
1103 2927 1154 2972 de
1175 2928 1352 2983 privatis

160 2987 272 3039 operi
299 2997 349 3029 us
369 2986 539 3040 pietatis
564 2984 854 3030 sentiendum?

159 3072 332 3118 Anima.
364 3073 524 3132 Aperte
558 3085 613 3119 ex
632 3073 758 3119 vobis
791 3070 939 3131 potest
975 3073 1077 3117 sciri
1099 3072 1201 3132 quia
1231 3067 1354 3118 valde

106 3158 283 3192 necesse
302 3154 372 3192 est
412 3147 528 3191 illam
564 3134 734 3206 partem*
768 3160 866 3193 esse
898 3159 1065 3197 sanam,
1092 3147 1162 3190 cui
1187 3146 1352 3204 praelati

109 3221 232 3265 debet
271 3220 424 3266 electio
457 3220 659 3280 [uterque
699 3220 787 3264 eod⁴

108 3293 264 3341 Nescio
286 3294 389 3351 quid
415 3294 542 3338 modo
565 3294 661 3350 plus
689 3294 831 3338 dicam
863 3294 917 3339 de
943 3293 1021 3337 hac
1044 3300 1104 3338 r‘e.
1130 3291 1214 3344 Sed
1239 3293 1354 3337 inter

108 3367 252 3410 omnia
275 3379 372 3422 quae
402 3365 457 3410 ad
477 3367 598 3410 viros
625 3366 855 3423 religiosos
876 3366 1125 3423 pertinent,
1146 3365 1235 3428 ‘hoc
1267 3366 1354 3409 scis

73 3126 101 3139 a·

109 3511 296 3555 cundum
334 3510 468 3555 Deum
497 3510 771 3556 dilectionem
793 3516 838 3554 et
861 3509 1199 3554 familiaritatem
1238 3502 1348 3566 [cod.

109 3577 210 3628 Hei.
237 3583 490 3629 familiarem
500 3583 529 3642 .]
554 3585 668 3628 inter
689 3597 736 3630 se
753 3584 939 3629 habeant
961 3583 1165 3640 praelatus
1184 3588 1227 3626 et
1249 3582 1354 3627 sub-

107 3657 265 3712 iectus.
293 3657 554 3710 Quotidiano
574 3658 658 3702 hoc
679 3658 974 3715 experimento
986 3657 1123 3700 disco.
1139 3656 1353 3709 Quoniam

110 3730 222 3774 enim
234 3744 321 3774 non
334 3731 473 3776 solum
485 3731 639 3788 magis,
651 3731 725 3776 sed
738 3731 866 3775 etiam
881 3736 1047 3782 tantum
1060 3730 1166 3775 mibi
1176 3741 1354 3773 neeesse

112 3803 581 3860 estdiligerequantum
596 3817 710 3855 eum,
726 3803 796 3847 cui
812 3809 984 3847 nostras
1009 3815 1095 3845 non
1119 3801 1257 3865 solum
1282 3813 1354 3843 ac-

114 3873 266 3927 tiones,
279 3876 354 3920 sed
365 3878 495 3920 etiam
509 3877 788 3933 cogitationes
800 3881 842 3920 et
853 3875 1092 3920 locutiones
1114 3873 1226 3933 [roth
1236 3871 1290 3917 Ge
1298 3886 1351 3916 m.

113 3945 262 4006 debeo]
288 3949 494 3994 debemus
512 3951 728 4000 revelare:
747 3947 981 3993 secundum
995 3948 1119 4003 cuius
1138 3947 1272 3992 solius
1284 3959 1355 3989 ar-

113 4015 286 4062 bitrium
303 4019 437 4064 debeo
452 4022 610 4072 vivere,
624 4032 750 4076 quem
764 4019 876 4064 sicut
890 4020 1030 4075 ipsum
1043 4020 1086 4061 in
1096 4018 1297 4062 omnibus
1309 4018 1355 4060 in

107 4159 155 4206 si
180 4160 227 4205 in
250 4163 396 4219 aliquo
420 4165 603 4220 superbe
625 4170 667 4207 et
690 4164 967 4220 pertinaciter
990 4174 1078 4206 non
1104 4167 1351 4221 contemno,

104 4230 200 4281 sm
222 4239 372 4291 potero
393 4237 547 4300 perire.

99 4306 129 4323 ”
169 4307 309 4354 Ratio.
354 4309 418 4354 lta
458 4316 541 4362 est,
586 4316 634 4355 ut
658 4310 783 4361 dieis,
823 4313 865 4354 et
887 4313 1096 4365 quantum
1131 4315 1178 4350 tu
1205 4307 1246 4353 ei
1275 4305 1352 4350 dee

84 4379 210 4434 ἵἅψῃ,
245 4389 411 4427 tantum
448 4385 540 4440 ipse
564 4385 657 4428 tibie
697 4383 746 4427 Et
783 4387 901 4426 certe
935 4379 1151 4424 difficilius
1191 4386 1259 4423 est
1295 4378 1351 4429 ei,

118 4443 293 4501 reddere
315 4454 428 4511 quod
447 4454 570 4499 debet
590 4467 718 4511 quam
741 4461 784 4496 ιιι
805 4452 918 4509 quod
944 4451 1074 4495 debes
1090 4450 1146 4495 ei.
1167 4443 1354 4495 Facilius

715 102 1166 188 somtoQUlonuu
1189 136 1261 180 DE
1291 137 1697 184 INSTRUCTIONE
1725 142 1918 188 ANIMAE
1946 137 2116 191 Llssjn

856 3218 1101 3278 praemitti.]
1143 3218 1350 3276 permitti.
1377 3230 1380 3233 ’

114 4089 270 4145 quibus
285 4090 371 4135 Deo
388 4093 633 4138 contrarius
644 4106 730 4143 non
742 4092 893 4142 fuerit,
904 4091 1040 4135 debeo
1049 4091 1212 4148 audire,
1225 4103 1366 4151 quem*

2588 136 2692 199 ‘eie

1398 231 1437 275 Α
1459 241 1645 286 namque
1666 239 1732 276 est
1755 234 1834 277 tibi
1856 233 2076 279 humiliter
2088 235 2270 282 subesse
2289 248 2403 294 quan
2437 249 2497 291 ms
2514 257 2695 302 praeesse

1458 302 1621 345 utiliter
1637 301 1733 355 tibi,
1757 306 1848 360 regi
1871 305 2162 362 sinequerela
2185 320 2315 364 quam
2354 309 2416 352 illi
2439 312 2584 375 regere
2605 317 2699 359 sine

1456 375 1674 430 superbia,
1707 376 1786 420 tibi
1820 377 1997 422 obedire
2036 387 2190 435 sponte
2223 393 2378 438 quam,
2401 382 2468 429 illi
2491 374 2702 446 imperare

1455 446 1644 492 discrete
1666 448 1765 500 tibi,
1789 450 1948 506 corripi
1972 454 2067 496 sine
2090 452 2250 499 suroris
2281 455 2457 501 vesania
2480 469 2609 513 quam
2640 461 2703 504 illi

1454 521 1674 576 corripere
1708 523 1802 566 siin.¹
1838 524 2020 577 tumoris
2059 527 2336 579 contumelia,
2371 528 2452 574 tibi
2486 533 2703 584 confiteri,

1452 604 1582 647 quam
1603 593 1667 637 illi
1690 587 1928 645 absolvere,
1954 596 2032 639 tibi
2057 598 2323 651 satisfacere,
2345 613 2473 655 quam
2496 601 2557 644 illi
2576 604 2701 649 satis-

1450 665 1686 713 factionem
1723 668 1979 724 inJ'ungere;
2022 677 2081 719 et,
2109 675 2157 713 ut
2187 672 2321 715 multa
2356 673 2475 718 brevi
2499 686 2699 720 sermone

1450 741 1724 793 concludam,
1759 741 1884 799 longe
1918 741 1959 786 ei
1983 741 2200 789 difficilius
2234 751 2297 794 εει
2322 746 2399 789 tibi
2435 747 2482 790 in
2505 747 2634 792 corde
2655 755 2699 792 et

1449 822 1632 867 corpore
1656 810 1840 856 fideliter
1860 819 1904 858 et
1921 814 2046 870 plene
2066 827 2316 870 procurare,
2341 830 2470 873 quam
2496 819 2574 863 tibi
2597 832 2697 876 pro-

1449 885 1676 928 curatione
1697 885 1911 941 acquisita
1939 887 2018 931 uti.
2046 886 2184 940 Unde,
2206 895 2254 931 ut
2278 895 2378 935 tuus
2399 890 2476 934 tibi
2503 893 2698 948 praecipit

1447 953 1717 1010 Augustinus
1738 968 1855 999 :non
1879 956 2019 1001 solum
2049 958 2112 1004 tui
2136 959 2212 1002 sed
2231 959 2360 1003 etiam
2387 960 2535 1015 'ipsius
2563 963 2691 1006 mise-

1447 1039 1558 1078 rere,
1583 1029 1656 1083 qui
1675 1034 1837 1083 quanto
1860 1029 1903 1072 in
1926 1029 2022 1075 loco
2038 1030 2268 1086 superiori,
2296 1037 2418 1075 tanto
2436 1034 2480 1075 in
2501 1034 2696 1091 periculo

1447 1101 1603 1156 majori
1625 1107 1841 1147 versatur.

1500 1172 1670 1217 Anima.
1693 1172 1807 1218 Bene
1830 1173 1956 1219 dicis.
1983 1172 2067 1218 Sed
2084 1174 2235 1219 vellem
2252 1175 2435 1220 libenter
2458 1177 2569 1222 seire
2589 1177 2693 1235 quid

115 1243 216 1299 quia
243 1243 348 1287 illud
366 1243 598 1287 abscondis
616 1255 641 1286 a
665 1243 958 1299 publicatione
976 1242 1129 1299 ,torte
1145 1243 1366 1291 damneris
1442 1242 1615 1299 judices
1637 1245 1690 1290 de
1713 1247 1894 1302 privatis
1908 1245 2179 1293 orationibus
2197 1259 2305 1302 quas
2330 1248 2469 1292 solent
2489 1262 2693 1306 nonnun-

1144 1311 1146 1313 ’
1393 1302 1424 1344 Β
1444 1327 1574 1370 quam
1598 1318 1773 1373 quidam
1800 1317 1848 1362 in
1870 1317 1939 1362 his
1961 1316 2248 1370 conventibus
2271 1322 2508 1363 exercere?

1501 1387 1642 1433 Ratio.
1678 1388 1772 1433 Non
1795 1390 1941 1434 solum
1966 1390 2187 1436 orationes
2209 1390 2400 1446 privatas
2416 1424 2426 1444 ,
2466 1393 2539 1436 sed
2560 1395 2691 1439 etiam

1444 1472 1593 1503 omnes
1615 1461 1802 1516 privatas
1821 1461 2085 1511 devotiones,
2105 1473 2200 1517 quae
2215 1462 2335 1507 bona.
2351 1474 2429 1518 pro
2447 1461 2533 1508 Deo
2551 1464 2694 1508 interi,

1445 1534 1559 1577 tione
1582 1539 1853 1584 exercentur,
1881 1538 1928 1575 ut
1943 1545 2020 1588 per
2041 1545 2116 1576 eas
2137 1532 2190 1576 de
2210 1533 2324 1577 bono
2342 1534 2559 1577 communi
2583 1535 2691 1578 nibil

1442 1603 1666 1659 contingat
1689 1604 1903 1656 imminui,
1930 1604 2196 1655 devotiones,
2222 1603 2415 1661 inquam,
2441 1606 2575 1649 bonas
2600 1608 2691 1662 pri-

1441 1685 1564 1724 vatas
1581 1671 1752 1735 quidem
1772 1681 1938 1735 judico,
1962 1679 2035 1724 sed
2060 1679 2125 1724 eis
2136 1692 2387 1724 communes
2408 1679 2565 1735 ubique
2580 1691 2690 1735 prae-

1440 1763 1572 1808 pono.
1596 1752 1649 1795 Et
1666 1752 1763 1799 ideo
1782 1753 1870 1796 sive
1887 1752 2175 1804 orationibus,
2201 1753 2292 1797 sive
2306 1753 2480 1810 vigiliis,
2507 1753 2596 1798 sive
2611 1753 2691 1796 ab·

1441 1825 1658 1868 stinentiis
1673 1856 1686 1875 ,
1725 1824 1816 1868 sive
1839 1823 2087 1877 laboribus,
2115 1825 2301 1882 denique
2338 1826 2517 1881 privatis
2557 1826 2688 1869 devo-

1440 1897 1631 1946 tionibus
1653 1897 1846 1948 insistas,
1872 1903 1978 1942 tunc
1998 1898 2138 1942 solum
2163 1910 2237 1942 eas
2259 1898 2387 1942 utiles
2411 1898 2484 1941 tibi
2503 1899 2684 1951 aestima,

1408 1965 1410 1967 ’
1436 1982 1537 2015 cum
1560 1970 1606 2014 in
1627 1970 1746 2014 nullo
1767 1971 1834 2034 vel
1852 1983 1903 2015 ea
1917 1983 2013 2029 quae
2035 1971 2079 2014 in
2094 1971 2314 2015 communi
2328 1971 2569 2015 exercenda
2586 1977 2687 2014 sunt

1438 2043 1727 2097 imminuunt,
1768 2045 1836 2088 vel
1858 2056 2006 2100 pacem
2030 2043 2389 2088 ⁴cohabitantium
2413 2044 2681 2100 perturbant.

1436 2113 1544 2159 Nam
1568 2123 1742 2174 propter
1771 2115 1918 2173 pacem
1942 2123 1986 2160 et
2005 2117 2266 2160 voluntatem
2294 2115 2439 2160 fratris
2461 2116 2541 2169 tui,
2566 2122 2684 2160 tuam

1435 2201 1657 2246 nunquam
1675 2189 1807 2234 debes
1834 2189 2062 2233 utilitatem
2079 2188 2277 2232 charitati
2294 2201 2542 2246 praeponere
2571 2187 2681 2247 [cod.

1437 2258 1554 2306 Gem.
1577 2260 1875 2319 praemittere].
1899 2247 2014 2304 Cum
2029 2261 2143 2304 enim
2167 2273 2389 2316 nunquam
2419 2262 2580 2305 malum
2608 2261 2684 2305 de-

1434 2329 1531 2377 beat
1551 2333 1806 2389 perpetrari,
1824 2339 1927 2376 tunc
1942 2332 2071 2376 etiam
2099 2333 2255 2388 saepius
2281 2334 2443 2377 bonum
2467 2333 2683 2378 salubrius

1434 2410 1677 2452 exercetur,
1707 2416 1804 2447 cum
1830 2404 1883 2447 ab
1906 2416 1958 2448 eo
1979 2415 2059 2460 pro
2075 2410 2232 2460 paceet
2252 2404 2473 2449 voluntate
2490 2405 2681 2449 fraterna

1435 2477 1489 2520 ad
1510 2483 1684 2533 tempus
1707 2482 1924 2521 cessatur,
1939 2476 2047 2521 Nam
2064 2483 2113 2521 ut
2137 2479 2317 2534 exempli
2342 2490 2473 2522 eausa
2496 2478 2549 2522 de
2570 2480 2683 2521 mul«

1434 2547 1492 2593 tis
1514 2548 1731 2604 proferam
1758 2560 1909 2599 unum,
1943 2553 2048 2591 tunc
2072 2547 2259 2592 sortasse
2285 2549 2465 2593 missam
2483 2549 2682 2594 devotius

1434 2627 1609 2671 cantas,
1634 2620 1808 2678 quando
1839 2619 2003 2664 ideireo
2031 2633 2117 2664 non
2143 2626 2310 2671 cantas,
2349 2629 2397 2664 ut
2421 2621 2546 2665 fratri
2579 2629 2678 2674 tuo,

1433 2693 1508 2751 qui
1531 2692 1748 2738 desiderat
1769 2698 1961 2746 cantare,
1985 2691 2142 2738 cedas!
2163 2694 2239 2750 qui
2261 2693 2371 2738 sorte
2395 2702 2570 2740 cantare
2591 2705 2680 2739 non

1433 2772 1597 2823 posset,
1633 2768 1670 2811 si
1694 2773 1741 2811 tu
1764 2773 1979 2812 cantares.
2006 2765 2079 2810 Sic
2103 2767 2247 2823 itaque
2272 2766 2400 2811 modo
2422 2756 2609 2812 mirabili
2633 2768 2680 2812 fit

1368 2845 1371 2846 ’
1433 2845 1482 2882 ιιι
1498 2838 1599 2883 dum
1628 2840 1682 2883 ab
1706 2851 1793 2883 uno
1816 2840 1932 2884 bono
1956 2839 2010 2883 ad
2038 2845 2208 2895 tempus
2228 2845 2402 2896 propter
2424 2839 2678 2884 charitatem

1433 2925 1595 2968 cessas,
1620 2913 1776 2970 duplex
1798 2912 1959 2956 bonum
1982 2912 2061 2956 tibi
2095 2912 2325 2968 acquiras:
2351 2922 2484 2956 unum
2524 2911 2679 2955 videli-

1433 2990 1518 3037 cet,
1544 2990 1592 3028 ut
1613 2983 1717 3028 dum
1739 2983 1793 3038 de
1811 2989 1852 3028 te
1874 2990 1959 3027 tam
1980 2984 2199 3027 humiliter
2219 2989 2261 3028 et
2278 2983 2331 3028 de
2354 2982 2486 3027 fratre
2503 2989 2577 3027 tuo
2590 2989 2677 3029 tam

1433 3057 1678 3101 sublimiter
1697 3058 1850 3110 sentis,
1878 3064 1922 3101 ut
1941 3057 2214 3101 devotionem
2240 3055 2335 3112 ejus
2359 3061 2432 3099 tua
2456 3056 2678 3100 meliorem

1431 3137 1475 3175 et
1498 3125 1757 3175 sanctiorem
1783 3129 1935 3174 eredas
1956 3143 1967 3184 3
2009 3129 2125 3173 aliud
2147 3140 2249 3173 vero
2306 3128 2408 3172 dum
2428 3129 2468 3172 ei
2491 3128 2679 3172 charita-

1431 3192 1531 3250 tive¹
1551 3203 1662 3263 [eod.
1703 3203 1819 3248 Gem.
1851 3202 2123 3260 charitatem]
2166 3202 2356 3246 cedendo
2386 3207 2428 3245 et
2458 3201 2678 3245 humiliter

1433 3277 1711 3334 obsequendo
1734 3282 1826 3327 tam
1853 3275 2066 3321 sollicitus
2097 3262 2428 3318 suet-isservare
2466 3275 2677 3318 unitatem

1434 3351 1612 3409 spiritus
1634 3352 1679 3394 in
1701 3350 1876 3393 vinculo
1899 3349 2035 3404 pacis.
2059 3346 2114 3389 Et
2140 3345 2255 3402 quod
2275 3346 2328 3390 de
2354 3347 2436 3389 hoc
2463 3357 2549 3389 uno
2567 3345 2672 3395 dixi,

102 3439 229 3484 walde
250 3451 346 3484 esse
361 3440 660 3485 ‚necessarium
690 3445 736 3483 ut
770 3439 940 3497 plenam
973 3432 1025 3483 et
1042 3451 1255 3486 summam
1277 3450 1348 3482 se·
1374 3446 1412 3495 1)
1432 3426 1563 3468 estam
1585 3422 1639 3473 de.
1662 3421 1830 3466 0302&ss
1857 3418 2107 3476 huiusmfflli
2130 3423 2289 3463 sanem
2311 3417 2532 3474 relfissiffi‘is
2555 3428 2675 3461 ‘³12¹'-

1433 3497 1548 3540 citiis
1579 3492 1903 3551 intelligendum
1925 3498 2007 3537 est.

1489 3569 1657 3612 Anima.
1681 3567 1795 3612 Bene
1812 3572 1855 3610 et
1879 3563 2111 3610 salubriter
2133 3562 2338 3606 hortaris.

1899 3649 2082 3696 CAPUT
2114 3648 2187 3692 vil

1434 3745 1655 3798 Conclusio
1689 3756 1839 3799 operis,
1859 3743 1898 3785 fn
1919 3753 2003 3798 qua
2036 3739 2223 3797 quisquis
2252 3729 2477 3792 'reliqiosus
2503 3735 2675 3790 jubetur

1488 3805 1665 3859 fervens,
1699 3803 1742 3843 in
1770 3799 1882 3842 omni
1907 3797 2013 3840 hono
2046 3807 2165 3852 opere
2188 3799 2400 3837 constans,
2435 3792 2604 3835 huri-tilis
2633 3798 2676 3833 ee

1489 3866 1659 3902 sanctu-s
1682 3868 1786 3908 esse,
1807 3860 1891 3898 ete.

1490 3934 1628 3977 Ratio.
1665 3931 1820 3983 Quaeso
1837 3935 1896 3979 te,
1922 3939 1948 3971 o
1973 3926 2117 3970 anIma
2140 3936 2252 3976 mea,
2278 3923 2389 3966 inter
2410 3921 2544 3965 multa
2579 3932 2675 3976 quae

1434 4009 1648 4057 diximus,
1674 4004 1728 4048 de
1752 4008 1906 4047 caetero
1929 4013 2027 4045 cum
2060 4004 2174 4042 metu
2200 4004 2242 4041 et
2264 3995 2463 4042 omnibus
2481 4026 2493 4045 ,
2516 3992 2673 4049 quibus

1435 4081 1524 4126 scis
1543 4083 1600 4131 ,et
1620 4083 1769 4135 potes,
1792 4073 1933 4118 modis
1955 4079 2071 4116 tuam
2104 4070 2240 4126 ipsius
2268 4069 2445 4130 salutem
2472 4072 2596 4110 caute
2629 4070 2672 4107 et

1431 4151 1619 4197 sollicite
1630 4158 1822 4205 operare,
1841 4146 2046 4201 omnique
2061 4142 2272 4187 contende
2289 4140 2448 4191 studio,
2471 4145 2518 4182 ut
2530 4140 2574 4182 in
2583 4137 2673 4181 Deo

1430 4225 1621 4284 praelatis
1642 4228 1686 4268 et
1702 4222 1907 4266 fratribus
1930 4219 2129 4263 omnibus
2149 4217 2279 4262 etiam
2299 4213 2508 4272 proximis
2527 4212 2612 4256 tuis
2629 4218 2670 4254 et

1434 4294 1479 4345 in
1497 4299 1606 4356 ipsis
1629 4298 1798 4354 placeas
1816 4293 1919 4339 Deo.
1954 4292 2104 4342 Stude,
2129 4291 2322 4346 inq-uam,
2345 4299 2373 4331 o
2390 4286 2532 4337 anima
2557 4295 2666 4333 mea,

1435 4385 1586 4418 cavere
1602 4370 1734 4414 noxia
1755 4375 1799 4414 et
1821 4372 2019 4424 appetere
2038 4364 2240 4413 salubria,
2270 4372 2417 4417 parere
2438 4357 2669 4414 superiori-

1434 4445 1533 4501 bus,
1555 4439 2000 4499 obsequiaequalibus,
2028 4442 2121 4482 esto
2133 4436 2311 4481 honesta
2335 4433 2379 4477 in
2398 4430 2558 4478 babitu,
2586 4439 2667 4471 mc·
