2924 4588
223 190 311 235 38¹
508 193 537 228 Ο

1089 175 1191 221 ADA
1200 136 1253 216 Ἣ
1286 163 1877 215 PRAEfloxsTnA'rEn‘sts

228 264 1268 339 quodsedetincathelfflsapmitrssmns(1111
1262 276 1318 320 ς
1339 274 1464 316 xxiii,
1488 272 1529 312 A
1604 255 1715 305 ΚΝ.
1761 258 1877 303 Vade
1914 257 2052 302 etiam
2075 255 2130 300 ad
2158 257 2461 313 expositiones
2501 238 2681 303 Pati-nm
2725 263 2805 298 or

229 355 292 410 8),
306 350 552 399 humilitati,
574 346 689 403 qnod
712 348 803 402 ipse
827 341 895 390 est'
920 339 1290 400 quasitenerhgni
1312 343 1472 380 vermi-

229 426 380 470 culus:
408 417 677 471 fortitfflini,
676 419 819 475 quod
845 420 935 474 ipse
964 416 1234 470 octingentos
1258 408 1473 453 interiecit

233 500 396 553 impetu
422 492 680 550 uno(i1n'd.).
721 491 797 534 nie
817 491 953 546 fidelis
972 499 1031 532 est
1050 499 1190 530 sertus
1213 491 1251 527 et
1273 482 1470 538 prudens,

230 581 351 626 quem
412 566 624 609 constituit
674 563 878 606 Dominus
927 574 1049 617 super
1102 558 1309 615 familiam
1353 567 1479 618 snam*

233 638 404 695 (unuln
432 650 547 688 xxiv,
586 635 683 693 45),
710 636 874 686 eliffens
910 647 1006 677 eum
1045 639 1090 674 ut
1120 635 1303 686 pasceret
1343 625 1473 668 Jacob

232 726 391 756 neruum
421 712 563 765 ειιιιηιξ,
590 716 628 751 et
659 708 795 752 lsrael
821 707 1105 751 haereditatem
1125 715 1270 753 suam,
1303 708 1342 742 et
1365 699 1475 755 ραιίε

233 799 302 829 eos
326 787 371 828 in
391 783 627 827 innocentia
645 782 781 824 cordis
806 781 937 829 sui,et
956 770 1476 827 intellectumisericordioe

236 871 322 901 rna:
351 856 500 899 ditavit
528 868 626 902 εοες
655 853 866 909 siquidem
897 860 938 895 ct
971 849 1246 906 prudentiam
1276 857 1375 889 eum
1398 843 1477 886 do·

234 927 338 975 cuit,
365 930 412 966 ut
432 930 749 979 persecutorem
783 931 908 962 suum
937 915 1127 967 Saulem,
1159 916 1285 970 quasi
1309 917 1478 955 hostem

236 998 423 1052 sugeret,
449 1001 490 1038 et
515 1006 612 1036 cum
640 1007 686 1036 se
710 992 888 1034 ultionis
918 990 1092 1033 occasio
1133 979 1331 1044 offerret,
1365 983 1479 1027 sicut

232 1068 407 1112 domino
429 1071 625 1123 parceret
647 1064 690 1119 (Ι
713 1064 809 1120 Rey.
831 1076 950 1128 xxiv,
971 1062 1031 1119 5).

291 1138 379 1183 xil.
409 1138 534 1181 Viros
558 1137 655 1179 illos
673 1136 871 1186 exituios,
897 1133 1036 1176 Ellam
1058 1136 1100 1175 et
1118 1130 1306 1173 Eliseum
1324 1127 1478 1181 loquor

235 1211 277 1266 (Ι
289 1210 319 1253 V
338 1209 435 1263 Req.
462 1222 521 1261 iv,
546 1207 635 1263 27),
663 1207 726 1250 sic
751 1207 870 1250 zelus
892 1205 1034 1260 erigit,
1051 1204 1112 1247 sic
1131 1201 1352 1245 humilitas
1375 1205 1479 1241 ster·

234 1285 314 1334 nit,
342 1290 389 1327 ut
414 1288 565 1326 neuter
588 1293 739 1326 eorum
762 1282 892 1324 etiam
915 1289 1058 1334 regem
1086 1280 1336 1331 peccantem
1358 1271 1478 1326 virga

236 1355 525 1412 correptionis
550 1354 722 1410 aggredi
742 1354 929 1395 timeret.
954 1348 1006 1391 Et
1042 1346 1112 1392 ille
1144 1346 1364 1390 humiliter
1380 1349 1479 1386 ante
1505 1330 1538 1375 Β

234 1430 382 1474 Achab
428 1427 650 1475 accinctus
695 1425 864 1470 lumbos
905 1433 1114 1472 currere,
1151 1425 1194 1462 et
1235 1418 1315 1460 iste
1338 1427 1473 1458 amu-

235 1505 339 1548 liere
379 1503 496 1558 tangi
542 1511 627 1542 non
652 1498 881 1556 perhorres-
863 1495 943 1539 ‘scit
982 1493 1079 1551 (ΙΙΙ
1112 1491 1211 1548 Re9.
1235 1498 1362 1542 xvu,1
1387 1485 1476 1543 46).

239 1574 460 1620 Nuditatis
476 1572 794 1617 confessionem
830 1568 883 1611 ad
905 1572 1179 1624 praeceptum
1207 1561 1395 1616 Domini,
1435 1561 1480 1604 in

237 1646 555 1710 praedicatione,
590 1641 723 1686 lsaias
759 1640 907 1685 subire
945 1650 1031 1681 non
1064 1637 1324 1691 dedignatur
1369 1631 1477 1689 (isa.

237 1731 312 1770 xx,
348 1717 410 1775 Ξ).
439 1714 708 1760 Descendere
754 1710 798 1755 iii
836 1703 1070 1774 AEgyptum
1110 1708 1233 1764 127
1269 1706 1480 1750 Jeremias

241 1791 495 1847 (cap.'xt.ii1,
526 1787 565 1844 7)
589 1787 795 1845 populum
820 1791 950 1834 vetat,
978 1783 1051 1827 sed
1075 1781 1176 1825 dum
1195 1779 1480 1824 eumveraci-

239 1862 483 1930 terdiligit,
520 1874 605 1917 quo
643 1858 923 1907 descendere
946 1857 1160 1913 prohibet,
1186 1861 1229 1898 et
1263 1854 1355 1909 ipsc
1397 1863 1482 1902 una

239 1939 336 1973 cum
360 1926 425 1973 eis
457 1918 710 1977 descendit,
740 1918 884 1969 bonus
919 1922 1093 1980 quidem
1127 1911 1414 1965 consiliarius
1408 1919 1482 1975 ad

242 2002 440 2053 salutem,
467 2000 605 2044 fidelis
629 2005 772 2042 autem
794 2009 939 2041 comes
958 1996 1008 2038 ad
1026 1995 1236 2038 laborem.
1264 1990 1371 2045 Quis
1393 1995 1482 2037 non

242 2088 398 2125 ausum
440 2073 606 2123 Iudith,
646 2071 844 2129 prudenti
848 2082 915 2113 am
955 2067 1137 2119 Esther,
1176 2065 1481 2109 multimodam

243 2161 415 2206 quoque
433 2146 579 2190 Tobiae
603 2145 752 2188 laudat
769 2141 1076 2186 sanctitatem?
1107 2138 1222 2182 Puer
1249 2136 1417 2188 Daniel,
1442 2141 1484 2179 ct

242 2227 332 2266 tres
355 2222 450 2276 ejus
474 2218 583 2264 socii
605 2207 707 2261 dum
733 2215 779 2258 in
805 2215 900 2258 loco
930 2212 1185 2256 deliciarum
1210 2218 1371 2266 corpus
1389 2208 1481 2251 vit⁴

245 2301 338 2340 tute
377 2294 650 2338 abstinentiae
688 2292 865 2336 domant
902 2289 1031 2347 (Dan.
1066 2299 1098 2340 t,
1123 2286 1184 2344 8),
1229 2298 1318 2330 non
1354 2284 1484 2329 modo

245 2380 382 2424 usque
400 2366 452 2410 ad
467 2365 650 2410 sublime
665 2363 835 2406 culmen
868 2361 1090 2418 sapientiae
1109 2359 1379 2418 pertingunt,
1406 2370 1482 2401 ve-

243 2454 339 2485 rum
366 2438 496 2483 etiam
518 2435 626 2485 illud
660 2436 859 2481 mirabile
883 2435 927 2482 in
949 2433 1062 2490 dono
1087 2433 1347 2490 percipiunt,
1363 2438 1417 2494 'ut
1441 2433 1486 2474 in

245 2513 339 2557 istis
378 2524 489 2555 novo
513 2516 556 2555 et
579 2508 775 2558 inaudito
812 2495 1038 2559 miraculo,
1064 2507 1148 2551 vim
1191 2506 1366 2550 virtutis
1398 2517 1488 2548 snae

244 2586 358 2642 ignis
375 2586 534 2629 oblitus
557 2585 614 2627 sit
651 2581 778 2640 (Dan.
803 2594 870 2634 ιιι,
896 2579 985 2637 50),
1017 2585 1061 2624 et
1084 2580 1204 2622 illum
1226 2579 1357 2623 etiam
1376 2577 1489 2622 l'ame

245 2658 392 2702 alilicti
423 2658 568 2702 leones
604 2655 829 2701 saevissimi
858 2655 1100 2712 pertingere
1134 2666 1223 2697 non
1253 2663 1488 2710 praesume-

245 2737 341 2775 rent
365 2730 492 2788 (Dan.
511 2742 570 2782 νι,
593 2729 683 2785 22).
713 2723 921 2772 Reducite
937 2726 992 2771 ad
1026 2731 1211 2771 mentem
1237 2726 1375 2770 sancti
1399 2725 1489 2768 Ma*-

246 2804 421 2847 thatbiae
457 2803 595 2855 zelum
620 2800 662 2858 (1
688 2800 822 2846 Maeli.
851 2812 902 2853 ιι,
926 2798 990 2858 2),
1011 2805 1053 2844 et
1077 2797 1357 2843 admirabiles
1385 2799 1491 2843 tilio-

246 2888 340 2920 rum
358 2877 452 2932 ejus
475 2874 719 2931 triumphos
738 2873 1049 2930 obstupescite.

300 2947 409 2993 xm.
443 2948 527 2993 Sed
558 2959 644 3004 quo
678 2944 956 3010 progredior?
993 2958 1132 3001 neque
1155 2944 1269 2989 enim
1292 2944 1488 3001 singulos

244 3021 418 3066 virtutis
440 3021 574 3072 viros,
600 3018 799 3076 quosve!
818 3023 934 3069 ante,
954 3017 1023 3061 vel
1039 3023 1136 3073 post
1159 3015 1322 3060 Christi
1345 3015 1490 3059 Incar-

248 3094 482 3145 nationem,
506 3094 606 3137 vitae
627 3092 839 3137 sanctitas
855 3091 998 3137 evexit
1022 3091 1065 3133 in
1090 3089 1228 3133 lucem
1252 3089 1305 3133 ad
1324 3101 1490 3133 memo-

247 3166 358 3212 riam
379 3160 584 3211 revoc'a're
605 3165 672 3209 vel
695 3164 786 3209 scio
807 3164 874 3208 vel
898 3176 1091 3219 possum.
1117 3160 1173 3205 Ut
1196 3158 1340 3204 autem
1365 3159 1490 3205 sesti·

247 3245 403 3294 nanter
419 3251 494 3295 per
510 3236 729 3293 Evangelii
750 3243 942 3292 tempora
964 3242 1276 3299 transcurram,
1300 3233 1492 3290 Baptista

249 3310 326 3371 [al.
353 3310 462 3355 sorte
485 3310 604 3355 deest
621 3309 867 3368 (sanctitate
881 3310 1048 3366 primus
1065 3308 1146 3366 est)
1161 3304 1368 3363 Baptista,
1386 3308 1490 3365 ete]

248 3382 452 3433 loannes
487 3396 573 3439 quo
608 3383 718 3427 inter
750 3391 876 3427 natos
917 3381 1145 3439 mulierum
1182 3393 1269 3425 non
1307 3381 1493 3426 surrexit

252 3528 546 3584 praerogativa‚
588 3534 825 3581 martyrum
851 3527 1110 3576 constantia,
1144 3527 1352 3569 sanctitas
1388 3539 1494 3569 con-

252 3601 490 3650 fessorum,
536 3599 748 3643 munditia
789 3598 1017 3655 virginum.
1060 3598 1230 3642 Statum
1267 3597 1414 3655 itaque
1452 3605 1494 3642 et

253 3670 622 3736 conversationem
641 3678 906 3723 sanctorum,
921 3676 1007 3715 tam
1025 3683 1174 3719 eorum
1194 3671 1267 3728 qui
1285 3672 1329 3715 in
1350 3668 1494 3716 veteri

254 3744 444 3795 fuerunt,
467 3757 595 3808 quam
625 3746 698 3803 qui
722 3746 765 3788 in
782 3744 901 3790 Novo
927 3744 1054 3789 modo
1070 3751 1173 3790 sunt
1196 3743 1491 3796 Testamenta,

253 3818 513 3874 cogitatione
536 3824 577 3861 et
601 3818 803 3862 aviditate
826 3830 1048 3874 percurre,
1071 3826 1114 3862 et
1134 3818 1297 3874 poteris
1318 3830 1415 3861 cum
1441 3817 1494 3860 ad

255 3900 335 3935 nos
378 3891 547 3934 veneris
599 3890 743 3935 dicere
794 3891 892 3949 qnia
935 3877 1081 3935 vidisti
1129 3891 1263 3935 coelos
1323 3895 1494 3946 apertos

257 3962 367 4022 (Act.
395 3975 472 4013 vn,
497 3961 583 4019 55).
607 3962 693 4005 Viri
711 3975 896 4019 namque
913 3964 1052 4008 sancti
1068 3970 1114 4007 ut
1131 3965 1330 4020 superius
1349 3971 1495 4006 osten-

257 4046 352 4086 sum
374 4039 456 4083 est,
476 4033 573 4076 coeli
598 4046 713 4078 sunt.
732 4033 812 4086 Qui
838 4035 1039 4077 nimirum
1059 4035 1157 4078 coeli
1171 4041 1275 4079 tunc
1296 4033 1374 4077 tibi
1396 4044 1497 4090 ape-

257 4107 444 4156 riuntur,
479 4117 576 4148 cum
607 4114 854 4149 sanctorum
893 4113 1031 4151 status
1067 4119 1109 4150 ot
1145 4108 1495 4152 conversationes

255 4178 518 4224 revelantur.
562 4176 607 4220 Si
657 4186 798 4222 autem
841 4179 987 4222 datum
1027 4180 1103 4223 tibi
1144 4180 1224 4223 fuit
1266 4192 1496 4236 agnoscere

258 4255 419 4308 quanta
438 4250 483 4294 in
498 4256 670 4307 pectore
703 4251 836 4307 Moysi
859 4253 1068 4309 sapientia
1104 4254 1198 4303 suit,
1223 4265 1320 4296 cnm
1362 4254 1496 4309 legem

259 4324 483 4377 conderem
501 4329 661 4379 quanta
688 4326 789 4367 etin
809 4333 958 4369 sancto
980 4326 1131 4379 David,
1154 4326 1290 4378 Isaac,
1312 4324 1496 4372 Ieremia

259 4398 511 4452 caeterisque
537 4397 755 4452 prophetis
778 4399 1001 4445 exstiterit.
1026 4399 1069 4446 in
1101 4401 1180 4445 hac
1216 4401 1497 4446 nihilominus
1523 4391 1526 4394 ’

261 4480 383 4529 parte·
403 4482 533 4518 coetos
559 4480 728 4530 apertos
751 4473 930 4519 videbis.

1554 332 1858 378 thodoxorum,
1889 335 1931 371 et
1954 327 2129 393 illorum
2159 326 2414 373 tractatibus
2442 330 2571 381 atque
2593 321 2806 371 doctrinis
2896 314 2921 378 “,

1554 403 1809 447 assiduitate
1844 399 2050 444 studiosa:
2074 398 2273 443 lectionis
2302 399 2535 449 insistens,
2562 396 2706 441 videre
2726 409 2808 452 po·

1554 476 1675 525 teris,
1695 479 1738 519 et
1768 473 1842 521 bic,
1873 474 2007 531 coelos
2043 476 2230 528 apertos.
2266 468 2374 513 Coeli
2416 480 2588 533 quoque
2621 466 2807 524 apostoli

2844 48 2847 79 ἰ

2814 106 2817 107 ⁷
2845 81 2848 102 l

2845 109 2848 126 ι
2890 111 2912 130 3.

2717 159 2803 214 2⁹9
2819 210 2824 214 ,,

1556 554 1677 599 sunt,
1702 554 1745 592 et
1767 546 1939 602 quidem
1963 552 2162 588 rorantes
2187 544 2389 597 desuper.
2417 541 2611 594 Quorum
2643 541 2822 601 prae'ro·'
2899 547 2902 549 ’

1555 622 1697 677 gativa
1727 631 1898 675 magna,
1933 617 2120 673 dignitas
2145 617 2378 659 excellens.
2415 611 2468 656 Ει
2502 612 2674 666 quidem
2707 604 2810 658 coelt

1555 691 1780 738 tihietiam
1807 691 1920 747 apud
1940 692 2058 747 ipsos
2083 689 2356 746 aperiuntur,
2383 698 2481 729 cum
2508 685 2602 737 tibi,
2628 698 2725 742 qnae
2751 683 2829 731 a&
2900 680 2914 690 ''

1556 780 1632 812 eos
1655 767 1889 823 pertinent.
1909 776 1985 820 per
2009 765 2207 817 spiritum
2242 761 2504 805 revelantur.
2528 758 2613 802 Sed
2636 768 2679 802 et
2701 769 2813 819 penf¹

1558 841 1626 884 nis
1654 839 1967 882 desideriorum
2002 838 2054 878 ad
2094 836 2300 881 sublimes
2338 833 2433 875 vola
2457 833 2552 875 illos
2577 825 2816 895 spirituum

1558 914 1800 957 coelestium
1824 910 1995 952 choros.
2024 913 2068 950 et
2090 908 2241 952 insiste
2268 912 2310 949 et
2348 905 2557 948 instanter
2590 898 2732 960 pulsa,
2769 897 2814 954 εἴ

1558 985 1668 1029 forte
1690 984 1769 1027 tibi
1793 988 2057 1038 aperiantur,
2078 982 2176 1023 coeli
2196 992 2310 1023 enim
2329 985 2445 1023 sunt..
2468 976 2641 1022 intuere
2661 978 2810 1020 beato}

1559 1059 1655 1101 illos
1684 1056 1862 1112 spiritus
1890 1056 1977 1096 vita
2014 1053 2297 1103 immortales,
2339 1051 2410 1095 Dci
2438 1052 2603 1096 visione
2640 1046 2808 1100 felices,

1558 1129 1603 1172 in
1627 1137 1834 1185 personas
1868 1127 2114 1176 distinctos,
2149 1124 2195 1167 in
2219 1121 2450 1178 dignitates
2482 1121 2734 1178 dispositos,
2763 1122 2827 1166 itt
2915 1109 2916 1112 Σ

1559 1200 1802 1257 semetipsis
1819 1205 2035 1269 potenteS,
2061 1185 2104 1245 in
2140 1209 2187 1241 se
2210 1196 2394 1253 invicem
2419 1198 2629 1246 amantes,
2657 1194 2697 1237 iia
2721 1190 2812 1238 Deo
2837 1208 2842 1210 ·

1560 1276 1792 1331 sapientes,
1823 1274 1917 1321 ipso
1956 1271 2168 1315 existente
2202 1270 2347 1312 omnia
2387 1271 2429 1312 in
2462 1269 2679 1312 omnihus.
2705 1266 2829 1316 Sor-

1561 1348 1726 1390 tiuntur
1748 1349 1891 1389 auten
1913 1344 2090 1388 ordines
2124 1353 2273 1386 eorum
2302 1341 2478 1384 nomina
2497 1341 2619 1384 haec:
2638 1340 2822 1403 Angeli,
2854 1394 2855 1399 ¹
2920 1347 2922 1349 ’

1560 1419 1826 1476 archangeli,
1853 1420 2051 1467 virtuteS,
2078 1413 2330 1471 potestates,
2361 1414 2645 1471 principatus,
2679 1412 2816 1473 domi·

1559 1495 1775 1542 nationes,
1818 1490 1985 1540 unani,
2023 1489 2247 1534 cherubim
2287 1494 2416 1543 atque
2455 1487 2688 1544 seraphim.
2714 1478 2836 1532 ssaec‘

1559 1567 1705 1612 onmia
1724 1567 1987 1616 sortiuntur,
2011 1571 2053 1608 et
2074 1576 2128 1606 ex
2149 1572 2211 1606 re.
2236 1557 2341 1614 Quae
2356 1567 2401 1605 ut
2425 1562 2612 1606 breviter
2635 1566 2817 1617 'percur-

1560 1652 1725 1694 ramus,
1759 1650 1900 1694 neque
1938 1636 2053 1681 enim
2094 1635 2163 1680 his
2202 1635 2278 1679 diu
2312 1627 2629 1689 immorandum
2653 1639 2737 1687 est,
2759 1634 2816 1686 de

1561 1713 1720 1770 quibus
1744 1716 1916 1756 constat
1939 1717 2116 1755 sanctos
2137 1707 2293 1753 Patres
2314 1706 2574 1753 sufficienter
2595 1699 2745 1754 multis
2765 1706 2817 1755 in

1563 1786 1672 1830 locis
1695 1784 1972 1847 disputasse,

1617 1854 1709 1899 XV.
1736 1853 1794 1898 Ut
1815 1867 1918 1911 ergo
1936 1863 1986 1898 ea
2008 1854 2208 1898 breviter
2226 1860 2550 1909 percurramus.
2568 1851 2836 1905 considens
2862 1843 2864 1846 ⁵

1565 1917 1697 1987 prout
1717 1930 1858 1986 potes,
1883 1939 2012 1984 quam
2039 1925 2221 1979 feliciter
2257 1926 2397 1970 sancti
2422 1925 2560 1982 angeli
2594 1926 2639 1970 in
2665 1925 2814 1971 notitia

1563 1990 1808 2049 divinornm
1827 1999 2106 2056 iudiciorum,
2133 1998 2379 2058 archangeli
2405 1997 2450 2043 in
2473 1997 2721 2054 cognitione
2739 2001 2816 2057 in·

1563 2078 1786 2118 ternorum
1811 2060 2094 2116 consiliorum
2113 2070 2339 2114 excellant.
2361 2068 2683 2119 Annuntiantes
2705 2069 2812 2122 haec,

1561 2146 1686 2206 Juxta
1703 2144 1896 2196 nominis
1920 2143 1988 2188 sui
2005 2149 2236 2194 rationem,
2258 2142 2416 2198 quibus
2432 2146 2476 2186 et
2490 2132 2685 2199 quando,
2706 2154 2816 2198 quo-
2852 2130 2854 2134 ’

1565 2219 1693 2263 modo
1721 2224 1766 2271 et
1799 2221 2010 2274 quantum
2050 2216 2140 2272 ipse
2175 2214 2450 2271 judicaverit,
2480 2227 2560 2271 pro
2583 2227 2670 2272 quo
2702 2215 2841 2273 lega-v

1565 2292 1683 2349 tione
1708 2291 1965 2348 funguntur.
1988 2287 2098 2334 vide
2137 2288 2266 2337 etiam
2302 2288 2484 2331 virtutes
2506 2293 2702 2344 potenter
2734 2288 2818 2332 mi-

1567 2365 1714 2408 racula
1735 2369 1777 2408 et
1819 2358 2014 2419 prodigia
2048 2362 2273 2416 exercere;
2312 2362 2568 2417 potestates,
2610 2359 2817 2404 malitiam

1569 2437 1840 2503 tyrannicam
1873 2443 1916 2481 et
1954 2434 2226 2497 tyrannidem
2270 2434 2530 2479 malitiosam
2573 2433 2627 2478 da
2640 2446 2829 2478 monum>

1570 2510 1877 2566 hominumque
1900 2509 2208 2571 reproborum,
2233 2520 2315 2566 pro
2337 2507 2406 2551 his
2428 2509 2501 2564 qni
2524 2507 2818 2552 haereditatem
2866 2542 2873 2550 „

1567 2585 1746 2642 capiunt
1766 2584 1920 2637 salutis
1950 2581 2099 2639 (Hebr
2126 2595 2158 2638 1,
2183 2581 2270 2639 14),
2295 2578 2541 2637 deturbare,
2565 2581 2845 2645 propulsare
2839 2607 2869 2624 ,·

1568 2660 1611 2699 et
1632 2666 1867 2709 evacuare;
1891 2652 2161 2712 principatus
2173 2653 2271 2711 jura
2290 2643 2539 2710 regnorum,
2565 2657 2607 2698 et
2628 2651 2851 2725 ειΙιίιιιιὶί-ι

1569 2741 1668 2771 nem
1690 2728 1946 2794 dignitatum
1965 2725 2020 2770 ad
2042 2732 2196 2771 nutum
2226 2726 2343 2771 illius
2365 2726 2523 2773 summi
2554 2730 2598 2770 et
2635 2690 2851 2770 increati
2841 2770 2849 2782 ,

1572 2799 1759 2857 Spiritus
1781 2800 2059 2859 distribuere,
2076 2799 2155 2864 qui
2173 2800 2303 2846 eliam
2329 2811 2458 2856 super
2475 2810 2515 2841 οι
2519 2800 2626 2841 unes
2645 2796 2819 2841 ordines
2878 2801 2879 2804 ’

1572 2871 1705 2923 istos,
1732 2872 1889 2916 coelum
1918 2856 2056 2916 elevat
2079 2858 2442 2918 dominationum.
2466 2868 2550 2914 Sed
2572 2875 2615 2914 et
2647 2882 2821 2928 quoque
2846 2870 2876 2917 .'

1571 2957 1702 2999 super
1724 2944 1903 3003 thronos
1927 2955 2003 2987 sua
2036 2942 2080 2985 in
2107 2942 2171 2987 eis
2200 2941 2364 2998 judicia
2395 2933 2650 2994 decernens,
2685 2940 2821 2998 siqui-
2847 2992 2849 2994 ,

1572 3019 1668 3062 dem
1686 3017 1965 3074 semetipsum
1988 3017 2051 3060 eis
2080 3014 2328 3067 infundens,
2365 3028 2529 3076 suaque
2558 3015 2624 3060 eis
2662 3027 2822 3060 arcana

2842 3037 2881 3132 ,l

1573 3089 1838 3155 patefaciens
1878 3090 1983 3147 ipsis
2014 3103 2064 3135 ea
2105 3089 2394 3134 mediantibus
2424 3094 2468 3134 et
2506 3074 2881 3172 peil'erentibusgfj

1573 3165 1827 3209 transmittit
1862 3166 1918 3208 ad
1953 3156 2196 3215 inferiores,
2236 3172 2282 3209 ιιι
2310 3164 2460 3212 ,sciant
2500 3166 2658 3220 angeli,
2697 3161 2819 3219 quid.

1574 3237 1731 3293 quibus
1752 3244 1793 3281 et
1808 3244 2015 3293 quantum
2039 3235 2222 3280 debeant
2245 3235 2534 3289 annuntiare;
2573 3233 2820 3294 archangeli

2832 3167 2881 3329 Σ

1575 3311 1675 3365 qnid
1713 3311 1933 3365 revelare;
1972 3311 2153 3353 virtutes
2187 3309 2291 3365 quid
2321 3309 2517 3366 operari;
2565 3313 2818 3365 potestates,
2839 3331 2870 3387 ᾖ,

1576 3398 1671 3440 quae
1690 3385 1901 3428 tutamina
1925 3383 2139 3429 conferre.
2163 3383 2240 3428 His
2260 3383 2463 3429 omnibus
2484 3384 2710 3441 superiora
2746 3382 2819 3428 illa
2825 3408 2873 3454 ,ι

251 3455 387 3516 maior
419 3453 535 3510 (Luc.
573 3467 651 3506 vn,
674 3454 772 3507 ΞΒ),
798 3453 1064 3498 admirabilis
1095 3460 1162 3497 cst
1200 3454 1490 3508 apostolorum
1519 3459 1550 3501 D
1574 3457 1660 3501 duo
1682 3465 1784 3502 sunt
1808 3458 1994 3513 agmina,
2032 3464 2230 3500 octavum
2265 3465 2308 3500 et
2329 3469 2510 3510 nonum,
2536 3456 2755 3501 chenthim
2775 3462 2822 3501 et
2841 3478 2879 3546 {-

1576 3529 1810 3587 seraphim,
1837 3530 1994 3586 quihus
2036 3536 2079 3573 nt
2116 3542 2193 3573 sua
2228 3530 2471 3587 quibusque
2513 3530 2863 3574 vocabulorum,-

1573 3603 1869 3671 interpretatio
1893 3607 2104 3654 servetur,
2142 3603 2214 3646 illa
2238 3602 2418 3651 scientia
2458 3602 2533 3647 Dei
2575 3566 2881 3709 replentium}⁶

1574 3675 1665 3721 haec
1688 3682 1828 3728 autmt
1853 3676 2076 3727 charitate,
2103 3690 2196 3732 quae
2229 3675 2343 3722 Deus
2369 3682 2450 3731 est,
2482 3675 2817 3723 inflammantur

1577 3746 1687 3790 Sunt
1706 3747 1912 3792 sublimes
1938 3748 2036 3791 coeli
2055 3748 2132 3798 illi,
2155 3747 2267 3804 apud
2285 3761 2395 3805 quos
2418 3752 2726 3801 commoratur,
2745 3745 2818 3793 cui

1575 3822 1766 3878 quotidie
1795 3821 2018 3866 dicimus:
2050 3821 2179 3865 Pater
2215 3829 2376 3874 noster,
2426 3821 2497 3879 qui
2534 3834 2576 3864 es
2624 3821 2669 3864 in
2705 3820 2855 3881 eoelt'o

2870 3762 2883 3793 ἱ

1577 3892 1747 3951 (Mami.
1775 3893 1915 3951 v1,9).
1935 3893 2024 3938 llos
2048 3893 2263 3950 adimplet
2279 3893 2490 3962 Dominus
2516 3893 2630 3937 Deus
2655 3898 2816 3947 noster,

1575 3967 1850 4025 maximaque
1866 3967 2117 4011 beatificans
2147 3968 2313 4013 mansio
2335 3978 2512 4018 eorum,
2537 3966 2751 4031 amantem
2771 3949 2858 4011 se

1576 4040 1784 4086 exhibens
1821 4040 2053 4097 seraphim,
2091 4040 2168 4097 qui
2195 4039 2385 4083 charitas
2402 4045 2488 4092 est;
2530 4018 2735 4083 scientem
2773 4037 2866 4087 ιιι

1576 4112 1819 4166 cherubim,
1852 4113 1926 4169 qui
1960 4102 2148 4167 veritas;
2188 4112 2406 4157 sedentem
2439 4111 2484 4155 in
2525 4111 2708 4163 thronis,
2740 4097 2830 4168 qui

1576 4185 1757 4241 aequitas
1793 4191 1880 4239 est;
1908 4185 2200 4234 dominantem
2242 4185 2287 4230 in
2319 4171 2700 4251 dominationibus,
2743 4183 2847 4239 qui

2829 4083 2870 4120 'fl

2843 4149 2869 4191 t-

1578 4258 1782 4313 majestas
1807 4264 1896 4311 est;
1925 4252 2140 4314 regentem
2161 4259 2204 4300 in
2239 4257 2567 4321 principatibus,
2593 4256 2666 4312 qui
2699 4256 2852 4313 prin·

1578 4330 1736 4385 cipium
1754 4337 1844 4383 est;
1866 4336 2059 4374 tuentem
2083 4330 2126 4373 in
2147 4329 2549 4390 potestatibuanui
2582 4324 2700 4371 s'alus
2725 4331 2825 4380 est;⁴
2851 4377 2866 4398 ‚r

1578 4407 1827 4454 operantem
1852 4401 1896 4445 in
1915 4401 2164 4452 virtutibus,
2193 4401 2320 4456 128
2352 4398 2426 4456 quj
2449 4413 2537 4443 nen
2560 4398 2692 4443 modo
2726 4398 2814 4441 vir-

1578 4480 1745 4532 tuosus,
1769 4474 1843 4518 sed
1869 4486 2037 4520 situima
2060 4474 2196 4518 virtus
2213 4478 2303 4527 cst;
2339 4473 2380 4515 in
2411 4472 2679 4529 archangelis
2697 4481 2815 4514 reve-
2870 4481 2876 4499 ¹·
