2924 4588
110 0 195 22 άυῧ
757 0 1046 25 ὔλζιὶιΰυλῦὖ

158 83 354 116 recessus
373 84 501 126 quam
527 73 870 128 dispensatorius
895 76 951 118 sit
977 87 1076 133 erga
1102 79 1341 124 electos.-
1371 88 1407 131 Α

155 126 198 170 2.
235 125 541 171 sanctificandi
585 129 661 171 filii
716 129 863 180 lsrael,
898 130 938 174 id
969 138 1036 175 est
1063 135 1344 189 cogitationes

155 182 300 226 cordis
335 196 386 226 ex
419 183 581 227 sanctis
605 191 710 226 ortae
729 184 974 230 desideriis.
1000 212 1055 218 -
1077 190 1118 232 5.
1145 189 1346 234 Sanctifi-

157 238 269 280 catio
293 239 460 281 interna
493 251 568 294 per
596 240 916 292 abstinentiam,
951 242 1184 295 silentium,
1221 248 1346 302 quie·-

154 301 256 344 tem,
282 294 466 348 vigilias,
496 294 687 338 studium
710 307 844 339 sacrae
866 297 1074 345 lectionis.
1094 302 1340 345 meditatio-

154 361 267 398 nem,
311 349 522 393 fervorem
547 349 650 393 boni
675 349 892 394 desiderii.
909 363 964 384 -·-—
983 354 1027 397 4.
1055 353 1279 400 Postrema
1304 363 1346 400 et

155 403 305 446 ultima
329 404 612 448 sanctificatio
628 411 693 449 est
711 409 1030 462 perseverantia
1056 411 1099 453 in
1125 413 1343 466 oratione3

153 471 252 501 cnm
272 460 629 515 recapitulatione
660 464 1008 517 praecedentium.
1033 490 1090 497 ——
1109 467 1149 510 5.
1176 467 1344 517 Ouanta

150 514 318 558 cautela
361 515 559 571 pellendo
586 518 742 569 errori,
789 524 830 561 et
875 519 1117 564 sollicitudo
1159 522 1346 579 fugando

152 569 315 624 torpori
337 572 583 615 necessaria
607 573 678 616 sit.
702 597 758 604 ——-
777 573 816 616 6.
849 574 1000 619 Modus
1039 579 1281 634 excipiendi
1303 585 1346 623 et

150 626 363 669 retinendi
397 625 531 682 Deum⁴
571 627 893 683 hospitio.——7.
931 629 977 672 ln
1011 644 1189 678 accessu
1213 640 1255 678 et
1279 648 1348 677 re·

149 693 275 725 cessu
300 682 446 737 gratiae
477 683 536 725 uti
570 695 615 727 se
637 683 878 727 babendum
902 691 982 729 est.
1005 712 1062 719 —-
1085 689 1125 732 8.
1160 689 1347 745 Vespere

149 736 374 782 comedere
395 750 564 789 carnes,
599 747 642 782 et
673 751 800 784 mane
817 742 1003 784 saturari
1035 746 1248 799 panibus,
1281 753 1347 790 est

150 791 219 834 liic
243 798 491 837 sanctorum
515 795 724 851 exemplis
741 797 877 853 pasci,
900 798 1132 843 doneclux
1155 807 1198 845 et
1214 803 1347 845 saties

149 848 296 903 gloriae
320 849 502 893 oriatur.

149 934 181 980 1.
197 936 532 992 Sanctificamini
546 937 683 991 hodie,
697 944 735 982 et
752 946 880 982 estote
894 943 1032 995 parati
1047 941 1181 1000 (262).
1195 941 1241 986 In
1257 955 1353 987 ser-—

95 1021 219 1055 atoue
241 1010 516 1066 praecedenti,
544 1010 704 1056 fratres
727 1012 990 1069 charissimi,
1016 1014 1069 1059 de
1092 1015 1174 1059 hoc
1195 1014 1346 1060 humili

93 1083 332 1128 Salvator-is
362 1085 500 1128 nostri
526 1083 712 1129 adventu
736 1086 931 1141 quaedam
955 1086 1010 1130 ad
1033 1100 1109 1132 vos
1136 1088 1341 1139 diximus,

1051 16 1061 25 .
1092 5 1150 13 ····
1178 0 1230 26 ΙΝ
1273 0 1464 25 viti-nata
1493 0 1844 26 unllvllallo
1875 0 2082 29 vunnu.

2591 0 2675 35 *210

1474 80 1551 124 2111.
1582 80 1646 124 Sit
1665 81 1801 136 prima
1829 91 1980 125 eorum
2007 81 2293 126 sanctificatio
2322 83 2596 128 abstinentia.
2621 86 2677 130 Ut

1425 160 1523 198 cum
1553 154 1649 197 viro
1689 153 1762 196 illo
1789 153 2103 198 desideriorum
2130 155 2372 198 abstineant
2405 157 2459 199 ab
2488 169 2538 201 eo
2561 159 2677 213 quod

1422 216 1554 288 snare
1586 226 1744 277 velitri,
1774 231 1996 281 *quatenus
2038 232 2165 282 gustu
2232 228 2447 283 attingant
2487 229 2673 281 interne,

1423 297 1538 354 quod
1562 297 1689 342 dulce
1710 305 1777 341 est
1799 299 1932 342 menti
1964 298 2092 354 (Dan.
2131 311 2161 348 1,
2197 298 2256 354 8).
2286 297 2350 341 Sit
2372 301 2577 350 secunda,
2617 302 2676 345 si-

1424 369 1603 417 lentium
1626 370 1730 421 oris,
1753 377 1799 413 ut
1818 382 1868 412 eo
1893 371 2062 426 plenius
2087 370 2282 421 verbum,
2301 372 2414 426 quod
2437 373 2488 415 ad
2507 386 2582 417 eos
2610 374 2676 418 di-

1424 442 1538 487 citur
1572 442 1888 492 absconditum,
1934 443 2133 496 audiantt,
2177 456 2228 487 eo
2260 445 2388 486 etiam
2423 444 2673 499 perfectius,

1425 513 1549 569 quasi
1567 512 1724 557 furtive
1748 514 1987 571 suscipiant
2007 527 2131 558 aures
2155 527 2302 558 eorum
2337 517 2494 559 interni
2519 530 2674 561 susur-

1424 585 1479 628 rii
1510 597 1642 629 venas
1682 584 1790 641 (Iob
1829 599 1887 639 tv,
1917 585 1996 642 12)
2016 618 2027 636 ‚
2056 599 2142 642 quo
2172 587 2216 629 in
2247 599 2292 630 se
2323 600 2398 643 per
2423 589 2674 643 gravitatem

1426 655 1604 699 stabiliti
1624 655 1817 700 diffluere
1841 669 1918 712 per
1938 659 2064 701 noxia
2086 659 2214 701 verba
2238 659 2482 712 refugiunt,
2507 667 2550 703 et
2571 660 2674 703 dum

1427 726 1580 770 otiosis
1593 727 1822 771 verborum
1843 728 2001 772 fabulis
2018 733 2106 773 no‘n
2122 729 2365 777 intendunt,
2388 744 2534 774 vocem
2551 734 2674 787 quasi

1426 812 1542 844 aurae
1563 800 1674 844 lenis
1692 799 1798 855 (Iob
1826 813 1884 852 iv,
1912 801 2011 858 16),
2038 801 2186 845 auditu
2210 803 2283 846 illo
2300 803 2676 860 interiore‚perci-

1427 869 1560 927 piant.
1574 871 1638 914 Sit
1651 874 1792 923 tertia,
1809 872 1931 928 quies
1947 874 2001 917 ab
2013 874 2216 917 exteriori
2230 873 2304 931 [al.
2317 874 2598 933 exteriorum}
2609 889 2679 919 oc-

1427 945 1673 999 cupatione,
1701 945 1802 1001 quia
1827 947 1869 987 in
1894 954 2072 1000 tempore
2097 948 2317 990 vacuitatis
2353 947 2570 991 scribenda
2607 962 2678 991 sa·

1426 1018 1583 1070 pientia
1606 1024 1753 1060 est:et
1784 1020 1853 1074 qui
1886 1020 2166 1070 minorantur,
2207 1027 2300 1063 actu
2331 1021 2550 1075 percipient
2583 1027 2675 1064 eam

1428 1087 1578 1143 (Eccit'.
1607 1102 1790 1141 xxxviii,
1822 1090 1911 1146 25).
1939 1090 2044 1134 Cum
2067 1091 2180 1134 dicat
2208 1092 2399 1148 abyssus,
2421 1092 2516 1135 Non
2548 1101 2609 1136 est
2632 1094 2676 1138 in

94 1154 136 1203 in
176 1169 262 1214 quo
308 1170 385 1212 per
418 1157 562 1201 carnis
594 1159 878 1210 nativitatem,
916 1160 1029 1204 sicut
1062 1168 1341 1206 sacrosancta
1368 1152 1399 1197 B
1424 1166 1571 1210 nient
1590 1174 1704 1203 mare
1725 1161 1919 1217 loquatur
1933 1161 2031 1204 Non
2047 1169 2282 1205 estmecum
2303 1162 2398 1219 (Iob
2413 1163 2672 1221 nvitun).

90 1228 198 1279 baec,
224 1241 319 1284 quae
342 1228 472 1272 modo
505 1228 654 1280 instat,
687 1228 914 1280 festivitas,
942 1238 1239 1287 repraesentat,
1263 1245 1342 1290 ap·

90 1309 240 1349 parere
270 1299 408 1343 oculis
447 1301 713 1353 mortalium,
745 1309 787 1344 et
822 1302 913 1358 ipse
948 1305 1144 1349 mortalis
1182 1305 1340 1358 factus,

89 1371 289 1428 dignatus
312 1378 394 1416 est.
423 1371 506 1416 Sed
528 1374 828 1430 unusquisque
853 1380 1042 1419 vestrum
1068 1384 1345 1422 convertatur

88 1444 218 1488 modo
241 1444 294 1487 ad
322 1446 514 1501 seipsum
536 1460 547 1499 ;
579 1452 620 1490 et
644 1448 756 1502 quod
789 1448 947 1492 dicturi
972 1461 1141 1501 sumus,
1167 1451 1210 1494 in
1243 1463 1345 1507 pro-

88 1517 180 1565 pria
206 1516 376 1561 studeat
397 1519 658 1574 experientia
699 1521 862 1564 videre.
894 1520 1051 1565 Visitat
1072 1535 1150 1568 vos
1173 1523 1342 1569 interna

87 1589 229 1646 gratia
265 1589 540 1646 frequenter:
580 1592 791 1638 accedens
813 1594 867 1637 ad
889 1607 983 1648 vos,
1019 1602 1062 1640 ct
1091 1598 1298 1644 recedens
1318 1612 1342 1642 a

85 1662 232 1716 uobis;
260 1668 302 1707 et
330 1665 374 1707 in
396 1676 658 1720 unoquoque
692 1671 777 1709 tam
811 1667 1014 1713 videlicet
1037 1681 1218 1714 accessu
1243 1684 1340 1721 sno,

51 1794 54 1795 γ
85 1747 214 1778 cuam
239 1747 430 1790 recessu,
453 1737 538 1793 76
558 1743 747 1781 vestram
789 1740 972 1784 salutem
991 1754 1208 1797 quaerens.
1234 1743 1341 1788 Nam

55 1870 62 1874 .
86 1807 268 1861 accedit,
294 1814 340 1852 ut
365 1810 628 1854 exhilaratos
650 1810 820 1865 efficiat,
847 1822 890 1858 et
920 1816 1099 1867 recedit,
1125 1823 1171 1860 ut
1192 1818 1343 1864 avidos

85 1893 164 1925 ves
194 1881 365 1927 reddat.
389 1879 555 1933 Videte,
591 1888 707 1927 utet
752 1884 883 1941 digno
916 1885 1056 1941 jubilo
1093 1887 1341 1943 glorificetis

86 1960 357 2008 presentem,
382 1961 424 2003 et
447 1953 663 1998 desiderio
689 1954 942 2012 infatigabili
965 1960 1168 2014 quaeratis
1187 1960 1344 2004 absen-

86 2030 187 2070 tem.
213 2025 264 2068 Et
284 2025 320 2069 si
339 2031 469 2070 totam
494 2039 570 2070 vos
589 2034 786 2084 oporteat
802 2029 990 2074 circuire
1007 2031 1242 2085 civitatem,
1266 2046 1343 2089 per

53 2126 58 2132 -
84 2099 205 2144 vicus
234 2099 428 2155 singulos
452 2105 494 2144 et
515 2101 681 2156 plateas
713 2100 855 2158 (Cant.
892 2115 960 2154 nt,
992 2103 1060 2160 2):
1094 2117 1181 2148 non
1216 2107 1339 2151 vobis

86 2172 142 2216 sit
163 2184 396 2217 onerosum
433 2185 626 2228 quaerere
655 2186 781 2230 quem
819 2175 958 2233 diligit
994 2178 1137 2220 anima
1174 2188 1336 2222 vestra.

85 2242 334 2301 'ramusque
355 2257 459 2302 erga
490 2257 606 2299 eum,
630 2259 755 2302 quem
781 2249 990 2304 quaeritis,
1017 2249 1165 2293 ardeat
1200 2262 1338 2303 amor,

85 2323 133 2361 ut
154 2317 200 2362 in
219 2317 450 2374 quaerendo
473 2330 558 2361 non
586 2320 641 2362 sit
665 2317 840 2363 fastidio
858 2319 996 2364 labor.
1015 2320 1188 2364 Nullum
1211 2322 1342 2367 habe-

85 2391 147 2435 tit
167 2393 311 2435 anima
332 2397 407 2434 tua
429 2392 642 2443 levamen,
669 2392 763 2448 ipso
787 2393 987 2447 absente;
1012 2394 1125 2438 sicut
1144 2407 1222 2438 nec
1239 2408 1341 2451 gra-

85 2477 239 2509 vamen
269 2465 441 2516 sentiet,
481 2465 577 2520 ipso
621 2471 849 2521 praesente,
887 2467 987 2521 quia
1023 2468 1136 2510 sicut
1167 2479 1340 2511 sursum

86 2537 204 2579 omni
228 2535 402 2580 levitate
424 2536 631 2592 portaris,
658 2542 700 2580 et
723 2537 903 2593 erigeris
927 2550 1024 2580 cum
1048 2551 1243 2595 praesens
1275 2546 1341 2583 est

85 2622 265 2654 munere
304 2622 399 2662 suo,
437 2611 495 2653 ita
530 2616 572 2654 et
613 2610 816 2654 deorsum
838 2612 981 2668 vergis
1004 2617 1046 2655 et
1067 2612 1337 2668 deprimeris,

85 2695 184 2730 cum
209 2684 365 2728 absens
387 2689 453 2728 est
473 2684 663 2739 pendere
687 2691 773 2727 tuo.

140 2756 189 2801 11.
216 2755 423 2802 Sensistis
455 2758 627 2813 quidem
665 2770 793 2813 saepe,
818 2762 860 2801 et
891 2759 1057 2815 experti
1097 2759 1204 2810 liaec,
1238 2758 1340 2814 quia

30 2824 54 2877 ’,
85 2830 332 2873 nullatenus
353 2835 535 2886 possunt
560 2830 633 2872 filii
655 2829 814 2886 Sponsi
838 2829 999 2886 lugere,
1024 2830 1215 2885 qttandiu
1240 2842 1340 2872 cum

43 2891 50 2896 ’
86 2903 171 2946 illis
193 2908 259 2947 est
283 2903 492 2960 Sponsus.
513 2902 596 2946 Sed
613 2903 788 2958 quando
803 2902 1024 2946 auferetur
1041 2903 1097 2946 ab
1114 2903 1185 2947 eis.
1201 2902 1340 2959 Spon-

86 2988 177 3028 sas,
202 2982 304 3019 tunc
337 2976 596 3032 Jejunabunt
622 2974 794 3031 (ΜαιιΙι.
822 2988 882 3026 tx,
922 2975 1009 3031 15).
1042 2973 1130 3018 Nec
1159 2975 1335 3019 mirum.

85 3047 194 3092 Cum
230 3048 344 3092 enim
386 3049 478 3105 ipse
508 3049 729 3092 auferetur
751 3049 804 3091 ab
825 3049 916 3093 eis:
955 3049 1173 3092 auferetur
1198 3050 1252 3092 ab
1275 3050 1339 3093 cis

84 3122 226 3179 panis,
252 3129 294 3165 et
310 3134 490 3166 necesse
506 3122 590 3166 erit
608 3122 807 3177 Jejunare
829 3134 921 3173 eos,
939 3122 1040 3164 dum
1069 3135 1157 3165 nen
1181 3122 1349 3166 babent.

86 3193 202 3250 quod
223 3194 501 3238 manducent.
533 3194 722 3239 Consule
755 3206 876 3250 ergo,
911 3200 958 3237 ut
990 3194 1259 3239 sanctificent
1292 3207 1339 3238 se

1426 1230 1491 1276 Sit
1514 1239 1691 1289 quarta,
1714 1234 1921 1277 instantia
1941 1234 2182 1290 vigiliarum
2200 1267 2212 1287 ‚
2236 1240 2284 1277 ut
2324 1242 2551 1291 postquam
2575 1248 2678 1279 caro

1423 1318 1501 1361 pet·
1517 1305 1823 1350 abstinentiam
1845 1306 1974 1350 fuerit
1998 1306 2171 1357 afflicta,
2190 1313 2233 1350 et
2253 1320 2375 1350 mens
2394 1321 2469 1363 per
2490 1309 2677 1363 gravita-

1421 1387 1508 1421 tem
1533 1378 1692 1422 silentii
1718 1383 1884 1420 matura
1925 1377 2051 1421 fuerit
2075 1377 2224 1421 effect-a
2240 1410 2252 1428 ,
2277 1390 2355 1433 per
2394 1379 2598 1433 quietem,
2623 1380 2678 1422 ab

1423 1451 1708 1505 occupatione
1743 1450 2027 1504 exteriorum,
2074 1451 2287 1494 internam
2323 1452 2676 1507 tranquillitatem

1423 1520 1603 1578 adepta,
1637 1534 1713 1577 per
1751 1522 2004 1564 instantiam
2041 1533 2143 1564 vero
2166 1505 2410 1576 vigiliarum
2445 1523 2674 1578 puritatem

1422 1600 1550 1637 nacta
1574 1595 1812 1645 internam,
1850 1595 1967 1637 illam
1999 1607 2187 1650 quoque,
2221 1607 2316 1650 quae
2342 1595 2458 1638 intus
2477 1595 2677 1640 lascivire

1423 1670 1547 1718 salet,
1569 1669 1822 1712 insolentem
1840 1668 2170 1711 instabilitatem
2189 1668 2315 1723 plene
2331 1668 2562 1719 sedans,in
2575 1681 2677 1724 quo-

1421 1741 1519 1783 dam
1541 1740 1629 1796 jam
1652 1740 1838 1797 gaudeat
1858 1741 1927 1784 die
1955 1739 2151 1790 Sabbati‚
2188 1740 2233 1782 in
2263 1734 2464 1784 claritate
2478 1739 2678 1783 videlicet

1422 1813 1579 1856 interni
1603 1813 1774 1857 secreti.
1802 1811 1870 1855 Sit
1894 1813 2176 1869 conjunctum
2221 1812 2412 1855 studium
2445 1825 2580 1856 sacrae
2615 1812 2678 1854 le>-

1421 1886 1597 1933 ctionis,
1617 1885 1760 1942 inquo
1776 1886 1894 1930 velut
1909 1886 1949 1928 in
1965 1886 2140 1942 speculo
2155 1884 2305 1928 faciem
2326 1897 2446 1929 suam
2462 1885 2676 1935 videntes,

1421 1959 1525 2015 quid
1547 1960 1610 2002 eis
1632 1959 1745 2003 adsit
1766 1959 1990 2009 decorum,
2016 1957 2132 2014 qitod
2156 1958 2219 2001 eis
2244 1958 2411 2013 placeat
2431 1990 2442 2002 ,
2470 1957 2572 2013 quid
2597 1958 2678 2000 t’oe-

1421 2032 1570 2075 ditatis
1593 2031 1706 2088 quod
1727 2030 1972 2086 displiceat,
1994 2029 2336 2086 deprehendant.
2364 2029 2415 2071 Et
2442 2036 2526 2071 tam
2548 2029 2599 2071 ad
2626 2029 2677 2070 il-

1421 2103 1494 2147 lud
1515 2102 1754 2159 agendum,
1781 2116 1910 2160 quam
1937 2103 2091 2146 adhoc
2118 2102 2422 2146 inveniendum
2451 2101 2551 2144 totis
2573 2101 2677 2144 riri-

1421 2179 1503 2222 bus
1528 2178 1749 2221 insistant.
1770 2177 1834 2220 Sit
1858 2184 1996 2225 sexta,
2015 2189 2123 2233 pura
2146 2175 2397 2224 meditatio,
2427 2182 2473 2217 ut
2495 2186 2675 2218 accensa

1423 2255 1630 2307 promptae
1661 2242 1922 2306 cognitionis
1959 2250 2134 2293 lucerna
2160 2248 2334 2291 domum
2367 2248 2526 2291 mentis
2555 2259 2677 2290 ever—

1420 2328 1544 2373 rant,
1571 2327 1720 2364 ettam
1740 2320 1813 2363 diu
1838 2325 1928 2362 tota
1969 2319 2191 2376 diligentia
2214 2324 2423 2374 quaerant,
2451 2329 2679 2374 quousque.

1421 2393 1644 2450 dragmam
1677 2391 1890 2449 perditam
1912 2394 2138 2450 reperiant.
2164 2391 2284 2448 (Luc.
2307 2404 2381 2442 xv,
2404 2391 2466 2448 8),
2492 2392 2534 2434 in
2551 2392 2675 2446 cuius

1422 2467 1576 2518 forma,
1598 2472 1641 2511 et
1666 2465 1834 2509 Domini
1856 2466 1924 2509 sui
1948 2472 2146 2522 quaerant
2169 2465 2398 2521 imaginem
2417 2471 2458 2507 ct
2473 2465 2675 2508 similitu-

1420 2540 1564 2584 dinem
1587 2539 1927 2596 deprehendant.
1960 2539 2026 2582 Sit
2053 2541 2252 2596 septima,
2281 2537 2425 2583 fervor
2445 2539 2546 2582 boni
2565 2538 2676 2583 desi-

1420 2614 1555 2667 derii,
1581 2619 1628 2657 ut
1662 2613 1756 2657 viso
1781 2613 1951 2655 tantillo
1988 2612 2165 2662 lumine,
2194 2612 2309 2668 quod
2345 2612 2459 2656 inest
2481 2611 2671 2668 imagini,

1420 2683 1696 2727 inardescant
1721 2683 1904 2739 amplius
1926 2683 1979 2726 ad
2001 2683 2251 2737 intuendam
2287 2682 2548 2734 claritatem,
2579 2695 2681 2738 quae.

1419 2754 1549 2798 estin
1573 2754 1664 2798 sole
1689 2754 1827 2811 ipsius
1855 2754 1945 2807 rei,
1975 2759 2017 2797 et
2046 2765 2123 2809 per
2158 2753 2470 2810 impatientiam
2505 2754 2675 2797 deside-

1419 2827 1531 2871 rium
1555 2828 1636 2870 hoc
1657 2826 1767 2870 ferre
1791 2838 1876 2869 non
1900 2827 2139 2878 sustinens,
2159 2833 2200 2869 et
2219 2832 2362 2870 tamen
2387 2838 2474 2881 prae
2505 2826 2674 2882 magni-

1420 2901 1569 2944 tudine
1591 2900 1775 2944 delicere
1793 2913 1882 2943 non
1899 2900 2065 2951 valens,
2085 2911 2172 2956 quo
2195 2898 2367 2955 longius
2391 2898 2602 2951 differtur,
2620 2911 2673 2942 eo

1419 2975 1557 3030 inagis
1580 2978 1620 3016 ct
1640 2983 1866 3030 augeatur.

1475 3045 1544 3090 lv.
1566 3046 1753 3101 Tempus
1778 3055 1843 3090 cst
1868 3051 1915 3090 ut
1935 3047 2025 3102 Jam
2057 3047 2222 3090 diutius
2253 3058 2340 3089 non
2366 3045 2620 3090 fraudentur
2648 3059 2671 3088 a

1419 3119 1635 3164 desiderio
1660 3132 1754 3168 suo,
1778 3121 1852 3164 sed
1878 3120 1935 3164 sit
1958 3120 2021 3164 eis
2041 3126 2194 3162 octava
2206 3118 2506 3169 sanctificatio,
2527 3131 2672 3174 perse·
2706 3141 2716 3149 ·

1418 3192 1612 3235 vexantia
1655 3192 1697 3234 in
1733 3192 1962 3244 oratione;
1994 3191 2064 3234 cui
2107 3189 2258 3233 tandiu
2293 3190 2509 3240 insistant,
2537 3190 2672 3232 donec

86 3267 215 3314 bodie
235 3269 310 3311 filii
329 3267 475 3318 lsrael,
496 3274 538 3312 et
561 3270 649 3313 sint
671 3270 826 3325 parati.
853 3269 962 3322 Quia
986 3270 1021 3314 si
1049 3271 1131 3313 hoc
1154 3270 1335 3325 egerint,
1364 3298 1398 3337 D
1422 3264 1528 3319 ipse,
1550 3277 1676 3320 (tuem
1700 3265 1987 3309 dssS‘lCffl‘fflldO
2004 3270 2219 3320 ‘lllaeslffitv
2245 3270 2286 3307 (Ξῖ
2310 3264 2541 3318 quaeiessdo
2558 3263 2674 3306 desi·

89 3352 264 3384 securos
280 3353 353 3384 eos
386 3341 511 3394 facio,
536 3342 635 3397 quia
653 3342 722 3385 die
745 3342 952 3390 crastina,
971 3342 1178 3391 videbunt
1201 3342 1339 3396 maje-

89 3408 241 3455 statem
265 3411 340 3456 Dei
364 3413 404 3455 in
431 3425 491 3457 se.
520 3412 616 3456 Filii
638 3412 770 3456 Israel
802 3413 982 3456 internae
1012 3419 1111 3456 sunt
1134 3413 1221 3456 illae
1239 3425 1338 3456 cor-

89 3484 156 3528 ‹lts
175 3473 475 3541 cogitat—iones,
496 3498 603 3541 quas
625 3499 676 3530 ex
700 3499 746 3530 se
766 3486 876 3530 bona
894 3485 1107 3530 desideria
1126 3499 1148 3528 a
1171 3485 1335 3542 Spiritu

36 3554 38 3556 ’
89 3561 239 3598 sancto
259 3562 484 3611 concepta,
513 3558 717 3612 gignunt;
752 3571 847 3613 quae
866 3557 1001 3600 Deum
1029 3570 1104 3613 per
1128 3557 1269 3608 tidem,
1296 3565 1340 3601 ct

90 3633 286 3671 sanctum
310 3627 518 3672 servorem
537 3629 701 3672 vident.
740 3629 887 3685 Neque
904 3630 1018 3673 enlin
1039 3643 1116 3685 per
1138 3629 1334 3672 affectum

91 3712 137 3744 se
163 3701 209 3743 in
242 3713 339 3744 eum
379 3700 676 3752 extenderent,
722 3702 803 3746 nisi
827 3703 948 3757 prius
973 3715 1050 3758 per
1071 3703 1333 3745 intellectum

90 3786 188 3816 eum
213 3772 485 3829 aliquatenus
503 3774 715 3818 viderent.
743 3774 795 3816 Hi
820 3775 893 3817 tilii
918 3774 1047 3819 lsrael
1065 3774 1338 3819 sanctificent

89 3851 131 3888 et
154 3850 396 3902 praeparent
428 3858 490 3897 se,
528 3852 574 3888 ut
606 3847 862 3890 sanctificati
897 3853 939 3890 et
971 3847 1198 3903 praeparati
1223 3847 1334 3889 diem

89 3923 338 3973 exspectent
369 3917 601 3961 crastinam
633 3931 731 3961 cum
757 3919 877 3962 omni
898 3920 1201 3964 sollicitudine.
1227 3919 1335 3972 Quia

91 3996 194 4034 tunc
220 3991 427 4035 videbunt
450 3992 719 4046 maJestatem
741 3991 815 4035 Dei
842 3993 909 4037 sui
934 3993 976 4036 in
1017 4006 1088 4046 se;
1134 3993 1340 4037 videbunt

24 4059 34 4068 ”
91 4067 132 4135 et
153 4061 335 4118 gloriam
358 4061 468 4117 ejus,
513 4063 588 4118 qui
620 4063 750 4106 etiam
774 4063 827 4106 ad
852 4064 932 4107 lioc
953 4063 1200 4115 descendet,
1236 4064 1337 4120 quia

91 4132 165 4176 isti
187 4134 353 4187 inimo,
382 4133 446 4179 illi
466 4141 607 4179 autem
627 4137 670 4178 in
690 4135 861 4179 sublimi
884 4143 999 4181 sunt.
1024 4136 1089 4180 Ad
1120 4137 1200 4180 hoe
1221 4137 1334 4182 enim

92 4206 338 4260 descendet,
362 4213 410 4252 ut
428 4208 593 4253 auferat
612 4209 666 4253 ab
686 4210 749 4255 eis
771 4222 940 4254 onmem
957 4211 1221 4266 languorem.

1421 3337 1600 3389 derant,
1623 3338 1769 3382 suavis
1797 3346 1838 3381 et
1870 3338 2023 3380 hilaris
2049 3337 2252 3379 illabatur
2285 3337 2508 3389 sensibus,
2553 3349 2671 3390 spem

1419 3423 1596 3464 eorum,
1633 3416 1676 3453 et
1713 3410 1973 3454 desiderium
2016 3409 2092 3467 [al.
2133 3422 2233 3464 spes
2264 3410 2466 3456 illorum:
2504 3408 2673 3452 deside-

1420 3483 1553 3540 rium]
1577 3483 1722 3527 cordis
1743 3496 1890 3533 eorum
1915 3474 2113 3526 tribuens
2136 3483 2214 3532 eis,
2237 3487 2278 3524 ct
2303 3482 2344 3524 in
2369 3482 2590 3524 wilentate
2616 3482 2674 3523 la-

1420 3555 1709 3610 liinrumvejus
1747 3569 1834 3599 non
1874 3554 2082 3599 fraudans
2113 3567 2188 3598 eos
2225 3554 2361 3610 (Paul.
2390 3568 2461 3605 xx,
2488 3553 2547 3609 5).
2588 3553 2670 3596 Sed

1422 3628 1555 3670 intret
1589 3627 1642 3669 ad
1680 3627 1793 3678 illos,
1821 3633 1866 3670 et
1887 3635 2027 3670 coenet
2054 3640 2154 3670 cum
2184 3628 2264 3677 eis,
2301 3627 2352 3669 dc
2375 3627 2447 3668 illa
2476 3627 2670 3669 claritate

1415 3699 1670 3750 habitaculi,
1695 3698 1808 3742 unde
1833 3704 2029 3742 recenter
2058 3698 2191 3749 venit,
2222 3697 2386 3753 aliquid
2413 3698 2475 3740 eis
2507 3697 2672 3739 favora-

1415 3771 1499 3814 bile
1522 3783 1755 3822 enarrans,
1781 3783 1869 3814 non
1887 3771 2031 3814 verbis
2057 3770 2325 3826 obstrepens,
2350 3769 2424 3812 scd
2447 3768 2670 3811 aflectibus

1415 3845 1673 3895 blandiens3
1711 3856 1796 3886 non
1830 3844 2010 3886 auribus
2047 3854 2223 3892 sonans,
2246 3841 2319 3885 sed
2349 3842 2552 3883 cordibus
2576 3841 2670 3881 illa-

1418 3915 1658 3969 l>ens3n0n
1678 3916 1869 3958 exterius
1884 3914 2108 3970 proferens
2123 3925 2381 3963 seruitutem,
2399 3913 2473 3954 sed
2488 3911 2668 3954 interius

1411 3987 1647 4033 infundens
1684 3989 1949 4039 unc‘faneni.
1989 3987 2061 4030 Sic
2097 3987 2243 4042 spinas
2267 3993 2308 4029 et
2331 3986 2530 4033 tribulos,
2557 3996 2664 4039 quos

1414 4062 1456 4105 in
1477 4061 1603 4105 horto
1624 4061 1817 4116 eoi-porte
1842 4061 1980 4105 nostri
2019 4066 2157 4104 mater
2191 4059 2277 4103 Era
2301 4058 2530 4114 plantavit,
2550 4058 2663 4113 jeju-

1412 4137 1532 4180 nium
1559 4137 1638 4180 etsi
1666 4121 1980 4187 amplitudinis
2002 4134 2208 4185 eradicet,
2230 4133 2297 4176 vel
2321 4132 2414 4175 solo
2438 4137 2564 4175 tenus
2595 4130 2662 4171 ab⁴

1420 4210 1579 4257 scindit
1601 4210 1844 4263 :silentium
1863 4208 1992 4255 noxia
2016 4208 2060 4253 in
2078 4219 2151 4251 ore
2170 4207 2298 4252 verba
2314 4204 2511 4253 destruit.
2535 4202 2659 4257 Quies

150 4280 266 4339 (262)
287 4281 365 4326 Ubi
391 4294 537 4340 supra.
574 4282 637 4326 Er<
666 4281 803 4339 primo
841 4297 1038 4339 respuis.
1078 4284 1202 4340 vigil..
1240 4283 1597 4328 natinDom‘mi.
