2924 4588
87 27 165 74 tot
867 22 1176 78 SERMONES.
1206 45 1264 58 -·-

83 196 257 240 maneat
278 191 392 249 apud
418 204 493 237 eos
513 191 624 238 duos
650 191 760 243 dies,
781 195 996 247 quatenus
1018 194 1062 233 et
1086 188 1219 232 corde
1240 200 1336 231 ere-

84 266 188 312 dant
219 265 274 310 ad
304 266 541 322 iustitiam,
565 271 610 310 et
639 278 714 310 ore
742 259 1031 309 confiteantur
1061 262 1116 305 ad
1150 262 1332 306 satutem

85 338 221 396 (Rom.
238 353 282 392 x,
302 339 372 396 10)
389 340 582 384 dicentes
597 354 609 384 ι
627 339 716 395 Ipsi
735 338 971 382 audivimus
989 343 1028 381 et
1045 337 1214 386 scimus,
1234 335 1333 391 quia

62 443 63 446 ι
84 412 149 455 hic
169 418 231 455 est
247 425 338 455 vere
355 410 552 456 Salvator
575 410 720 454 mundi
751 409 897 469 (Joan.
922 421 982 453 tv.
1005 408 1095 466 42).
1119 406 1213 450 Non
1229 418 1333 461 ergo

64 470 191 529 vnihil
214 484 315 532 boni
339 495 364 527 a
397 483 610 536 Samaria,
641 495 722 527 nec
752 481 1066 526 abominandus
1097 477 1334 522 Samarita-

81 566 192 600 nus:
216 567 314 599 cum
338 555 454 612 apud
476 568 575 600 eum
599 554 898 599 misericordia
933 554 1106 596 inventa
1131 550 1205 602 sit,
1237 561 1333 605 quae

10 618 13 666 ἶ
84 628 197 695 apud
221 626 491 672 sacerdotem
522 632 565 673 et
594 628 767 671 levitam
800 626 944 670 locum
966 625 1126 668 habere
1146 635 1232 666 non
1255 633 1333 678 po-

81 688 163 740 tuit
195 694 313 752 (Luc.
338 708 382 747 x,
401 694 490 751 55).

120 762 242 808 vttt.
274 763 376 816 Sed,
410 765 510 808 lieet
537 763 591 807 de
611 762 839 807 vocatione
868 762 1058 819 gentium
1081 761 1173 805 liaee
1199 762 1332 806 verba

0 866 3 875 ,
68 843 179 898 apte
201 838 382 895 intelligi
410 837 597 894 possint,
621 838 742 894 prius
765 837 928 893 aliquid
961 836 1005 878 in
1027 836 1091 879 eis
1122 835 1254 880 altius
1287 841 1330 879 et

81 909 337 968 profundius
360 921 620 967 quaeramus,
646 909 796 965 sieque
823 909 876 951 de
899 908 1120 952 montibus
1138 908 1331 963 superio-

79 995 175 1026 rum
193 995 400 1027 sensuum
420 982 475 1026 ad
492 993 668 1038 campos
688 981 907 1025 inferioris
926 980 1215 1037 intelligentiae
1231 993 1331 1025 eon·

77 1048 298 1102 venienter
339 1054 615 1112 postmodum
653 1054 981 1099 descendemus.
1030 1052 1158 1096 Salvo
1197 1053 1328 1109 igitur

77 1132 313 1189 unicuique
349 1131 570 1176 intellectu
596 1130 812 1174 subtiliori
843 1141 971 1185 quem
1005 1128 1046 1171 ei
1068 1133 1196 1184 prout
1218 1129 1325 1179 vult,

75 1194 120 1251 et
152 1204 326 1262 quando
360 1204 469 1256 vult,
501 1210 544 1248 et
570 1203 756 1260 qualiter
787 1204 896 1254 vult,
931 1209 973 1246 et
995 1207 1203 1259 quantum
1236 1202 1329 1246 vult

76 1278 252 1335 spiritus
289 1277 360 1320 ille
396 1275 594 1321 veritatis
634 1276 822 1329 revelat;
864 1275 972 1318 mihi
1009 1275 1182 1319 videtur
1210 1274 1328 1331 quod

72 1338 264 1407 egressio
286 1349 475 1401 Domini,
494 1348 684 1405 cognitio
714 1347 808 1404 ejus
831 1352 914 1398 est,
945 1361 1040 1404 quae
1071 1348 1236 1391 homini
1259 1348 1329 1391 in-

67 1411 288 1480 dulgetur.
325 1422 409 1476 Qui
442 1422 496 1467 de
532 1421 748 1479 profundo
781 1426 824 1465 et
860 1420 946 1463 alto
979 1420 1122 1464 Patris
1154 1420 1221 1463 sui
1257 1433 1328 1465 se·

72 1501 208 1548 creto,
234 1506 321 1552 quo
336 1495 463 1553 quasi
483 1494 670 1551 quadarn
697 1491 912 1544 custodia,
932 1491 1015 1536 boe
1037 1493 1150 1537 enim
1177 1492 1328 1536 Sama-

53 1567 137 1622 ,ria
154 1572 296 1619 sonat,
317 1568 370 1610 ab
393 1573 554 1612 aeterno
576 1565 828 1611 reconditus
845 1570 926 1617 est,
952 1566 1127 1622 quando
1151 1571 1193 1610 et
1213 1578 1324 1624 qua-

44 1651 45 1654 ’
71 1639 170 1684 liter
200 1639 337 1683 voluit
366 1639 634 1696 procedens,
666 1637 766 1681 inde
797 1642 941 1681 tamen
973 1650 1060 1681 non
1089 1639 1322 1684 recedens:

44 1745 45 1749 ,
70 1713 233 1766 exiens,
259 1726 346 1758 non
382 1714 532 1757 abiens
555 1716 703 1768 utpote
735 1723 865 1768 quem
891 1709 1020 1754 Pater
1052 1712 1212 1764 emisit,
1237 1725 1324 1756 non

71 1785 231 1837 amisit,
254 1785 487 1829 dest-inavit.
511 1787 553 1828 et
580 1784 774 1835 retinuit,
800 1784 853 1826 ad
877 1795 953 1827 cor
977 1782 1164 1828 bominis
1187 1786 1320 1836 veni-t,

70 1854 197 1913 eique
234 1869 258 1900 a
293 1855 423 1901 Patre
456 1855 509 1900 de
541 1854 669 1899 Patre
698 1853 988 1899 annuntiavit.
1021 1854 1148 1908 Quia,
1182 1862 1229 1898 ut
1264 1857 1324 1900 ait

69 1920 294 1985 theologus
317 1929 404 1979 ille,
433 1928 565 1971 Deum
593 1940 711 1971 nemo
732 1926 834 1969 vidit
855 1940 1054 1981 unquam.
1079 1926 1323 1984 Uniqenitua

70 2007 207 2044 autem
229 1999 268 2041 F
270 1999 385 2051 ilius,
421 2001 492 2056 qui
523 2005 584 2042 est
614 1999 658 2041 in
695 1999 790 2042 sinu
818 1997 964 2042 Patris
990 2000 1075 2054 ipse
1108 2001 1322 2044 enarravit

70 2070 211 2128 (Joan.
246 2085 290 2122 x,
325 2071 409 2126 18).
449 2069 545 2127 lpse
576 2069 790 2126 siquidem
818 2068 1030 2114 Dominus
1070 2078 1217 2115 noster
1250 2071 1322 2115 cui

42 2144 200 2189 -dixitz
221 2143 326 2189 Sede
352 2159 378 2187 α
411 2144 570 2187 dextris
603 2143 704 2186 mei-s
741 2142 878 2199 (Psoi.
908 2154 952 2194 x,
984 2141 1043 2200 1).
1065 2141 1190 2196 Quod
1212 2146 1320 2188 nulli

42 2288 226 2345 ‘tapnim
247 2288 374 2353 cujus
398 2287 531 2332 verba
562 2288 769 2344 iniquitas
800 2292 844 2330 et
870 2287 1012 2339 dolus,
1040 2289 1115 2343 qui
1139 2288 1222 2332 ait:
1253 2288 1320 2332 Si·

69 2359 178 2403 milis
200 2373 270 2403 ero
288 2351 506 2403 Altissimo
531 2358 639 2418 (Iso.
674 2372 763 2411 xtv,
788 2359 874 2417 lt).
900 2358 1011 2415 lpse,
1046 2359 1240 2416 inquam,
1264 2362 1324 2404 de

67 2433 235 2476 occulta
258 2434 330 2477 illa
362 2434 559 2478 custodia
590 2446 792 2489 egressus
813 2440 894 2485 est,
921 2440 968 2476 ut
991 2433 1127 2477 videri
1149 2441 1312 2489 posset.

65 2503 144 2558 Qui
164 2506 355 2562 quandiu
380 2507 424 2550 in
444 2507 518 2550 illa
546 2505 742 2550 Samaria
763 2504 862 2558 fuit,
886 2505 1024 2550 videri
1045 2519 1134 2549 non
1154 2508 1312 2563 potuit,

65 2589 143 2623 nec
167 2579 382 2623 ullatenus
403 2578 639 2630 videretur,
664 2579 752 2624 nisi
769 2579 1061 2635 egrederetur.

117 2647 191 2695 tx.
217 2650 369 2696 Nonne
391 2651 437 2694 in
465 2652 634 2695 occulta
656 2651 857 2696 custodia
878 2651 973 2703 fuit,
994 2651 1130 2707 quiin
1154 2646 1313 2703 ore‚'in

65 2721 208 2775 eorde,
235 2722 280 2766 in
313 2728 436 2766 utero
464 2722 578 2766 fuit?
616 2721 700 2766 Sed
735 2723 808 2765 ille
846 2722 971 2777 eujus
1007 2735 1079 2764 cer
1113 2724 1314 2766 eructavit

65 2792 230 2838 verbum
250 2795 401 2838 bonum
418 2794 558 2852 (Paul.
577 2807 695 2845 xttv,
716 2793 788 2851 2);
817 2794 904 2845 ille,
924 2807 998 2850 qut
1013 2794 1146 2837 dixit
1175 2793 1311 2838 Filius

65 2878 176 2910 mem
198 2881 241 2911 es
261 2875 304 2910 tu
317 2873 386 2912 et:
404 2881 476 2924 eqo
500 2867 618 2910 hodie
636 2866 959 2924 qenuiteffsal.
980 2880 1010 2909 ιι
1016 2868 1110 2923 ,;7)
1125 2869 1308 2913 etillud.

65 2937 117 2983 In
139 2939 423 2995 splendoribus
455 2948 710 2993 sanctorum,
743 2954 798 2984 ea:
831 2948 948 2984 utero
968 2949 1063 2984 ante
1095 2942 1312 2997 luciferum

62 3013 182 3070 qenai
202 3019 240 3056 te
262 3012 400 3070 (Paul.
433 3027 476 3065 x,
508 3013 568 3069 5).
601 3013 675 3057 llle
707 3014 865 3058 etiam:
896 3013 962 3056 Ea:
986 3015 1107 3070 cujtts
1139 3028 1209 3058 ore
1238 3029 1313 3059 sa·-

62 3085 217 3142 pt‘entia
250 3085 421 3141 prodiit,
447 3087 725 3143 primogenita
755 3094 852 3130 ante
879 3100 1040 3130 omnem
1072 3097 1310 3133 creaturam

63 3153 212 3214 (Et-cli.
236 3157 431 3216 xx1v‚'5'7.
458 3158 580 3211 Quod
602 3159 655 3202 ab
675 3164 834 3208 aeterno
859 3159 904 3202 in
925 3160 1075 3203 eadem
1098 3161 1308 3216 sapientia

62 3229 262 3285 concipit,
281 3230 395 3286 quod
418 3231 462 3274 in
487 3232 637 3275 eodem
655 3231 787 3275 verbo
801 3244 880 3276 suo
897 3232 1041 3283 habet,
1067 3232 1183 3288 quod
1208 3245 1307 3277 eum

59 3367 285 3432 utriusque
302 3375 589 3433 beneplacito,
612 3378 820 3434 coaequali
843 3377 1041 3421 videlieet
1057 3379 1121 3422 eis
1139 3384 1181 3422 et
1195 3390 1308 3422 eoae-

59 3452 182 3503 terno
203 3448 259 3493 ab
290 3454 474 3506 utroque
503 3457 706 3495 manante
741 3450 904 3507 Spiritu
951 3457 1126 3505 sancto,
1154 3453 1306 3498 adesse

59 3516 277 3576 proprium
300 3531 540 3566 ereaturam
564 3524 776 3579 perduxit.
810 3522 856 3566 ln
891 3523 1072 3567 formam
1104 3525 1305 3581 quodque

60 3603 179 3635 suam
211 3595 458 3639 rationabili
479 3595 567 3653 46
594 3596 743 3640 ordine
776 3596 977 3640 distinxit
1009 3610 1086 3652 per
1117 3598 1227 3650 loca,
1261 3604 1304 3642 et

59 3655 250 3722 tempora
277 3658 372 3712 sua.
407 3668 531 3712 Sorte
562 3669 735 3724 quidem
761 3669 991 3725 aliquando
1014 3670 1201 3722 diversa,
1226 3671 1303 3715 sed

59 3732 231 3782 omnino
253 3751 443 3796 congrua
467 3741 630 3784 divisit.
652 3741 815 3786 Videas
835 3747 991 3786 cuneta
1009 3755 1104 3798 quae
1121 3742 1298 3796 fecerat,

58 3808 150 3864 quae
180 3817 221 3854 et.
250 3812 435 3856 necdum
479 3812 592 3857 facta
622 3814 755 3867 vidit;
778 3821 819 3857 et
849 3821 972 3858 erant
1006 3828 1094 3858 non
1126 3816 1299 3871 quidem

59 3881 326 3938 simpliciter,
352 3884 429 3928 sed
451 3884 553 3928 dum
577 3885 870 3929 additamento
902 3887 1020 3930 valde
1047 3887 1152 3930 bona
1173 3885 1295 3944 (Gen.

2 4008 4 4013 ι
58 3947 88 4005 t,
114 3954 199 4013 51).
225 3955 372 3999 Adfuit
402 3957 547 4014 itaque
574 3960 756 4014 sapienti
779 3958 867 4002 Deo
890 3972 1059 4015 semper
1088 3961 1298 4016 sapientia

56 4031 150 4079 sua,
169 4026 296 4083 qnam
314 4030 495 4085 possedit
512 4031 555 4074 in
577 4031 693 4074 initio
711 4033 871 4074 viarum
888 4046 1060 4075 suarum
1078 4036 1298 4090 antequam

57 4092 277 4154 quidquam
299 4095 451 4155 [ciceret
469 4115 495 4144 a
510 4103 709 4157 principio
730 4102 872 4160 (Prov.
893 4116 990 4155 vin,
1009 4103 1099 4159 Ὦ).

0 4169 1 4175 ’
111 4169 164 4213 X.
190 4171 413 4223 Quomodo
429 4175 545 4219 enim
566 4177 696 4220 sciret
723 4189 799 4233 per
828 4190 936 4234 quas
964 4179 1180 4222 actionum
1205 4180 1297 4225 vias

2 4255 4 4260 ¹
57 4244 272 4295 operando
291 4245 521 4301 incederet,
540 4247 627 4292 nisi
645 4252 689 4292 in
705 4249 798 4304 ipsa
815 4249 1006 4303 videret;
1031 4251 1097 4294 vel
1113 4252 1297 4307 qualiter

57 4311 215 4370 aliquid
241 4315 425 4371 faceret:
450 4319 488 4364 si
519 4332 608 4365 non
640 4320 745 4378 quid
768 4327 883 4366 esset
911 4321 1154 4367 faciendum
1180 4323 1224 4365 in
1245 4335 1296 4367 ca

1297 21 1352 66 IN
1382 21 1643 66 ADVENTU
1674 22 1878 67 noallNl.

84 120 200 166 tanis
238 117 292 164 ad
327 118 637 165 infundendam
671 109 737 164 eis
767 116 1050 162 dilectionem
1086 108 1300 173 geminam
1318 147 1330 167 ,
1355 119 1392 165 Α
1414 115 1698 171 agnosceret?
1720 113 1919 158 Nondum
1944 122 2064 158 erant
2095 116 2250 174 abyssi,
2274 125 2314 160 et
2344 119 2437 175 ipsa
2451 120 2666 175 jamnon..

60 3302 210 3345 eodem
243 3303 331 3346 filio
372 3315 452 3348 suo
483 3304 711 3355 consulit,
747 3310 920 3349 astante
963 3305 1305 3350 incommutabili
1329 3308 1365 3351 D

2579 34 2663 79 tea

1414 195 1532 243 cepta
1547 194 1638 231 erat
1653 187 1791 242 (ibid,
1812 187 1904 244 at),
1920 188 2096 244 quando
2119 191 2387 244 praeparabat
2406 195 2541 238 eoelos
2564 195 2667 239 ade-

1413 260 1597 316 rat.lNee
1616 261 1787 304 mirum.
1807 260 1859 303 Et
1878 260 2362 317 quomodotenebrosos
2371 269 2414 306 et
2423 266 2666 321 profundos

1414 334 1512 377 illos
1540 335 1736 390 spiritus,
1768 339 1989 390 apostatas
2011 336 2187 391 angelos
2221 337 2395 393 loquor,
2420 337 2663 397 damnaret,

1411 406 1481 450 vel
1504 406 1602 451 illos
1618 406 1692 462 qui
1715 412 2021 450 remanserunt
2045 406 2087 450 in
2115 409 2344 454 sanctitate
2366 411 2662 467 confirmaret,

1412 479 1498 523 nisi
1518 491 1597 535 per
1623 485 1881 523 coaeternam
1907 479 2161 534 sapientiam
2187 493 2309 524 suam
2344 485 2474 528 sciret
2490 491 2533 528 et
2567 499 2662 529 ma·

1413 549 1500 592 lum
1534 550 1650 605 quod
1678 550 1958 606 reprobaret,
1984 551 2028 594 in
2067 552 2176 604 illis,
2209 553 2456 611 bonumque
2487 558 2667 615 eligeret

1413 621 1520 680 (Iso.
1538 635 1617 672 vu,
1640 622 1727 679 15),
1746 623 1860 678 quod
1876 630 2172 668 remuneraret
2190 627 2373 670 inistis?
2394 627 2557 685 ltaque,
2581 643 2665 675 an·

1411 701 1583 751 tequam
1607 704 1754 739 essent
1778 695 1942 752 abyssi,
1961 698 2161 753 concepit
2184 710 2296 751 eam,
2313 699 2525 754 judicium
2551 705 2594 747 in
2612 717 2663 750 ea

1409 779 1618 812 exercens
1637 779 1737 824 erga
1754 769 1929 812 easdem
1952 769 2131 827 abyssos
2149 771 2458 817 damnationis.
2477 774 2662 828 Quando

1409 840 1681 897 praeparabat
1707 840 1842 884 coelos
1861 848 2118 897 praesentem
2144 844 2346 897 habebat,
2372 846 2464 902 ipsa
2488 848 2552 892 sie
2573 850 2664 894 dis--

1408 918 1610 968 ponente,
1631 912 1815 969 gratiam
1839 914 2002 958 eisdem
2029 915 2152 959 coelis
2173 916 2407 963 conferens
2430 921 2664 965 confirma·

1409 986 1557 1032 tionis.

1453 1057 1536 1101 xl.
1559 1056 1748 1100 Necdum
1767 1059 1900 1113 sontes
1921 1069 2368 1116 aquarumeruperant
2394 1062 2538 1119 (Prov.
2563 1075 2661 1118 vm,

1407 1130 1498 1187 24),
1527 1129 1640 1174 dona
1665 1132 1830 1175 scilicet
1850 1132 2086 1188 gratiarum
2122 1141 2438 1189 processerant.
2468 1134 2658 1179 Necdum

1407 1210 1578 1248 montes
1602 1204 1722 1259 gravi
1763 1205 1876 1248 mole
1911 1205 2223 1249 constiterant:
2256 1207 2433 1261 superbi
2459 1207 2659 1251 videlicet

1407 1275 1642 1320 damnabili
1671 1276 1995 1332 periculositate
2018 1275 2104 1333 [ot.
2125 1279 2423 1334 perversitate.
2444 1277 2460 1335 l
2483 1291 2661 1323 corrue-

1405 1354 1519 1400 rant,
1545 1348 1716 1403 etipsa,
1743 1347 1966 1400 subaudis,
1980 1353 2190 1403 concepta
2206 1354 2327 1392 erat:
2348 1355 2511 1392 certam
2530 1362 2662 1405 super

1406 1423 1475 1467 bis
1505 1422 1620 1479 apud
1654 1434 1701 1466 se
1734 1421 2027 1466 definitionem
2057 1421 2237 1466 liabens.
2260 1420 2414 1465 Adhuc
2450 1435 2551 1466 ecce
2571 1435 2658 1468 non

1405 1496 1568 1539 fecerat
1597 1501 1639 1539 et
1674 1494 1849 1537 flumina
1879 1496 1934 1550 et]
1956 1494 2156 1538 cardines
2188 1494 2307 1539 orbis
2344 1501 2494 1539 terrae:
2521 1509 2660 1552 popu-

1404 1568 1472 1612 los
1505 1567 1668 1617 fideles,
1689 1574 1732 1611 ct
1748 1568 1952 1622 praelatos
1968 1566 2173 1611 Ecclesia:
2204 1567 2445 1612 catholicae.
2476 1567 2659 1621 Quando

1403 1647 1522 1685 certa
1541 1641 1632 1698 lege
1654 1646 1696 1684 et
1714 1653 1820 1697 gyro
1837 1640 2028 1684 vallabat
2047 1638 2255 1696 abyssos:
2277 1641 2471 1685 ordinem
2489 1643 2657 1687 eonsti-

1402 1719 1530 1758 tuens
1560 1714 1773 1768 reprobis,
1798 1719 1841 1756 et
1857 1724 2107 1757 mensuram
2130 1713 2330 1768 qualiter,
2356 1718 2397 1756 et
2429 1722 2659 1771 quousque

1403 1785 1447 1829 in
1481 1785 1710 1840 iniquitate
1748 1795 1829 1827 sua
1863 1782 2243 1839 progrederentur.
2282 1784 2464 1835 Quando
2495 1786 2657 1829 aetltera

1403 1857 1604 1901 firmabat
1626 1869 1818 1908 sursum,
1844 1862 1886 1900 ct
1913 1856 2102 1900 librabat
2138 1856 2279 1901 fontes
2307 1870 2542 1913 aquarum:
2568 1858 2656 1903 ele·

1402 1934 1496 1972 etos
1514 1929 1804 1971 corroborans
1826 1928 1869 1970 in
1888 1928 2119 1971 desideriis
2134 1935 2410 1979 aeternorum,
2426 1929 2658 1975 conferens

1401 2002 1464 2045 eis
1498 2013 1675 2045 suarum
1711 2000 1824 2043 dona
1862 2001 2116 2056 gratiarum.
2150 2001 2331 2054 Quando
2359 2003 2656 2047 circumdabat

1401 2075 1528 2126 mari,
1552 2074 1780 2131 gentilitati
1804 2074 2003 2118 videlicet
2029 2075 2222 2119 saevienti
2243 2076 2474 2119 terminum
2500 2090 2651 2120 suum:

1401 2160 1454 2191 ne
1477 2148 1659 2191 ulterius
1683 2147 1984 2204 persequendo
2015 2147 2201 2192 saeviret.
2227 2147 2280 2190 Et
2305 2149 2439 2204 legem
2469 2150 2656 2206 ponebat

1352 1181 1386 1225 B

68 2219 318 2275 angelorum
357 2217 480 2261 dixit
518 2216 642 2270 Quod
674 2221 822 2259 tamen
857 2215 940 2260 sibi
975 2223 1319 2272 praesumptuose
1340 2244 1372 2289 C
1402 2219 1550 2275 aquis,
1576 2232 1631 2263 ne
1653 2220 1886 2262 transirent
1910 2219 2017 2263 fines
2036 2232 2177 2264 suos:
2201 2220 2529 2277 dispositionem
2559 2229 2652 2266 sta·

1398 2299 1525 2338 tuens
1555 2293 1955 2349 persecutionibus,
1988 2306 2042 2339 ne
2074 2300 2212 2338 metas
2249 2296 2646 2351 transgrederentur

1396 2366 1606 2410 divinitus
1646 2367 1928 2422 praestitutas.
1969 2366 2151 2420 Quando
2190 2368 2460 2424 appendebat
2495 2369 2652 2414 funda-

1395 2444 1541 2482 menta
1576 2446 1727 2483 terrai:
1765 2450 1959 2483 summos
2001 2451 2219 2484 exornans
2255 2439 2375 2484 viros
2411 2440 2647 2492 Ecclesiae,

1394 2523 1494 2555 cum
1529 2524 1582 2555 eo
1617 2524 1734 2555 eram
1773 2517 1932 2555 cuncta
1970 2524 2253 2569 componens.
2295 2513 2405 2567 Quia
2446 2514 2646 2559 universa

1393 2598 1492 2629 cum
1514 2598 1566 2630 eo
1589 2585 1820 2643 disposuit..
1846 2585 1926 2630 Cui
1947 2585 2004 2630 sit
2025 2586 2167 2631 honor
2183 2593 2227 2631 et
2244 2587 2379 2643 gloria
2404 2587 2450 2630 in
2471 2587 2644 2632 saecula.

1392 2655 1545 2700 Amen.

1867 2742 2053 2789 SERMO
2073 2742 2164 2789 xil.

1587 2846 1693 2878 tren
1716 2846 1921 2880 nonistca
1944 2847 1976 2879 ιι
2008 2847 2052 2879 tx
2073 2849 2270 2881 ιιυιἙιιτυ
2288 2848 2452 2882 nonum.

1420 2923 1581 2977 Quibus
1601 2925 1737 2969 modia
1760 2925 1838 2968 Dei
1860 2925 2085 2970 invisibilis
2100 2926 2156 2970 ad
2172 2940 2246 2971 nos
2261 2928 2440 2983 cognitio
2459 2927 2611 2972 veniat.

1391 3012 1595 3058 Srnorsts
1622 3013 1923 3058 sunnonis-..2—
1944 3014 1987 3058 i.
2011 3013 2380 3060 incommutabilis
2403 3016 2459 3059 ab
2479 3021 2644 3061 aeterno

1445 3068 1518 3113 Dei
1530 3070 1739 3125 sapientia
1754 3083 1830 3124 per
1843 3070 2101 3114 creationem
2114 3073 2226 3114 niani
2235 3070 2485 3116 testata—2.
2502 3073 2641 3124 Quam

1432 3125 1614 3169 -oeeulta
1639 3128 1682 3168 in
1702 3126 2020 3181 reprobatione.
2048 3133 2091 3170 et
2108 3127 2317 3171 electione
2339 3135 2538 3170 ereatura
2563 3141 2636 3171 ra-

1443 3181 1634 3224 tionalis.
1660 3181 1773 3224 —5.
1799 3181 1843 3225 ln
1867 3182 2002 3225 Jacob
2024 3183 2166 3232 electi,
2189 3183 2230 3225 in
2262 3182 2374 3227 Esau
2400 3183 2643 3238 figurantur

1443 3238 1631 3292 reprobi.
1648 3261 1705 3269 —-
1720 3238 1760 3280 l..
1779 3239 1887 3291 Quid
1907 3251 1940 3281 5.
1932 3240 1962 3280 ι
1985 3238 2209 3282 Dominum
2228 3240 2371 3294 egredi
2393 3241 2443 3282 ad
2468 3246 2636 3295 portam

1443 3293 1649 3337 Orientis.
1678 3318 1733 3325 —-
1751 3272 1795 3338 5.
1816 3294 1899 3338 Pet
1902 3301 1944 3336 ta
1967 3293 2156 3338 Orientis
2179 3296 2355 3350 triplex:
2384 3296 2538 3350 prima,
2566 3309 2637 3338 ra·-

1445 3351 1505 3393 tio
1555 3349 1807 3410 naturalis,
1863 3351 2014 3401 altera,
2066 3359 2268 3406 aspectus
2319 3351 2632 3394 creaturarum.

1442 3429 1497 3437 -—-
1522 3406 1565 3449 6.
1578 3405 1740 3448 Tertia
1760 3412 1845 3456 est,
1869 3406 2142 3451 Ostensionis
2166 3407 2326 3450 divina
2345 3431 2402 3438 --
2421 3408 2460 3450 7.
2481 3406 2635 3462 Tripli-

1441 3463 1505 3506 cis
1530 3468 1663 3517 portae
1686 3462 1794 3505 ordo
1812 3463 2074 3506 conveniens
2097 3464 2150 3506 ab
2166 3462 2375 3518 Apostolo
2398 3475 2448 3518 pe
2453 3463 2572 3506 titus
2578 3486 2634 3494 ——-

1439 3519 1481 3562 8.
1502 3519 1706 3562 Veritatis
1725 3519 1985 3562 damnabilis
2002 3519 2207 3574 cognitio,
2228 3531 2356 3575 quam
2378 3531 2464 3561 non
2497 3517 2634 3561 comi-

1442 3582 1558 3618 tatur
1590 3587 1687 3617 zera
1720 3575 1906 3629 justitia,
1943 3580 1986 3618 et
2022 3575 2211 3618 dilectio
2239 3600 2294 3606 -
2327 3575 2369 3618 9.
2410 3573 2555 3628 impiis
2589 3580 2633 3615 et

1439 3633 1549 3674 mala
1568 3638 1610 3675 et
1636 3630 1779 3673 bona
1770 3643 1812 3673 in
1833 3631 1991 3674 malum
2017 3635 2318 3697 cooperantur.
2338 3654 2394 3662 —
2414 3629 2482 3673 10.
2500 3628 2536 3683 A
2556 3643 2580 3672 ι
2585 3642 2631 3674 a-

1437 3688 1521 3729 ῐιιιε
1518 3694 1573 3730 ιιθ
1594 3687 1867 3741 cogitationis
1886 3693 2018 3729 ruunt
2048 3688 2092 3729 in
2123 3687 2350 3729 stultitiam
2390 3685 2551 3739 operis.
2573 3709 2632 3718 -

1439 3743 1508 3793 it,
1534 3743 1700 3795 Quibus
1723 3743 1930 3798 gradibus
1963 3754 2015 3786 ac
2044 3742 2323 3786 incrementis
2345 3741 2398 3784 ad
2421 3740 2631 3797 perditio·

1435 3812 1534 3842 nem
1560 3804 1782 3842 sternatur
1809 3799 1898 3844 via.

1388 3901 1391 3903 ’
1436 3890 1676 3943 Quomodo,
1713 3889 1887 3941 fratres,
1922 3887 2173 3932 transitorio
2207 3893 2360 3930 nostro
2387 3886 2539 3937 verbo,
2572 3884 2627 3930 de

1380 3964 1453 4007 illo
1486 3965 1710 4020 loquemur
1728 3963 1805 4021 [ol.
1824 3963 2124 4020 loquebamur]
2142 3962 2292 4012 verbo,
2313 3959 2427 4016 quod
2450 3961 2492 4002 in
2508 3960 2627 4013 prin-

1379 4037 1483 4090 cipio
1501 4044 1592 4078 erat
1609 4035 1721 4092 apud
1742 4035 1891 4087 Deum,
1921 4042 1960 4077 et
1982 4034 2094 4077 Dens
2119 4042 2224 4077 erat.
2245 4033 2328 4076 Per
2344 4031 2452 4088 quod
2484 4032 2624 4074 omnia

1378 4109 1490 4164 facta
1510 4116 1622 4159 sunt,
1644 4117 1683 4151 et
1700 4109 1788 4151 sine
1816 4109 1904 4163 ipso
1928 4107 2084 4163 sactum
2103 4114 2164 4150 est
2194 4106 2296 4149 nihil
2321 4104 2464 4162 (Joan.
2501 4116 2532 4155 t,
2560 4104 2622 4157 1),

1378 4182 1422 4224 in
1443 4173 1612 4237 quo,·et
1633 4181 1746 4237 quod
1773 4181 1930 4223 factum
1951 4185 2017 4223 est
2041 4181 2084 4222 in
2104 4180 2183 4222 eo?
2206 4178 2339 4221 Filius
2369 4184 2509 4219 autem
2535 4187 2622 4218 non

1378 4253 1480 4296 facit
1499 4254 1751 4308 quidquam,
1782 4253 1866 4296 nisi
1895 4252 2010 4307 quod
2043 4251 2158 4294 videt
2179 4249 2348 4292 Patrem
2376 4249 2619 4290 facientem.

1377 4325 1484 4378 Quia
1503 4338 1750 4380 qttoecunque
1774 4325 1842 4368 itte
1860 4325 2015 4378 fecerit,
2033 4323 2118 4366 leoec
2134 4330 2172 4365 et
2186 4322 2324 4364 Filius
2340 4319 2533 4363 similiter
2551 4316 2619 4372 ,fa-
