2924 4588
223 201 307 249 917

223 294 462 341 miseranda
485 290 714 335 concessit.
743 279 903 333 Deinde
932 261 1037 331 con
1019 283 1163 327 ordia
1185 280 1296 327 inter
1322 295 1369 326 se
1387 282 1453 325 l'a-
1477 286 1511 330 Α
1535 282 1698 327 dinatis
1735 283 1938 327 omnibus
1960 286 2005 335 in
2038 278 2285 326 promiansi
2305 277 2581 329 monasterio.
2606 279 2774 322 decimo

219 375 303 417 cta,
329 367 395 410 his
420 365 558 407 tribus
579 361 780 417 [utribus
797 359 859 403 sic
877 357 1083 402 dividitur
1104 354 1350 410 imperium.
1371 354 1456 398 Ca-

220 440 337 483 rolus
370 450 394 480 a
425 437 531 478 mari
565 434 813 476 Brimmico
836 443 971 486 usque
995 429 1049 472 ad
1073 427 1247 472 fluvium
1274 426 1455 478 Mosam,

219 516 381 564 partem
406 506 617 556 obtinuit,
645 503 865 556 Lothario,
901 514 924 544 a
949 499 1067 544 Mosa
1099 509 1236 555 usque
1259 498 1311 541 ad
1341 497 1457 541 Rhe-

219 590 319 621 num
354 575 546 624 fluvium,
572 575 740 630 Belgica
774 572 910 616 Gallia
931 571 1080 622 cessit,
1102 581 1198 626 quae
1221 581 1356 624 usque
1379 567 1456 611 ho-

218 650 285 693 die
303 648 599 702 bothan-ingia,
639 659 719 689 suo
751 644 925 687 nomine
960 642 1085 686 solita
1118 647 1184 685 est
1212 642 1452 696 appellari:

210 720 457 765 {aldovieus
480 726 620 763 autem
646 730 668 760 a
692 716 844 761 Rheno
867 728 1017 760 versus
1038 714 1256 758 Orientem
1284 726 1453 758 omnem

214 791 513 842 Germaniam,
547 790 872 839 Alemanniam,
906 795 947 831 et
976 786 1205 830 Bavariam
1251 786 1295 829 in
1338 791 1455 830 sorte

216 864 420 920 suscepit.

217 934 320 979 Item
343 935 393 978 de
420 933 559 977 eodem
588 932 794 977 Ludovico
822 934 1071 989 imperatore
1090 931 1274 987 versifice
1308 942 1455 974 narra-

759 1002 868 1032 mus.

212 1079 393 1124 Carolus
410 1080 627 1137 egregium
652 1078 800 1135 genuit
823 1089 967 1135 regem
994 1076 1278 1127 Ludovicum,

211 1151 345 1205 Quem
376 1152 487 1196 Deus
511 1153 740 1196 almificum
766 1151 848 1196 sibi
870 1149 1159 1206 consormavit
1185 1152 1392 1203 amicum,

266 1224 376 1281 Lege
400 1237 475 1269 sua
502 1225 642 1269 clerus
668 1226 767 1280 ,iure
785 1234 968 1267 vocatur
992 1224 1140 1268 herus.

210 1297 289 1340 iiic
314 1303 433 1354 pater
459 1297 691 1341 Ecclesiam
717 1295 839 1340 vario
874 1298 1075 1351 praevenit
1102 1297 1280 1346 bonore,

211 1369 354 1421 Veste,
374 1369 515 1421 dome,
534 1382 695 1422 cerere,
721 1370 845 1425 cujus
871 1370 949 1412 luit
967 1374 1093 1412 aucta
1121 1368 1283 1420 favore,

264 1442 366 1486 lure
387 1455 465 1488 suo
484 1444 639 1499 legitur
660 1443 836 1500 grandis
856 1443 1016 1499 ubique
1035 1443 1142 1487 l'ore.

211 1516 291 1560 llic
321 1517 519 1572 proprias
540 1517 732 1561 habitare
753 1516 921 1568 domos,
948 1516 1204 1573 equitesque
1231 1522 1393 1566 tenere,

207 1588 295 1632 Nos
327 1589 445 1641 facit,
471 1595 512 1634 et
527 1596 646 1634 veste
668 1589 784 1634 varia
807 1589 1036 1646 griseaque
1062 1589 1215 1641 nitere,

263 1661 391 1707 Nisus
406 1668 448 1706 et
472 1663 676 1718 accipiter
699 1663 779 1706 hac
802 1675 971 1718 quoquc
997 1658 1087 1719 lege
1111 1663 1247 1706 sedet.

209 1734 324 1778 Talis
346 1734 482 1778 bonor
503 1734 617 1779 clero
638 1734 717 1777 nisi
743 1733 912 1778 Caesare
935 1734 1063 1776 dante
1086 1733 1269 1783 veniret,

206 1804 377 1850 Grande
401 1818 535 1863 genus
558 1806 760 1850 comitum
782 1807 886 1850 cleri
905 1806 1008 1862 juga
1031 1807 1149 1849 nulla
1183 1807 1362 1858 subiret,

260 1877 441 1923 Rustica
464 1891 519 1923 ne
552 1879 686 1931 lieret,
712 1879 938 1923 nobilitate
951 1879 1079 1934 viget.

204 1951 295 1998 Rex
323 1953 450 1999 bomo
484 1953 748 2005 Catholicus,
781 1953 911 2005 fovet,
938 1959 1080 2009 auget,
1109 1957 1310 2010 amatque
1345 1955 1446 1998 bea-

1231 2024 1333 2081 [tos,

199 2095 394 2153 Suscipit
416 2105 458 2144 et
486 2105 629 2144 ternos
647 2099 794 2145 divino
819 2114 1000 2147 vmunere
1024 2109 1166 2154 natos,

258 2169 377 2223 Quos
401 2170 503 2215 facit
526 2180 566 2216 et
586 2185 718 2229 regno
735 2174 995 2231 participare
1022 2187 1117 2219 suo.

203 2242 361 2286 Dividit
382 2244 451 2287 hic
478 2247 634 2300 proles,
656 2247 888 2290 subdividit
920 2254 962 2292 ct
983 2247 1204 2303 regiones,

203 2316 402 2360 Attamen
426 2317 593 2374 imperii
619 2330 811 2363 summos
833 2319 959 2363 babet
989 2331 1103 2363 unus
1126 2318 1331 2370 honores,

260 2388 343 2433 Sed
374 2390 460 2434 duo
479 2391 630 2446 reliqui
655 2391 756 2437 sede
778 2405 925 2437 carere
944 2393 1106 2438 dolent.

201 2463 382 2510 Climate
402 2465 585 2521 sejuncti
604 2471 722 2516 sunt,
743 2479 829 2510 non
854 2466 1096 2511 diademate
1117 2467 1273 2519 iuncti,

206 2534 290 2582 Sed
319 2547 458 2595 neque
480 2537 697 2594 pontilicis
721 2538 920 2583 manibus
944 2539 1196 2584 scribuntur
1219 2539 1383 2583 inuncti
1403 2573 1414 2593 ,

256 2607 317 2651 lta
337 2610 480 2665 gravis
498 2610 645 2665 pueris
673 2622 915 2666 guerraque
937 2622 1092 2667 magna
1122 2611 1219 2654 suit.

205 2679 324 2724 Unus
344 2681 457 2738 apud
478 2680 668 2727 Francos
691 2681 920 2727 Lotharius
947 2683 1050 2727 orbe
1068 2685 1245 2735 resedit,

200 2750 380 2797 Carolus
397 2758 462 2796 est
487 2753 616 2804 alter,
642 2754 712 2796 cui
731 2753 931 2810 Sequana
949 2753 1085 2798 Gallia
1107 2755 1237 2807 cedit,

255 2824 438 2871 Climata
460 2823 651 2869 Bavariae
667 2826 728 2870 sic
752 2826 997 2872 Ludovicus
1018 2828 1160 2873 babet

201 2912 262 2956 De
287 2911 481 2959 Lotkario
502 2916 760 2970 imperatore,
787 2916 876 2971 filio
903 2915 1113 2970 Ludovici,
1145 2918 1442 2975 septuagesimo

672 2972 722 3015 ab
761 2971 962 3030 Auyusto

253 3041 399 3086 Diviso
422 3041 684 3087 Francorum
710 3057 861 3101 regno,
883 3046 1135 3099 Loth-arius,
1160 3047 1230 3090 cui
1257 3052 1302 3089 ut
1323 3046 1438 3098 dixi,

201 3127 298 3158 cum
326 3114 604 3172 Lotharingia
643 3115 886 3160 Romanum
920 3117 1150 3174 imperium
1181 3118 1439 3170 devenerat,

202 3188 550 3245 septuagesimus
585 3190 641 3234 ab
684 3190 878 3246 Augusto
920 3192 1162 3247 imperavit.
1204 3192 1442 3248 Theophilo

199 3268 388 3316 mortuo,
430 3263 602 3319 filioque
638 3264 732 3324 ejus
771 3264 975 3312 Micliaele
1013 3267 1127 3325 apud
1174 3266 1346 3312 Graecos
1390 3269 1435 3311 in

200 3336 306 3380 urbe
333 3337 450 3392 regia
492 3337 744 3392 imperante,
780 3336 1015 3382 Normanni
1047 3352 1123 3395 per
1149 3324 1334 3396 Ligerim
1361 3340 1441 3384 flu·

198 3407 315 3451 vium
337 3408 565 3462 intrantes,
590 3410 788 3454 civitates
810 3411 1016 3468 quasdam
1045 3414 1305 3469 irrumpunt,
1326 3422 1368 3458 et
1395 3415 1438 3458 in

205 3478 393 3524 Sabbato
420 3488 571 3525 sancto
597 3481 774 3527 Paschae
804 3483 1055 3545 episcopum
1085 3497 1138 3529 ex
1161 3498 1280 3531 more
1308 3499 1434 3544 gene·
1460 3492 1495 3538 D
1515 3488 1613 3538 iret,
1633 3493 1717 3530 tam
1736 3498 1790 3530 ex
1812 3485 1974 3537 calore,
1999 3498 2130 3542 quam
2154 3487 2372 3531 morsibus
2407 3498 2679 3537 aranearum,
2712 3487 2755 3530 in
2819 3475 2839 3522 s

198 3551 290 3600 rale
319 3552 581 3610 baptismum
608 3555 914 3607 celebrantem,
943 3569 1039 3600 cum
1068 3557 1238 3606 clericis
1270 3559 1435 3604 interfi-

198 3623 345 3680 ciunt;
363 3637 412 3669 ac
436 3626 771 3684 circumquaque
788 3628 950 3681 diffusi,
971 3634 1169 3675 cunctam
1191 3630 1304 3675 ferro
1319 3630 1436 3675 nam-

197 3707 353 3755 maque
377 3703 593 3744 vastantes
615 3700 899 3757 provinciam,
933 3702 1290 3758 andegavensem
1325 3716 1433 3759 quo·

198 3779 299 3824 que,
321 3781 372 3812 ac
395 3768 688 3815 'turonensem
720 3778 983 3828 occupantes
1006 3772 1151 3826 urbes,
1177 3773 1297 3821 Beati
1321 3773 1435 3818 Mar·

197 3842 277 3889 tini
298 3843 522 3887 ecclesiam
541 3857 733 3890 cremare
755 3858 842 3890 non
859 3853 1074 3893 verentur.

255 3913 316 3960 Eo
345 3922 533 3974 tempore
551 3917 749 3967 Carolus,
775 3919 861 3971 cui,
887 3924 934 3962 ut
957 3927 1086 3979 supra
1104 3920 1209 3974 dixi,
1233 3920 1436 3966 Occiden-

202 3985 306 4028 talia
340 3998 472 4042 regna
511 3988 556 4032 in
591 3988 804 4034 divisione
826 3998 1062 4043 cesserant,
1098 3995 1212 4052 capit
1232 3993 1434 4038 Carolum

199 4067 342 4113 regem
367 4057 622 4116 Aquitaniae,
644 4073 694 4105 ac
708 4062 1007 4120 episcoporum
1030 4065 1231 4116 consilio,
1259 4072 1434 4112 tonsum

201 4129 457 4174 monachum
480 4130 710 4180 suessione
733 4135 779 4182 in
795 4137 1058 4181 monasterio
1083 4135 1230 4184 Sancti
1245 4137 1435 4187 Medardi

202 4199 320 4246 fecit.

257 4271 392 4319 Porro
422 4272 653 4322 Lotharius
691 4279 921 4334 imperator
958 4282 1098 4331 tribus
1120 4281 1220 4329 ssliis
1245 4284 1336 4330 suis
1364 4296 1430 4329 re·

201 4353 334 4399 guum
369 4347 485 4403 quod
518 4359 618 4393 eum
656 4350 919 4407 contigerat,
956 4354 1180 4410 partitur:
1217 4354 1435 4401 Ludovico

203 4415 367 4462 ltaliam
390 4431 487 4466 cum
517 4420 691 4466 nomine
716 4426 990 4477 imperatoris
1006 4458 1018 4477 ‚
1049 4426 1252 4472 Lotbario
1276 4427 1432 4473 Lotba·

205 4488 401 4546 ringiam,
432 4489 587 4537 Carolo
605 4491 877 4540 Provinciam
903 4498 1078 4544 tradens
1099 4515 1108 4554 ;
1130 4500 1220 4558 ipse
1239 4515 1339 4547 vcro
1363 4514 1434 4546 ur-

568 164 597 197 “
1146 178 1440 250 conantum
1471 181 1848 230 menatensis

1475 1354 1509 1396 Β
1531 1381 1646 1426 gam,
1672 1380 1863 1413 sororem
1900 1368 2070 1414 abbatis
2091 1367 2345 1425 Huguberti.
2368 1368 2462 1412 Non
2497 1367 2644 1411 multis
2676 1373 2775 1423 post

1463 2416 1497 2461 C
1522 2403 1741 2443 vatorum,
1765 2390 1819 2434 ad
1858 2403 2038 2447 regnum
2062 2388 2225 2443 Galliae,
2261 2390 2375 2447 quod
2416 2389 2598 2434 Carolus
2636 2389 2770 2435 frater

2691 184 2775 230 948

1535 360 1657 399 sexto
1682 353 1851 410 imperii
1884 354 1952 398 sui
1984 339 2081 409 post
2117 358 2298 412 mqrtem
2332 351 2467 407 patris
2510 356 2640 401 anne,
2677 361 2781 394 mo-

1534 428 1702 471 nachus
1717 427 1914 471 efficitur.

1589 499 1698 544 Vide
1718 500 1778 543 ad
1800 505 2010 555 quantum
2042 497 2259 542 desectum
2282 493 2522 540 Romanum
2547 494 2773 554 imperium

1533 573 1770 629 devenerit,
1814 572 1999 622 scilicet,
2033 577 2079 613 ut
2112 569 2268 614 intres
2299 576 2444 625 partes
2477 568 2616 613 diviso
2640 581 2775 624 regno

1533 645 1817 697 Francorum,
1848 643 1986 688 tertiae
2009 644 2147 699 partis
2169 641 2296 687 tertia
2320 653 2422 697 pars
2442 646 2559 685 esset
2587 641 2683 697 eius
2698 641 2776 684 im-

1534 719 1718 775 perium.

1589 791 1697 836 Cum
1732 789 1864 847 igitur
1901 788 2151 839 Lotbarius,
2173 788 2370 845 deposito
2390 784 2564 844 cingulo
2591 786 2772 838 militiae,

1532 865 1772 908 monachus
1791 863 1925 916 lieret,
1956 874 2071 906 anno
2088 862 2143 906 ab
2171 862 2469 906 incarnatione
2487 860 2653 905 Domini
2670 860 2774 911 845,

1531 934 1778 980 Ludovicus
1803 933 1916 977 lilius
1943 932 2081 989 ipsius
2107 933 2299 988 Lotbarii
2325 932 2629 977 serenissimus
2650 942 2775 975 sexa-

1532 1009 1721 1065 gesimus
1740 1042 1743 1045 .
1765 1007 1918 1053 tertius
1959 1007 2015 1050 ab
2047 1007 2242 1062 Augusto
2271 1005 2506 1050 Octaviano
2525 1037 2537 1056 ,
2583 1004 2774 1061 suscepit

1531 1080 1777 1136 imperium,
1794 1087 1895 1123 tunc
1915 1080 1958 1122 in
1982 1079 2352 1134 Constantinopoli
2377 1084 2580 1135 regnante
2596 1077 2771 1130 Basilio,

1531 1152 1607 1208 qui
1628 1150 1849 1195 occiderat
1865 1145 2132 1194 Michaelem.

1587 1222 1710 1266 Tunc
1741 1222 1978 1267 Lotharius
2012 1222 2145 1266 frater
2181 1224 2294 1279 ejus,
2337 1221 2410 1279 qui
2451 1217 2773 1278 Lotbaringiam

1531 1308 1610 1351 pro
1624 1302 1746 1352 parte
1762 1297 1882 1352 regui
1902 1301 2168 1351 susceperat,
2189 1295 2354 1352 accepit
2372 1308 2548 1339 uxorem
2567 1293 2774 1339 The-›bir-

1531 1441 1702 1493 diehus,
1727 1440 1913 1487 Carolus
1937 1440 2073 1486 frater
2089 1443 2228 1499 ipsius
2259 1441 2470 1494 Lotharii,
2495 1442 2568 1499 qui
2590 1440 2773 1484 Provin-

1530 1515 1640 1557 ciam
1661 1527 1740 1572 pro
1763 1521 1885 1571 parte
1902 1515 2022 1572 regni
2040 1521 2307 1572 susceperat,
2332 1516 2529 1559 moritur.
2556 1513 2678 1558 Unde
2689 1513 2774 1557 Lo-

1530 1587 1699 1631 thurius
1734 1586 1869 1630 frater
1892 1586 2004 1642 ejus,
2031 1587 2106 1644 qui
2131 1599 2310 1644 regnum
2343 1586 2519 1631 tenebat
2541 1585 2786 1648 Lotliarinf

1529 1660 1625 1716 gize,
1651 1669 1800 1704 contra
1825 1666 2025 1716 patruum
2064 1673 2190 1705 suum
2214 1660 2434 1712 Carolum,
2479 1660 2554 1716 qui
2599 1659 2774 1706 tenebat

1529 1733 1823 1788 Aquitaniam,
1852 1732 2090 1777 contendit.
2116 1731 2282 1778 Interea
2301 1732 2414 1777 idem
2438 1731 2670 1777 Letharius
2695 1733 2772 1778 ab·
2812 1725 2816 1729 ⁸

1529 1807 1616 1849 bati
1644 1806 1906 1864 Huguberto,
1946 1805 2070 1852 fratri
2099 1807 2266 1852 scilicet
2298 1807 2457 1864 reginae
2495 1807 2642 1852 uxoris
2662 1818 2771 1856 suae,

1534 1878 1739 1924 ducatum
1784 1881 1897 1925 inter
1938 1878 2300 1926 Mentem-lurum
2347 1885 2389 1924 et
2438 1877 2776 1924 Mentem-lovis

1528 1953 1762 1997 commisit.

1579 2024 1716 2071 Porro
1739 2038 1814 2070 rex
1834 1996 2097 2077 Ludovicus,
2126 2025 2234 2069 alter
2253 2029 2431 2081 patruus
2455 2022 2591 2080 ipsius
2611 2021 2772 2070 Letha-

1527 2101 1598 2151 rii,
1629 2101 1706 2157 qui
1738 2099 2012 2144 Germaniam
2051 2106 2096 2143 et.
2139 2098 2364 2142 Bavariam
2414 2097 2599 2152 tenebat,
2637 2097 2771 2141 multa

1525 2173 1671 2230 praelia
1693 2178 1846 2218 contra
1879 2171 2030 2217 Slavos
2066 2172 2292 2229 magnifice
2316 2171 2472 2228 gessit,
2508 2177 2769 2228 captumque

1525 2247 1760 2305 principem
1776 2258 1940 2294 corum,
1965 2245 2119 2297 Rastil,
2139 2246 2375 2289 luminibus
2392 2245 2589 2301 privavit.
2611 2243 2769 2290 Deinde

1523 2318 1636 2363 idem
1660 2317 1906 2362 Ludovicus
1938 2330 2029 2369 rex,
2070 2317 2235 2362 scilicet
2252 2314 2581 2367 Germanorum,
2609 2322 2652 2362 et
2686 2316 2778 2364 Ba-.

1524 2465 1618 2521 ejus
1636 2465 1682 2507 in
1704 2463 1916 2508 divisione
1930 2464 2050 2520 regni
2069 2470 2309 2520 acceperat,
2334 2476 2356 2506 a
2370 2463 2626 2521 quibusdam
2646 2463 2766 2520 prin-

1523 2536 1691 2592 cipibus
1715 2537 1850 2591 ipsius
1872 2534 2019 2579 Galliae
2041 2541 2238 2587 vocatus,
2277 2535 2321 2578 in
2362 2541 2507 2592 partes
2544 2531 2644 2580 illas
2663 2547 2765 2580 cum

1523 2610 1712 2655 exercitu
1738 2608 1926 2662 transiit,
1951 2614 1992 2652 et
2012 2620 2192 2665 regnum
2217 2608 2360 2652 Caroli
2386 2607 2531 2652 fratris
2559 2608 2623 2652 sui
2647 2606 2768 2655 inva-

1523 2683 1595 2735 sit,
1620 2689 1662 2727 ct
1685 2694 1819 2738 usque
1840 2680 2034 2726 Senonas
2058 2683 2282 2739 processit.
2303 2681 2512 2738 Cumque,
2531 2680 2683 2726 relicto
2707 2681 2765 2724 ibi

1524 2755 1733 2806 exercitu,
1779 2754 1830 2798 in¹
1862 2751 2136 2798 Germaniam
2153 2787 2164 2807 ‚
2205 2753 2514 2811 Bavariamque
2564 2753 2763 2807 redisset,

1522 2827 1754 2885 principes,
1769 2828 1953 2884 quicum
1974 2827 2075 2870 illuc
2093 2828 2397 2889 invitaverunt,
2421 2827 2465 2872 in
2487 2826 2670 2884 gratiam
2695 2839 2767 2871 re·

1521 2903 1588 2959 gis
1612 2905 1679 2946 sui
1702 2902 1939 2947 redierunt.
1962 2900 2083 2946 Unde
2103 2902 2320 2946 exercitus
2339 2900 2546 2963 Ludovici
2563 2932 2576 2954 ,
2610 2901 2684 2958 qui
2704 2900 2764 2945 ibi

1522 2980 1803 3026 remanserat,
1829 2987 1853 3018 a
1871 2971 2009 3018 Gallia
2031 2973 2151 3033 exire
2170 2975 2457 3032 compellitur.

1577 3048 1654 3094 llis
1674 3049 1840 3100 diebus,
1869 3047 2073 3093 Saraceni
2097 3061 2150 3093 ex
2175 3048 2321 3093 Africa
2342 3047 2584 3107 progressi,
2621 3047 2758 3094 Bene-

1521 3114 1804 3166 ventanorum
1824 3121 2060 3178 regionem,
2088 3134 2183 3177 quae
2204 3121 2305 3165 olim
2329 3122 2563 3166 vocabatur
2592 3119 2762 3165 Samni-
2831 3126 2834 3149 ³

1522 3202 1630 3246 tum,
1655 3196 1953 3240 devastabant.
1988 3194 2151 3238 Contra
2173 3207 2283 3252 quos
2313 3194 2544 3251 imperator
2575 3192 2762 3238 Ludovi·
2823 3188 2841 3291 ξ

1521 3280 1614 3319 cus,
1636 3268 1802 3313 viribus
1819 3276 1994 3324 repente
2024 3268 2309 3324 undecunque
2330 3266 2581 3320 contractis,
2606 3265 2769 3314 Lollia·¹
2818 3307 2819 3310 ,
2921 3264 2924 3294 ²

1520 3341 1631 3384 rium
1661 3340 1837 3385 tratrem
1863 3352 1990 3385 suum
2015 3342 2057 3383 in
2083 3340 2341 3396 adjutorium
2366 3339 2531 3383 invitat.
2554 3339 2636 3392 Qui
2659 3349 2759 3383 cum

1518 3416 1709 3459 exercitu
1737 3415 1960 3471 ingressus
1977 3413 2159 3466 ltaliam,
2178 3427 2278 3457 cum
2303 3414 2447 3471 inique
2467 3418 2509 3458 et
2526 3415 2760 3459 enormiter
2837 3438 2840 3443 >

2917 3487 2924 3589 -...-
2918 3413 2924 3444 -—
2919 3333 2924 3368 .-

1515 3571 1685 3616 poenam
1710 3560 1935 3615 culparum
1957 3572 2150 3613 suarum,
2169 3559 2222 3604 de
2239 3566 2363 3616 gente
2382 3572 2459 3606 sua
2478 3560 2636 3606 multos
2649 3560 2751 3605 ami-

1515 3632 1586 3675 sit
1613 3630 1708 3688 lpse
1732 3643 1903 3688 quoque
1921 3629 2185 3676 Lotharius
2175 3645 2219 3675 m
2243 3633 2310 3676 via
2335 3633 2484 3678 morbo
2506 3638 2753 3719 correptus,

1515 3706 1627 3762 apud
1648 3705 1912 3751 Placentiam
1937 3707 2058 3750 obiit.
2831 3743 2845 3750 ,.

1569 3778 1750 3823 Carolus
1771 3783 1914 3822 autem
1935 3791 2011 3822 rex
2034 3778 2195 3831 Galliae,
2223 3778 2367 3822 audita
2391 3784 2527 3823 morte
2542 3778 2750 3831 Lotbarii,
2816 3744 2832 3859 ς
2893 3798 2896 3803 ·

1514 3863 1692 3908 regnum
1738 3851 1849 3906 ejus,
1891 3851 2055 3896 scilicet
2095 3850 2435 3907 Lothariugiam,
2471 3851 2648 3895 invadit.
2685 3850 2752 3895 Act
2802 3906 2805 3909 y
2837 3839 2842 3903 l

1515 3924 1604 3968 haec
1625 3924 1858 3978 imperator
1877 3923 2137 3976 Ludovicus,
2164 3924 2303 3980 ipsum
2323 3936 2500 3986 regnum
2518 3923 2750 3970 Lotbarin-

1514 3997 1608 4051 giae,
1627 4008 1724 4039 cum
1745 3995 1900 4040 Carolo
1919 4001 2074 4055 patruo
2091 3981 2187 4045 suo,
2200 3996 2343 4040 habita
2360 3997 2472 4041 inter
2487 4006 2533 4042 se
2550 3997 2750 4054 pactione
2806 3963 2828 4023 ‘4

1514 4066 1675 4111 divisit.
1689 4065 1750 4109 lta
1766 4074 1908 4110 tamen
1920 4066 2037 4125 quod
2058 4066 2301 4110 Ludovicus
2319 4067 2568 4123 imperator,
2593 4066 2750 4123 Aquis·
2800 4053 2839 4132 fi

1513 4139 1636 4195 grani
1655 4138 1860 4196 palatium
1869 4150 1968 4186 cum
1984 4150 2064 4188 sua
2087 4139 2281 4196 portione
2297 4138 2487 4183 liaberet.
2507 4138 2602 4184 Non
2613 4141 2749 4184 multo
2808 4132 2835 4189 ἓξ

1514 4216 1611 4270 post
1635 4218 1826 4268 tempore
1844 4217 2081 4264 transacto,
2105 4210 2352 4268 Adalgisius
2372 4209 2456 4255 dux
2483 4211 2747 4265 Beneventa-
2795 4227 2807 4268 .‘

1513 4295 1613 4335 nus,
1638 4282 1721 4328 sub
1744 4283 1900 4327 fiducia
1921 4282 2186 4335 Graecorum,
2212 4282 2429 4338 adiunctis
2451 4282 2535 4327 sibi
2562 4273 2747 4339 Campa-⁴

1513 4354 1599 4407 nis,
1619 4354 1821 4414 Lucanis,
1846 4359 1975 4411 atque
2010 4354 2295 4407 Samnitibus,
2317 4353 2536 4399 Ludovico
2559 4354 2746 4411 impera-

1513 4427 1597 4471 tori
1633 4426 1841 4471 rebellare
1878 4429 2093 4483 proponit.
2134 4425 2369 4483 Imperator
2399 4427 2544 4484 itaque
2575 4427 2744 4472 collatis

1515 4499 1650 4558 copiis
1671 4488 1960 4546 Beneventum
1981 4499 2092 4544 bello
2115 4499 2291 4544 invadit.
2312 4498 2389 4544 Cui
2408 4498 2667 4558 Adalgisi‘us,
2689 4498 2743 4544 ad
2796 4521 2803 4541 a
2821 4521 2827 4551 2

2911 3705 2924 3882 F0=

2904 3986 2924 4252 22:¹⁹3-

2895 4288 2924 4556 ἐὔξῃ
