2924 4588
207 124 289 171 815

256 172 276 198 s

1086 109 1255 165 Anam
1284 103 1871 162 PRAEMONSTRATENsts

2683 103 2768 150 6¹6

208 198 437 260 sanctitate
455 177 648 259 veritatis
671 212 844 272 (ephes.
878 222 936 264 tv,
960 211 1059 282 ξι).
1084 210 1359 254 Audemusne
1381 207 1446 250 di·
1468 201 1503 252 Ᾱ
1523 200 1784 258 irrv'qcmdum
1806 199 2052 255 paradisum
2076 198 2091 253 (
2105 194 2206 240 Gen.
2233 206 2281 248 ιι,
2305 196 2357 240 to
2373 195 2405 252 ).
2431 193 2542 249 Quid
2565 195 2647 239 hoc
2669 195 2773 240 est?

210 298 335 339 σοι-ε,
362 287 475 343 quod
516 292 619 329 tunc
660 259 903 341 paradisum
918 281 1155 340 plantavit,
1188 279 1359 337 quando
1395 283 1441 319 ut

213 362 321 406 erdo
342 362 421 407 iste
446 361 689 433 Canom'cus
713 360 1035 408 institueretur,
1060 356 1142 413 ipsi
1166 355 1302 411 primo
1326 351 1442 394 Patri

214 441 364 479 nostro
389 434 636 490 inspiravit?
665 433 708 476 Si
732 440 872 476 autem
907 433 997 475 haec
1018 431 1104 475 duo
1130 427 1440 492 conceduntur,

214 512 348 550 curet
366 506 479 550 istud
499 506 670 549 tertium
689 517 775 548 non
800 503 1065 552 admittatur,
1091 502 1170 544 hoc
1189 512 1283 544 esse
1308 497 1444 540 homi·

212 593 309 625 nem
333 580 445 623 hunc
471 579 608 635 ipsum
633 578 676 620 in
715 577 913 634 paradiso
939 587 1112 632 ponere,
1138 573 1214 623 illi,
1237 581 1361 627 quem
1385 570 1444 611 ir-

211 652 402 696 radiante
423 652 567 708 gratiae
598 663 683 694 suae
703 650 858 706 jubare
880 649 1030 694 notitia
1053 648 1117 690 sui
1147 642 1373 692 illuminat,
1400 647 1444 684 ιιι

214 724 311 767 huic
333 736 378 768 se
400 723 537 766 ordini
564 722 781 764 humiliter
798 719 1016 775 subjiciat,
1039 714 1278 771 inspirare?
1302 712 1444 768 ipsum

213 796 249 839 si
272 796 424 851 placet,
454 794 680 838 verborum
703 782 897 835 ordinem
921 787 1203 836 considerate,
1221 784 1444 841 plantavit,

214 868 429 919 soi-mavit,
454 866 613 924 posuit.
635 865 759 909 Dedit
775 876 852 920 per
879 874 1047 907 servum
1068 871 1191 903 suum
1214 863 1450 917 praecepta,

214 953 264 984 ac
289 941 419 996 legem
445 939 556 989 vitae,
581 944 623 980 et
640 938 902 994 disciplinae,
932 936 1048 977 illum
1072 944 1197 989 quem
1232 930 1286 973 ad
1316 929 1446 972 vitam

213 1012 513 1069 praeordinavit
535 1018 752 1064 aeternam,
776 1008 993 1052 intellectu
1020 1003 1230 1062 spirituali
1253 1008 1294 1047 et
1315 1001 1449 1044 ratio-

215 1084 344 1128 nabili
373 1082 632 1127 venustando
650 1081 878 1125 illustravit
904 1080 999 1122 luce
1021 1076 1168 1134 gratiae
1190 1087 1304 1126 suae;
1330 1078 1451 1128 post-

215 1168 263 1200 ea
287 1155 509 1212 inspiravit
529 1155 566 1197 ei
587 1187 596 1205 ,
619 1162 664 1196 ut
688 1152 914 1197 Canonicre
935 1164 982 1195 se
1005 1150 1254 1205 subjugaret
1277 1147 1449 1189 institu-

215 1230 336 1272 tioni.
357 1226 407 1271 Et
429 1240 522 1283 quoe
543 1228 702 1270 utilitas
737 1225 833 1268 huic
856 1224 1015 1268 homini
1038 1223 1079 1265 in
1098 1223 1181 1266 isto
1201 1221 1300 1277 poni
1320 1231 1446 1275 para·

1522 273 1727 329 irrigetur
1744 270 1974 327 paradisus
1989 300 2001 320 ,
2026 279 2080 311 ne
2098 271 2282 312 arescat.
2303 266 2552 311 Renovet-ur
2570 266 2693 318 ordo,
2715 277 2772 312 ne

1523 345 1826 387 inveterescat.
1868 338 2160 403 visitantibus
2188 337 2402 394 siquidem
2439 342 2622 382 matrem
2652 338 2770 395 litiis,

1523 417 1630 460 ordo
1668 421 1917 470 reparatum
1939 425 2034 467 quae
2071 410 2263 456 salubria
2300 417 2429 463 sunt,
2455 410 2769 462 instituuntur,

1523 488 1767 545 egrediente
1788 485 1917 528 fluvio
1939 485 1992 528 de
2030 485 2126 527 loco
2150 483 2408 539 voluptatis,
2429 480 2481 525 ad
2506 480 2774 539 irrigandum

1525 559 1789 616 paradisum.
1804 558 1854 600 Et
1873 557 1970 613 quis
1986 557 2056 601 hic
2074 555 2196 600 locus
2214 554 2463 612 voluptatis.
2481 553 2685 598 Dicamus
2708 553 2776 598 in-

1525 635 1665 683 terim,
1685 632 1722 676 si
1738 638 1882 675 tamen
1921 629 2220 675 itadicendum
2242 634 2330 681 est,
2356 627 2472 685 quod
2488 628 2610 672 locus
2623 628 2778 672 volun-

1527 709 1626 751 tatis
1651 705 1842 750 Ecclesia
1866 710 1931 750 est
1948 702 2398 761 Praemonstratensis.
2426 700 2523 745 Non
2544 701 2779 758 voluptatis

1526 781 1728 830 carnalis,
1741 791 1822 822 nou
1838 777 2071 834 voluptatis
2084 775 2333 829 mundialis;
2348 774 2421 820 sed
2443 775 2674 830 voluptatis
2683 774 2776 828 Dei,

1526 854 1650 908 cujus
1696 858 1887 896 torrente
1930 855 2049 910 potat
2072 862 2164 901 eOS,
2191 850 2265 905 qui
2307 850 2350 892 in
2396 849 2581 905 tegmine
2614 848 2779 892 alarum

1526 939 1701 970 suarum
1748 931 1922 981 sperant
1943 923 2089 982 (Psal.
2111 937 2240 974 xxxv,
2266 923 2340 979 9).
2387 921 2448 966 De
2483 922 2565 966 hoc
2589 923 2782 978 volupta-

1527 1002 1584 1044 tis
1606 999 1701 1042 loco
1734 997 1887 1052 fluvius
1922 997 2249 1054 egreditur-,quo
2281 995 2514 1040 paradisus
2554 995 2777 1052 irrigatur,

1529 1085 1624 1116 cum
1654 1071 1697 1114 in
1725 1070 1917 1129 Ecclesia
1956 1069 2357 1115 Proemonstratensi
2380 1102 2392 1122 ,
2412 1081 2507 1126 quae
2542 1074 2679 1113 mater
2714 1070 2783 1113 est

1528 1151 1693 1195 nostra,
1714 1143 1903 1203 salubria
1928 1143 2229 1200 instituuntur,
2244 1148 2293 1187 ut
2307 1142 2397 1200 ipse
2417 1143 2523 1187 ordo
2539 1149 2780 1199 reparetur.

1585 1217 1656 1262 xt.
1677 1217 2118 1273 Cujusinstitutiones
2130 1228 2229 1261 cum
2245 1215 2392 1273 plures
2403 1216 2506 1270 sint,
2519 1216 2597 1259 hos
2614 1227 2786 1272 auoque
2813 1207 2815 1210 ¹

217 1301 338 1345 diso?
359 1301 488 1344 Multa
506 1313 578 1356 pei·
600 1311 768 1342 omnem
789 1298 977 1352 niodum,
993 1296 1097 1338 Nam
1118 1294 1339 1352 prcemissa
1361 1292 1449 1335 vir·
1476 1273 1508 1320 ¹3
1533 1291 1805 1347 potissimum
1827 1290 2033 1334 informat
2054 1289 2660 1346 poenitentes,gubernantem
2683 1301 2786 1345 ope*

218 1381 307 1418 tute
325 1374 592 1422 humilitatis⁷
616 1385 709 1429 quae
728 1371 907 1414 aliarum
931 1378 973 1415 et
995 1382 1123 1413 causa
1142 1374 1207 1411 est
1228 1367 1449 1416 virtutum,

217 1452 259 1490 et
281 1446 495 1497 custodia,
521 1447 643 1489 honis
668 1458 762 1488 euin
791 1444 863 1488 ille
896 1443 1108 1486 bonorum
1133 1440 1324 1484 omnium
1346 1436 1454 1481 Lar-

218 1521 329 1577 gitor
345 1527 386 1562 et
409 1518 720 1562 Itcinuneratoi·
742 1517 945 1573 operibus
966 1521 1161 1564 exornat,
1186 1526 1279 1570 quae
1300 1513 1362 1556 sic
1387 1511 1454 1554 in-

218 1592 435 1636 tuentibus
473 1593 589 1634 clara
625 1598 722 1635 sunt
746 1591 799 1633 ad
836 1591 1087 1642 seientiam;
1114 1594 1161 1631 ut
1189 1586 1455 1630 imitantibus

221 1665 367 1717 suavia
393 1665 479 1707 sint
503 1663 556 1706 ad
582 1663 887 1718 experientiam
909 1676 919 1714 ;
944 1661 1188 1717 producens
1205 1660 1286 1703 hoc
1310 1657 1453 1710 inodo,

220 1736 270 1780 de
292 1737 427 1786 Ιιιιηιυ,
451 1749 568 1777 onum
592 1736 746 1791 liquam
770 1735 985 1790 pulchrum
1003 1735 1109 1784 visu,
1156 1733 1267 1777 etad
1293 1746 1456 1776 vescen-

220 1808 317 1852 dum
340 1822 462 1852 suave
488 1807 616 1865 (Gen.
648 1821 695 1860 ιι,
720 1808 745 1851 9
761 1809 789 1863 ).
810 1808 948 1851 Decor
970 1810 1114 1864 itaque
1152 1808 1254 1864 ligni
1278 1818 1457 1863 operum

219 1880 445 1933 bonorum,
474 1887 679 1937 quantum
702 1879 754 1923 ad
772 1887 989 1936 aspectum
1013 1877 1458 1936 cognitionis;suari-

222 1962 287 2002 tas
305 1967 422 2007 vero,
445 1960 651 2011 quantum
668 1953 720 1996 ad
746 1959 917 2010 gustum
933 1952 1185 1996 affectionis.
1202 1951 1348 2008 ltaque
1364 1950 1459 2007 pul·

223 2029 373 2072 chrum
397 2029 507 2079 visu,
535 2033 708 2084 propter
724 2027 1010 2083 cognitionem
1049 2026 1275 2079 veritatis,
1300 2022 1354 2068 ad
1386 2035 1461 2067 ve·

223 2099 428 2146 scendum
445 2113 575 2145 suave
584 2107 758 2157 propter
775 2100 973 2145 affectum
992 2098 1235 2143 charitatis.

278 2171 333 2218 X.
363 2171 472 2218 Ecce
494 2171 592 2217 dico
620 2173 770 2217 vobis:
798 2172 932 2216 levate
955 2171 1105 2215 oculos
1127 2175 1291 2215 vestros
1305 2204 1318 2223 ,
1336 2177 1377 2214 et
1398 2169 1463 2214 vi·

224 2248 320 2295 dete
337 2247 451 2290 viros
482 2246 527 2290 in
562 2246 713 2289 ordine
741 2251 890 2289 nostro
915 2244 1165 2302 religiosos,
1194 2249 1352 2289 sanctae
1365 2256 1464 2288 con-

225 2320 481 2365 versationis
515 2319 729 2363 exercitiis
748 2353 759 2374 ,
781 2331 833 2363 ex
860 2319 1018 2363 virtute
1052 2317 1309 2370 ,humilitatis
1333 2317 1465 2374 prod·

227 2393 430 2438 euntibus
452 2394 726 2447 insistentes;
751 2405 844 2449 quae
860 2398 924 2437 cst
940 2391 1180 2446 videntibus
1199 2392 1457 2448 fulgescunt,

228 2469 271 2509 et
293 2464 613 2522 experientibus
629 2465 903 2515 dulcescunt;
926 2466 1154 2522 ipsumque
1178 2463 1305 2508 initis
1322 2462 1462 2506 onini-

227 2536 308 2581 bus
331 2535 584 2589 collaudate,
610 2538 680 2593 qui
707 2537 779 2581 dat
797 2537 1013 2592 virtutem,
1034 2543 1076 2581 et
1099 2534 1359 2580 fortudinem
1375 2536 1465 2592 ple-

229 2609 271 2653 bi
295 2622 382 2654 suae
400 2607 535 2667 (Paul.
555 2622 683 2659 txvn,
703 2609 789 2663 56).
811 2609 1017 2666 Operatur
1039 2609 1083 2653 in
1107 2609 1270 2654 sanctis
1292 2599 1397 2658 suis,
1424 2615 1463 2651 et

230 2681 343 2734 velle,
368 2689 405 2724 et
437 2683 630 2738 perficere
659 2696 734 2737 pro
764 2683 867 2726 bona
898 2683 1104 2726 voluntate
1128 2681 1257 2740 (ΡΙιιΙ.
1284 2695 1330 2734 ιι,
1354 2682 1424 2739 15)
1451 2696 1461 2726 :

232 2755 473 2811 producens
505 2755 557 2799 de
583 2757 711 2800 burno
734 2769 859 2801 omne
891 2757 1070 2812 lignum,
1094 2756 1320 2814 pulchrum
1347 2754 1462 2808 visu,

239 2833 280 2870 et
303 2828 354 2870 ad
375 2828 632 2871 vescendum
655 2841 799 2873 suave.
830 2827 914 2873 Sed
934 2829 1075 2884 vigent
1097 2834 1201 2872 tunc
1225 2841 1354 2884 quain
1372 2841 1465 2871 ma·

238 2899 350 2945 xime
376 2902 577 2945 exercitia
602 2907 760 2945 sanctae
791 2902 1133 2948 conversationis
1152 2934 1165 2955 ‚
1188 2914 1285 2947 cum
1312 2902 1469 2946 admit-

234 2974 406 3019 tendum
427 2975 601 3031 jubetur
633 2989 739 3032 opus
758 2977 996 3028 charitatis,
1023 2983 1066 3021 et
1102 2977 1383 3021 omittendum
1403 2978 1471 3022 in·-

235 3048 394 3093 dicitur
414 3050 655 3105 contagium
679 3050 939 3106 cupiditatis.
965 3048 1071 3094 Illud
1095 3051 1362 3108 praecipitur-3
1380 3051 1469 3101 ‚boc

237 3128 376 3164 autem
393 3123 658 3178 prohibetur.
686 3122 735 3165 Et
760 3123 810 3165 ad
830 3124 1156 3180 praeceptionem
1182 3125 1296 3167 illam
1315 3124 1472 3170 reseret

238 3193 394 3250 aliquis
419 3194 617 3238 fortassis
642 3195 801 3253 lignum
821 3197 946 3250 vitae3
972 3197 1023 3240 ad
1049 3197 1336 3253 probitionem
1369 3210 1472 3242 vero

239 3265 383 3319 istam,
405 3266 566 3323 liguum
592 3267 781 3311 scientiae
802 3268 920 3319 boni,
943 3275 985 3312 et
1004 3269 1101 3311 mali
1125 3284 1136 3323 ;
1166 3270 1273 3314 iilud
1298 3270 1474 3327 quidem

240 3338 365 3393 vitam
390 3338 471 3383 boc
495 3346 637 3383 autem
656 3346 720 3383 est
740 3342 930 3387 scientiae
954 3343 1073 3394 boni,
1095 3346 1138 3393 ct
1159 3344 1284 3398 mali;
1308 3346 1406 3401 quia
1428 3345 1474 3388 in

1532 1367 1696 1413 rantes,
1707 1366 1749 1405 et
1762 1359 2120 1417 contempiantes,
2135 1367 2179 1404 et
2196 1359 2234 1404 si
2248 1359 2321 1416 qui
2334 1359 2408 1402 alii
2423 1359 2524 1413 sint;
2538 1359 2582 1403 ln
2596 1365 2696 1404 sunt
2711 1372 2788 1404 no-

1532 1435 1639 1490 vitii,
1656 1435 1974 1486 obedientiarii,
1987 1426 2172 1492 praetati,
2186 1441 2229 1480 et
2244 1435 2518 1481 claustrales.
2538 1434 2781 1494 Ean-editur,

1533 1510 1592 1553 ait
1607 1508 1844 1570 Scriptura,
1861 1510 2030 1566 fluvius,
2049 1508 2203 1553 deloco
2217 1508 2438 1565 voluptatis
2456 1508 2510 1553 ad
2524 1509 2786 1567 irriyandum

1533 1581 1797 1638 paradisum,
1824 1583 1895 1640 qui
1919 1582 2013 1626 inde
2035 1581 2236 1626 dividitur
2249 1582 2292 1626 in
2311 1590 2492 1640 quatuor
2513 1583 2653 1638 capita
2665 1576 2786 1641 (Gen.

1537 1672 1566 1701 ιι
1581 1690 1591 1709 ,
1606 1658 1691 1715 viti).
1714 1655 1771 1702 Ut
1799 1654 2162 1712 quadripartitum
2175 1656 2301 1701 nobis
2318 1667 2371 1701 ex
2391 1667 2443 1701 eo
2469 1655 2658 1701 sciamus
2681 1655 2792 1700 hau-

1536 1731 1733 1776 riendum
1755 1730 1986 1786 liquorem.
2011 1727 2063 1772 Et
2079 1742 2174 1785 quae
2197 1730 2442 1779 sortiuntur
2457 1730 2631 1775 nomina
2649 1729 2792 1787 capita

1537 1803 1663 1861 333
1678 1803 1788 1848 ista?
1809 1801 1975 1846 Nomen
1994 1802 2140 1854 unius,
2169 1799 2331 1847 Phison
2358 1818 2369 1846 ε
2396 1814 2555 1848 nomen
2592 1803 2790 1856 secundi,

1538 1876 1696 1922 Gesion
1717 1891 1727 1920 ε
1756 1887 1913 1919 nomen
1935 1887 2040 1919 vero
2058 1875 2176 1919 tertii
2198 1873 2335 1929 fluvii,
2353 1874 2513 1934 Tigris,
2529 1875 2697 1922 fluvius
2711 1887 2791 1920 au·

1538 1955 1625 1994 tem
1648 1955 1849 2006 quartus,
1890 1949 1983 2004 ipse
2021 1955 2089 1992 est
2134 1947 2396 2006 Euphrates,
2433 1947 2576 2004 Dicat,
2609 1949 2685 2008 qui
2726 1949 2794 1995 sic

1541 2022 1684 2067 dicere
1709 2023 1853 2076 audet,
1879 2021 1933 2066 ad
1963 2033 2040 2066 eos
2077 2022 2294 2079 pertinere
2309 2020 2490 2076 Phison,
2529 2023 2603 2080 qui
2621 2022 2794 2078 noviter

1540 2097 1733 2141 veniunt:
1758 2096 1917 2152 quibus
1940 2100 2033 2139 toto
2051 2094 2339 2140 insistendum
2371 2101 2415 2141 et
2447 2102 2624 2151 conatu,
2647 2101 2695 2141 ιιι
2711 2097 2796 2140 im-

1541 2168 1693 2225 primis
1717 2168 1884 2225 seipsos
1901 2167 2026 2224 plene
2047 2167 2223 2212 videant
2243 2184 2253 2212 :
2274 2174 2318 2212 ct
2338 2167 2491 2226 quales
2525 2166 2615 2218 sint
2637 2168 2797 2213 intrin-

1543 2251 1684 2293 secus,
1709 2239 2003 2292 considerant,
2027 2238 2136 2286 tales
2161 2246 2205 2287 et
2238 2241 2433 2287 exterius
2458 2254 2567 2299 pure
2596 2254 2644 2288 se
2685 2254 2794 2300 ape·

1546 2315 1673 2366 riant,
1693 2315 1793 2371 quia
1825 2328 1870 2358 os
1893 2313 2067 2370 pupilla:
2090 2325 2245 2360 sonare
2259 2313 2423 2359 Phison
2453 2321 2719 2362 asseverant.
2746 2314 2796 2362 ln

1505 2377 1519 2394 ⁴
1542 2398 1618 2429 ore
1637 2391 1778 2428 autem
1799 2385 2018 2430 contessio
2032 2401 2043 2439 ;
2059 2387 2102 2430 in
2119 2385 2283 2443 pupilla
2305 2385 2698 2434 visio.1ntueantur
2711 2400 2789 2433 no·

1541 2458 1650 2510 vitii,
1666 2465 1708 2503 et
1730 2459 2031 2503 confiteantur.
2059 2460 2310 2504 lntueantur
2331 2460 2576 2516 diligenter,
2600 2467 2642 2507 et
2665 2460 2798 2524 centi-

1541 2537 1714 2576 teaiitur
1752 2532 1989 2577 humiliter.
2025 2531 2131 2578 Dico
2173 2537 2336 2586 autem,
2366 2539 2622 2578 vetustatem
2654 2546 2795 2594 suam.

1543 2604 1771 2662 Nunquam
1783 2607 1898 2651 enim
1910 2618 2054 2651 arcem
2070 2604 2278 2663 perfecte,
2293 2606 2347 2651 ad
2361 2619 2492 2664 quain
2513 2606 2723 2653 scandere
2736 2606 2798 2654 ni·

1546 2687 1710 2732 tuntum
1735 2682 1940 2726 novitatis
1972 2680 2299 2739 apprehendere
2335 2688 2552 2739 poterunt,
2587 2683 2674 2728 nisi
2701 2694 2798 2734 eam

1546 2753 1685 2811 inqua
1709 2761 1888 2798 eatenus
1908 2754 2099 2806 suerunt,
2133 2759 2391 2800 vetustatem
2414 2761 2675 2811 agnoscant;
2695 2753 2799 2812 quia

1547 2825 1600 2868 ad
1635 2825 1750 2868 iilam
1773 2826 1889 2870 nulio
1915 2826 2043 2872 modo
2067 2826 2334 2883 pervenitur,
2379 2825 2466 2870 nisi
2493 2826 2578 2871 ista
2620 2827 2798 2885 penitus

1550 2896 1792 2949 deseratur.
1839 2899 1891 2944 Et
1924 2899 2142 2957 quomodo
2183 2899 2423 2957 deseretur,
2460 2900 2499 2946 si
2544 2888 2802 2957 i5noraturi

1549 2971 1660 3025 Quid
1694 2972 1729 3016 si
1760 2972 1943 3029 quidem,
1956 2973 2223 3031 agnoscitur,
2260 2972 2336 3019 sed
2373 2974 2640 3031 occultatur?
2673 2971 2802 3022 Certe

1550 3058 1636 3089 non
1662 3043 1816 3091 sufficit
1838 3045 1891 3090 ad
1917 3047 2100 3095 salutem
2120 3046 2325 3104 cognitio,
2351 3046 2439 3091 alsi
2474 3045 2655 3099 adsitet
2694 3059 2803 3099 con·

1553 3117 1699 3169 sessa),
1724 3117 1837 3163 sicut
1873 3114 1952 3164 nec
1986 3121 2142 3164 vulnus
2180 3130 2372 3173 curatur,
2406 3120 2507 3173 licet
2546 3133 2570 3165 a
2595 3121 2800 3175 vulnera·-

1553 3198 1597 3234 ιο
1625 3191 1851 3244 sentiatur,
1895 3194 1982 3241 nisi
2013 3194 2181 3251 medico
2218 3194 2453 3252 detegatur.
2494 3195 2618 3241 Sicut
2654 3197 2802 3255 itaque

1554 3264 1759 3320 pupffllam
1782 3265 2122 3325 discooperiunt,
2139 3273 2185 3311 ut
2207 3279 2283 3324 per
2300 3267 2591 3325 cognitionem
2605 3269 2799 3328 videant:

1554 3338 1618 3380 sic
1637 3343 1679 3380 et
1695 3350 1743 3382 os
1765 3339 1978 3396 aperiant,
2002 3346 2048 3383 ut
2068 3352 2114 3390 se
2130 3351 2207 3397 per
2229 3339 2547 3395 confessionem
2585 3343 2800 3400 revelenn
2824 3329 2826 3332 ¹

241 3410 444 3453 exercitio
470 3410 693 3455 charitatis
721 3413 921 3457 consistit
967 3414 1052 3457 rita
1092 3415 1269 3471 spiritus
1307 3418 1470 3469 nostri;
1499 3416 1535 3463 D
1556 3412 1656 3466 ‘1⁰3³
1681 3424 1768 3456 11⁰ss
1793 3413 2001 3470 pupillam
2037 3414 2354 3467 tantummodo·
2386 3413 2462 3460 ⁸01¹
2485 3422 2612 3468 0308,
2630 3415 2803 3476 ,Phison

242 3488 284 3527 et
307 3484 379 3539 qui
399 3483 582 3528 admittit
604 3486 644 3528 in
669 3485 782 3528 sacto
809 3487 921 3542 quod
940 3487 1191 3542 prohibetur
1227 3490 1403 3542 malum,
1430 3490 1475 3534 in

244 3555 365 3610 culpa
391 3555 517 3598 simui
540 3562 620 3606 est,
640 3563 681 3599 ct
701 3557 742 3599 in
757 3569 897 3613 poena.
931 3555 1086 3601 Malum
1104 3561 1228 3602 etiam
1251 3573 1324 3616 per
1347 3574 1478 3618 expe-

243 3627 440 3670 rientiam
480 3629 704 3684 agnoscit,
730 3629 843 3684 quod
882 3642 956 3686 per
981 3631 1116 3675 solam
1153 3632 1378 3676 scientiam
1399 3665 1411 3685 ‚
1436 3634 1476 3678 ei

246 3699 364 3754 prius
390 3700 591 3762 innotuit.
611 3699 790 3757 Lignum
810 3705 924 3753 vitoe,
947 3703 1005 3746 ait
1023 3702 1262 3761 Scriptura,
1282 3706 1325 3748 ιἰι
1344 3708 1475 3750 medio

245 3769 434 3825 paradisi
453 3769 570 3827 (Gen.
587 3784 634 3825 ιι,
653 3773 696 3828 9)
715 3785 727 3815 .·
748 3774 847 3829 quia
869 3775 919 3818 ad
941 3776 1020 3818 hoc
1045 3773 1151 3820 ordo
1174 3784 1321 3821 noster
1342 3783 1475 3822 totam

247 3842 526 3886 intentionem
548 3858 666 3889 suam
680 3846 842 3903 dirigit,
855 3854 901 3891 ut
914 3849 1112 3892 charitati
1126 3849 1309 3894 militare
1323 3853 1475 3908 possit.

251 3913 334 3955 sou
352 3914 481 3970 igitur
501 3924 664 3972 parcat,
676 3931 750 3961 seu
774 3920 915 3972 feriat,
931 3933 1005 3965 seu
1021 3924 1305 3979 constringat,
1319 3937 1392 3968 seu
1409 3937 1479 3968 re-

250 3984 387 4037 laxet;
407 3998 481 4029 seu
496 3988 804 4043 dispensatorie
830 3992 1006 4050 aliquid,
1021 3986 1330 4055 interveniente
1346 4009 1479 4042 causa

251 4056 394 4112 aliqua
417 4060 660 4104 rationabili
681 4094 691 4112 ,
720 4070 844 4118 agat,
874 4072 947 4108 aut
977 4073 1092 4111 cerie
1112 4068 1270 4124 aliquid
1295 4068 1338 4112 in
1363 4069 1479 4119 aliud

250 4134 408 4174 mutet:
435 4136 569 4175 totum
588 4134 638 4175 ad
668 4135 890 4180 charitatis
919 4139 1203 4195 integritatem
1229 4140 1476 4194 transferat,

251 4200 429 4257 ejusque
466 4203 510 4246 in
543 4205 659 4249 nullo
691 4209 860 4252 niodum
884 4218 1070 4262 transeat
1091 4245 1102 4266 ,
1129 4220 1174 4257 ut
1215 4214 1371 4259 babere
1402 4229 1447 4259 se
1466 4249 1477 4268 ,

253 4270 297 4314 in
322 4275 460 4318 medio
477 4276 560 4328 sui,
579 4277 742 4334 lignum
765 4282 860 4326 ritae
883 4284 1159 4330 demonstret.
1179 4286 1261 4331 Sed.
1282 4290 1482 4348 irrigetur

253 4344 478 4398 paradisus
493 4380 504 4400 ,
525 4361 578 4393 ne
601 4358 782 4397 arescat.
808 4353 1029 4406 Quomodo
1064 4357 1236 4403 dicitis?
1258 4358 1482 4413 Quomodo

255 4416 421 4473 legitis?
442 4417 494 4463 Et
516 4421 666 4477 fluvius
682 4425 964 4483 egrediebatur
985 4429 1034 4475 de
1056 4430 1143 4477 loco
1169 4433 1407 4490 voluptatis,
1424 4437 1479 4480 ad

1557 3492 1696 3529 senat.
1724 3484 1900 3542 Semper
1929 3487 2045 3531 enim
2061 3492 2255 3533 vetustas
2298 3489 2428 3542 inest,
2464 3490 2654 3546 quandiu
2696 3504 2804 3539 con*

1557 3554 1689 3600 sessio
1715 3556 1834 3602 deest
1860 3559 2018 3603 :etiam
2040 3572 2140 3604 cum
2173 3562 2362 3618 cognitio
2395 3561 2537 3614 adest.
2570 3561 2722 3608 Nonne
2758 3570 2803 3610 ct

1558 3629 1640 3673 hoe
1656 3638 1859 3687 expertus
1886 3633 2015 3677 estin
2038 3645 2102 3686 se,
2117 3634 2192 3691 qui
2209 3635 2381 3680 dicebat
2407 3636 2647 3690 tQuoniam
2669 3639 2799 3691 tacui,

1557 3702 1881 3748 inveteraverunt
1903 3719 1999 3748 ossa
2028 3719 2118 3751 mea
2144 3705 2284 3765 (psat.
2309 3720 2435 3762 xxxi,
2457 3708 2519 3766 ὅ).
2544 3709 2629 3758 Sed
2652 3710 2719 3756 sic
2737 3710 2805 3755 vi-

1559 3774 1823 3831 dentium,et
1849 3779 2131 3835 aperientium
2156 3781 2339 3838 seipsos,
2356 3794 2451 3839 quae
2467 3781 2591 3830 decet
2615 3795 2712 3828 esse
2736 3786 2805 3828 in-
2857 3807 2859 3809 >

1559 3850 1710 3906 tentio,
1732 3851 1939 3904 studium,
1966 3860 2007 3897 et
2022 3853 2343 3912 curaiUtique,
2369 3861 2418 3899 ut
2439 3856 2589 3903 relicta
2611 3857 2800 3914 penitus,

1559 3935 1654 3978 qum
1684 3925 1850 3980 agnita,
1875 3932 1917 3969 et
1933 3932 2106 3972 ostensa
2132 3933 2474 3983 est,vetu,state,
2502 3929 2800 3986 acquirendae,

1559 3997 1830 4049 exercendae,
1862 3999 2094 4044 retinendae
2121 4000 2326 4053 novitati,
2352 4000 2687 4047 sollicitudinem
2710 4013 2807 4060 per·
2864 4040 2881 4047 .,
2915 4021 2919 4028 ·

1560 4068 1729 4124 vigilem
1750 4069 2013 4127 impendant.
2035 4070 2120 4117 Sed
2153 4079 2220 4118 est
2241 4074 2423 4120 acerbus
2444 4075 2583 4128 dolor,
2603 4081 2645 4119 et
2659 4075 2804 4132 gravis

1559 4140 1696 4191 labor.
1719 4142 1928 4194 Acerbum
1947 4145 2160 4199 siquidem
2171 4145 2469 4197 admoduin.et
2486 4148 2808 4193 noninedioeri-

1561 4221 1628 4260 ter
1649 4218 1912 4263 laboriosum
1941 4227 2091 4272 est,ex
2103 4225 2194 4264 toto
2223 4219 2442 4264 dulcedini
2464 4226 2522 4273 te,
2541 4227 2583 4266 et
2598 4222 2802 4267 suavitati

1561 4292 1810 4334 renuntiare
1823 4291 1983 4336 inolitae
2002 4299 2043 4336 et
2059 4291 2387 4336 amaritudiniet
2403 4294 2627 4351 asperitati
2644 4293 2803 4350 subjici

1562 4360 1841 4407 insolitae.Sic
1851 4371 1932 4417 est,
1964 4366 2060 4410 acsi
2076 4364 2211 4420 ipsam
2224 4371 2390 4423 mutare
2403 4366 2800 4423 coganisnaturam.

1619 4435 1706 4481 ΧΠ.
1726 4437 1786 4481 Ad
1815 4438 1893 4481 hoc
1913 4437 2310 4494 dicuntpertinere,
2335 4439 2450 4483 nnod
2474 4439 2526 4486 de
2541 4438 2701 4494 Phison
2736 4437 2805 4483 di-
