2924 4588
32 98 35 163 ἶ
65 131 163 176 152¹
185 155 188 159 Δ

637 136 892 184 HISTORIA
925 140 1316 192 SCHOLASTICA.
1347 174 1400 182 —-
1431 150 1571 195 LIBRI
1603 155 2048 206 MACHABAEORUM.

2498 174 2602 218 5522

436 401 895 476 HISTORIA
965 407 1222 481 LIBRI
1286 413 1356 483 11
1410 413 2175 495 MACHABAEORUM.

1311 586 1358 595 .-

31 697 34 707 τ
85 676 286 732 Praefatio
309 677 351 720 in
373 676 591 720 historiam
607 690 773 720 securim
793 678 889 721 libri
906 679 1257 726 Machaboeorum.
1312 704 1343 744 Α
1369 687 1477 729 culis
1497 699 1519 727 a
1542 686 1627 731 Deo
1652 688 1814 732 liberati
1832 691 2054 746 magnifice
2074 693 2230 749 gratias
2252 707 2424 751 agamus
2447 703 2544 755 ipsi,
2577 718 2591 745 ι

109 748 334 794 Secundus
371 750 480 794 liber
516 749 858 795 Maeliabaeorum
889 765 974 796 non
998 760 1063 798 est
1099 755 1287 799 historia}

33 811 312 880 prosecutio,
343 822 418 867 sed
439 828 678 878 prosecutae
701 825 1016 879 recapitulatio.
1062 825 1138 869 Est
1171 827 1286 871 enim

21 924 29 935 ,
50 895 230 951 epistola
252 905 381 950 quam
398 894 571 950 scripsit
592 885 725 940 ludas
747 883 1032 949 Machabaeus,
1052 905 1093 942 et
1114 907 1286 944 senatus

52 963 295 1011 Iudaeorum
338 964 651 1024 ierosolymitae
708 967 968 1024 dispersioni
1014 969 1283 1023 Judaeoruxn,

44 1052 143 1098 qua}
176 1038 398 1083 exsulabat
436 1039 480 1082 in
519 1038 700 1084 diversis
734 1041 982 1097 regionibus
1016 1041 1220 1097 Orientis,
1244 1051 1286 1089 et

31 1111 233 1174 'maxime
261 1114 306 1155 in
333 1111 534 1169 AEgypto,
569 1113 614 1155 in
638 1125 726 1169 qua
748 1114 1077 1159 insinuaverunt
1098 1117 1161 1160 eis
1179 1117 1286 1163 duas

45 1197 73 1228 a
97 1196 143 1229 se
174 1184 468 1228 solemnitates
508 1190 675 1229 novetur
704 1185 942 1238 institutas,
972 1186 1211 1239 hortantes,
1240 1195 1287 1233 ut

42 1269 121 1302 eas
143 1257 425 1313 susciperent,
443 1264 486 1302 et
503 1258 837 1302 solemnizarent
858 1260 1090 1315 quotannis
1110 1260 1179 1317 (11
1196 1260 1242 1303 Μ
1245 1275 1287 1304 α-

43 1329 165 1374 cltab.
191 1329 238 1386 1).
266 1328 401 1374 Unam
419 1331 472 1374 dc
495 1331 797 1386 purificatione
814 1331 996 1387 Templi,
1024 1343 1151 1387 quam
1175 1332 1287 1376 sece-

44 1409 142 1446 rant
174 1402 378 1447 vicesima
407 1403 556 1458 quinta
592 1403 659 1446 die
691 1403 853 1447 mensis
878 1402 1048 1455 Casleu‚
1077 1409 1173 1460 post
1199 1411 1285 1449 tres

41 1485 179 1520 annos
204 1475 453 1531 pollutionis
476 1474 598 1519 factae
622 1476 676 1518 ab
694 1475 923 1519 Antiocho.
945 1475 1133 1519 Alteram
1156 1488 1283 1532 quam

40 1547 317 1593 instituerant
363 1549 528 1594 decima
563 1549 690 1592 tei-tia
720 1548 790 1593 dle
811 1549 974 1593 mensis
998 1549 1128 1601 Adar,
1170 1551 1282 1605 quod

38 1626 108 1666 est
127 1619 287 1673 Martii,
308 1633 402 1677 quae
418 1620 659 1674 dicebatur,
681 1632 784 1666 voce
803 1620 994 1679 Syriaca,
1013 1623 1152 1678 pridie
1173 1623 1284 1665 Mar-

39 1692 238 1746 dochaei',
259 1680 373 1738 diem
396 1693 561 1738 scilicet
585 1705 715 1750 quam
744 1693 1021 1738 instituerant
1049 1706 1126 1750 pro
1145 1696 1283 1738 incre-

39 1764 162 1809 dibili
181 1765 362 1809 victoria
385 1777 514 1822 quam
534 1765 778 1810 habuerunt
795 1765 1024 1811 interiecto
1053 1766 1279 1815 Nicanore,
1309 1766 1339 1812 B

36 1835 166 1896 cujus
199 1844 329 1896 caput
367 1845 409 1884 et
444 1841 619 1882 manum
658 1844 808 1882 contra
831 1839 1036 1895 templum
1070 1851 1279 1894 suspensa

38 1911 334 1973 praediximus.
378 1911 667 1959 Nihilominus
695 1914 936 1966 hortantes,
977 1920 1024 1957 ut
1045 1907 1281 1959 solemnem

0 2047 1 2050 Ἴ
36 1982 215 2044 agerent
237 1987 350 2041 diem
373 1984 664 2044 Scenopegiae,
687 1992 730 2032 et
753 1987 868 2032 diem
895 1988 1024 2045 ignis,
1057 1987 1131 2043 qui
1155 1987 1280 2031 datus

34 2066 104 2109 est
130 2060 183 2105 de
206 2070 356 2105 crassa
373 2072 500 2116 aqua,
521 2060 694 2116 quando
713 2059 942 2106 Nehemias
960 2061 1114 2105 obtulit
1144 2061 1282 2106 sacri-

37 2133 156 2179 ficia..
179 2131 224 2176 ln
241 2133 323 2178 hoc
345 2141 487 2177 autem
510 2120 606 2179 loco
627 2134 758 2190 hujus
781 2134 974 2190 epistolae
991 2135 1147 2192 legitur
1167 2134 1283 2179 Jere·

31 2208 147 2253 mias
166 2206 446 2252 abscondisse
471 2219 618 2260 arcam
639 2213 681 2252 et
703 2207 839 2251 altare
855 2208 1020 2252 incensi
1040 2208 1084 2251 in
1107 2208 1274 2263 spelun-

36 2291 132 2325 cam
154 2280 331 2333 montis,
371 2278 539 2337 inquo
575 2279 743 2337 Moyses
770 2281 981 2333 ascendit,
1012 2286 1055 2325 et
1075 2281 1182 2325 vidit
1205 2281 1280 2325 Dei
1320 2299 1321 2302 ¹

36 2353 326 2399 haereditatem
347 2354 414 2413 (ΙΙ
435 2354 626 2407 Mactata.
659 2369 706 2407 n,
730 2355 853 2399 Dent.
880 2356 1045 2414 xxxiv).
1066 2356 1118 2399 Et
1143 2369 1282 2401 acces·

0 2453 1 2457 =
35 2435 188 2475 cerunt
208 2429 400 2486 quidam,
427 2429 502 2486 qui
525 2430 814 2486 sequebantur
833 2429 1079 2481 Ieremiam,
1125 2436 1173 2473 ut
1202 2443 1280 2474 no-

36 2499 178 2547 tarent
195 2500 283 2546 *sibi
310 2502 466 2554 locum,
491 2507 534 2546 et
557 2514 644 2545 non
665 2508 896 2558 potuerunt
926 2502 1135 2546 invenire.
1164 2502 1280 2555 Quos

35 2566 216 2631 culpans
236 2573 444 2619 ieremias
466 2574 574 2618 dixit
602 2590 612 2619 :
647 2569 868 2631 «ignotus
885 2575 966 2618 erit
986 2574 1124 2626 locus,
1145 2575 1282 2619 donec

31 2656 266 2704 congreget
284 2646 398 2692 Deus
420 2646 796 2704 congregationem
821 2646 983 2703 populi,
1006 2652 1047 2690 et
1072 2647 1281 2702 propitius

35 2720 110 2768 fiat
153 2727 196 2764 et
240 2727 342 2764 tunc
375 2720 572 2764 ostendet
597 2719 803 2764 Dominus
834 2721 942 2770 haec,
980 2727 1022 2762 et
1060 2720 1282 2775 apparebit

35 2790 240 2853 majestas
264 2794 448 2848 Domini,
469 2802 511 2838 et
535 2795 671 2844 nubes
694 2794 807 2838 sicut
830 2793 873 2842 in
893 2792 1044 2836 diebus
1063 2792 1214 2849 Moysi,
1239 2797 1280 2835 et

35 2872 270 2917 sicutenim
297 2870 501 2914 Salomon
530 2869 630 2913 fecit
663 2868 760 2926 (ΙΙΙ
781 2868 881 2924 Rey.
920 2866 1030 2924 viu),
1074 2875 1119 2910 ut
1157 2867 1276 2911 Iocus

36 2945 380 2990 sanctificaretur
399 2955 555 2999 magno
578 2941 679 2987 Deo.
711 2957 726 2984 t
753 2942 874 2995 Quod
897 2953 998 3000 ergo
1015 2953 1147 2997 supra
1167 2940 1277 2983 dixi-

35 3028 132 3060 mus
156 3015 443 3072 Epiphanium
476 3016 638 3058 dixisse
661 3012 891 3057 Jeremiam
914 3013 1038 3056 aliter
1064 3013 1117 3056 de
1140 3012 1278 3055 maui-

37 3090 265 3135 sestatione
289 3103 401 3136 arcae
438 3090 624 3143 sortasse
663 3089 892 3145 mysticum
919 3087 1014 3131 suit.
1048 3087 1109 3141 Ne
1133 3094 1277 3139 autem

34 3162 348 3220 Jerosoiymitae
385 3162 636 3215 viderentur
671 3157 765 3207 sine
783 3173 915 3204 causa
939 3160 1016 3204 has
1039 3160 1277 3209 instituisse

35 3237 349 3291 solemnitates,
375 3236 766 3292 recapitulaverunt
790 3235 831 3276 in
855 3234 1036 3289 epistola
1053 3234 1161 3276 bella
1183 3244 1278 3287 quae

37 3310 229 3355 fecerant
263 3319 416 3355 contra
440 3311 602 3359 hostes,
649 3309 724 3366 qui
753 3308 1000 3368 frequenter
1021 3307 1277 3351 ebullierant

34 3385 88 3429 de
107 3383 301 3428 Perside.
323 3383 374 3425 Et
393 3381 608 3438 quomodo
629 3380 798 3424 liberati
825 3386 948 3423 erant
963 3391 988 3421 a
1007 3377 1094 3421 Deo
1121 3379 1164 3420 in
1186 3389 1277 3419 ma·

34 3471 93 3502 nu
111 3457 229 3512 sorti,
253 3464 295 3501 et
321 3456 475 3511 signis,
495 3461 537 3503 et
564 3452 773 3510 prodigiis
802 3450 1205 3494 innumerabilibus.
1228 3448 1276 3491 ln

35 3531 117 3575 hac
141 3535 281 3581 autem
302 3513 657 3585 recapitulatione
701 3525 896 3581 apposita
928 3529 1030 3567 sunt
1062 3522 1272 3580 quaedam,

35 3616 131 3660 quae
169 3605 211 3658 in
247 3603 454 3659 praedicta
487 3612 573 3643 non
614 3600 812 3654 leguntur
847 3595 1046 3645 historia,
1091 3604 1273 3649 quorum

35 3677 228 3734 quaedam
260 3677 350 3730 jam
386 3687 515 3729 supra
551 3672 794 3730 posuimus,
833 3679 1065 3725 suppressa
1089 3678 1190 3710 vero
1215 3666 1274 3708 ibi

34 3762 152 3795 nunc
189 3749 500 3806 supplebimus.
538 3745 695 3789 Forma
715 3755 819 3788 vero
838 3742 1030 3799 epistolae
1059 3741 1147 3782 haec
1169 3743 1234 3781 est
1260 3749 1271 3777 :

39 3838 56 3866 e
76 3822 266 3879 Populus
289 3821 364 3876 qui
382 3825 449 3866 est
473 3818 768 3875 ierosolymis,
797 3822 839 3859 et
862 3816 905 3857 in
921 3813 1046 3864 Juda,
1077 3816 1276 3865 senatus-

1302 2838 1334 2884 C

1366 763 1408 800 et
1440 764 1592 802 caetera
1625 772 1719 815 quac
1749 768 1985 817 sequuntur
2010 764 2078 820 <11
2096 766 2286 811 Machab.
2314 769 2362 825 ι).
2403 770 2597 819 Pericula

1366 839 1466 871 vcro
1491 841 1584 881 sua,
1618 837 1660 875 et
1683 831 1955 878 liberationes
1988 847 2011 877 a
2046 836 2132 879 Deo
2172 838 2304 882 factas
2347 853 2596 889 enumerare

1366 908 1604 955 coeperunt,
1642 914 1666 944 a
1689 910 1827 947 morte
1853 905 2047 950 Antiochi
2067 907 2222 964 Magni,
2256 917 2299 953 ct
2335 923 2359 954 a
2388 913 2473 955 tilio
2502 915 2596 969 ejus

1367 970 1567 1015 Seleuco.
1593 973 1676 1025 Qui
1697 987 1794 1017 cum
1820 977 1937 1031 prius
1962 979 2161 1034 templum
2189 982 2431 1036 honoraret,
2470 992 2513 1029 et
2546 987 2598 1032 de

1365 1042 1603 1087 redditibus
1643 1045 1734 1088 suis
1764 1054 1985 1102 praestaret
2006 1059 2199 1107 sumptus
2228 1054 2280 1095 ad
2310 1054 2596 1101 ministerium

1366 1115 1691 1169 sacrificiorum,
1733 1120 1787 1163 ad
1825 1123 2138 1177 suggestionem
2175 1124 2362 1171 Simonis
2399 1128 2451 1172 de
2482 1130 2597 1173 tribu

1364 1186 1602 1243 Beniamin,
1634 1190 1708 1245 qui
1731 1197 1822 1234 erat
1844 1194 2101 1248 praepositus
2131 1198 2290 1250 templi,
2317 1205 2356 1240 et
2381 1198 2594 1243 invidebat

1365 1259 1500 1315 Oniae,
1518 1262 1636 1306 misit
1653 1262 1930 1308 Heliodorum
1972 1267 2024 1310 ad
2066 1269 2334 1322 spoliandum
2367 1282 2591 1316 commune

1364 1334 1579 1388 aerarium,
1603 1337 1717 1391 quod
1740 1336 1847 1380 dixit
1867 1351 1952 1382 non
1981 1328 2192 1395 pertinere
2216 1342 2268 1384 ad
2290 1343 2498 1388 rationem
2522 1356 2594 1387 sa-

1364 1406 1621 1451 crificiorum
1662 1407 1732 1464 (ΙΙ
1751 1409 1945 1456 Machab.
1978 1411 2062 1467 ιιι).
2105 1411 2238 1456 Erant
2270 1414 2464 1470 equidem
2508 1416 2598 1460 haec

1364 1486 1621 1537 congregata
1638 1482 1691 1525 ad
1709 1482 1911 1525 victualia
1931 1483 2170 1537 viduarum,
2197 1491 2238 1529 et
2259 1487 2532 1541 pupillorum,
2555 1493 2598 1532 et

1363 1553 1566 1609 pleraque
1583 1559 1707 1598 crant
1725 1555 1919 1611 deposita
1937 1555 2132 1599 divitum.
2153 1556 2185 1598 T
2189 1561 2504 1603 erminavcrunt
2523 1573 2600 1603 au-

1363 1630 1447 1667 tem
1471 1626 1810 1680 prosecutionem
1835 1627 1963 1682 liuius
1986 1629 2174 1683 epistolae
2193 1630 2237 1672 in
2256 1636 2394 1674 morte
2414 1630 2599 1675 Nicano-

1364 1697 1425 1740 ris
1450 1697 1493 1739 in
1517 1697 1630 1741 hunc
1655 1699 1827 1741 modum
1855 1715 1866 1743 ι
1898 1714 1912 1741 t
1947 1699 2080 1754 Igitur
2117 1700 2183 1744 his
2220 1712 2320 1758 erga
2343 1701 2596 1747 Nicanorem

1363 1767 1511 1824 gestiS,
1543 1780 1596 1812 ex
1627 1769 1711 1813 illis
1736 1770 1996 1824 temporibus
2019 1770 2071 1813 ab
2091 1769 2279 1815 Hebraeis
2303 1772 2475 1815 civitate
2501 1784 2598 1826 per-

1362 1852 1503 1896 pessa,
1528 1842 1593 1885 vel
1613 1854 1828 1897 possessa.
1851 1841 1937 1899 Ego
1955 1854 2123 1897 quoque
2147 1843 2192 1885 in
2212 1843 2278 1887 his
2298 1843 2423 1887 finem
2442 1843 2596 1887 faciam

1362 1915 1589 1959 sermonis.
1617 1913 1706 1958 Etsi
1729 1914 1901 1970 quidem
1923 1915 2046 1966 bene,
2071 1922 2112 1958 et
2142 1920 2188 1958 ut
2217 1915 2403 1959 historiae
2424 1929 2594 1972 compe-

1361 1988 1411 2030 tit
1436 1987 1533 2037 hoe,
1555 1994 1598 2031 et
1629 1987 1718 2043 ipse
1736 1988 1878 2031 veliin.
1906 1985 1951 2029 Si
1981 1995 2125 2031 autem
2150 1988 2292 2030 minus
2313 1988 2455 2043 digne,
2489 2001 2593 2032 con-

1360 2058 1596 2102 cedendum
1633 2064 1699 2102 est
1734 2058 1854 2102 milii.
1887 2057 2008 2100 Sicut
2027 2058 2141 2102 enirn
2172 2058 2318 2101 vinum
2342 2070 2508 2114 semper
2532 2060 2596 2102 bi·-

1360 2130 1477 2181 bere,
1503 2135 1575 2172 aut
1609 2141 1777 2184 semper
1799 2140 1970 2185 aquam,
2010 2130 2271 2172 contrarium
2293 2136 2375 2182 est,
2415 2131 2592 2174 alternis

1361 2207 1503 2253 autem
1525 2203 1587 2245 uti
1608 2201 1878 2254 delectabile,
1910 2201 1970 2245 ita
2009 2202 2246 2257 legentibus
2270 2202 2307 2244 si
2334 2213 2499 2256 semper
2521 2213 2596 2245 ex·

1361 2283 1482 2319 actus
1504 2277 1560 2320 sit
1580 2288 1738 2326 sermo,
1775 2287 1861 2318 nen
1878 2276 1959 2320 erit
1976 2267 2143 2331 ³'gratus.
2167 2273 2245 2317 nic
2271 2286 2371 2330 ergo
2389 2275 2468 2317 crit
2492 2286 2595 2317 con-

1361 2354 1600 2392 summatus
1631 2347 1700 2404 (11
1723 2347 1916 2392 Maeliab.
1940 2347 2030 2404 xv.)
2088 2371 2096 2377 -

1418 2420 1602 2462 'Adstitio
1626 2420 1665 2463 l.
1681 2419 1832 2471 Judaei,
1856 2420 1963 2463 duce
1986 2418 2267 2471 Mardochaeo,
2284 2418 2594 2462 solemnitatem

1361 2491 1526 2536 decima
1568 2493 1693 2536 tertia
1733 2492 1802 2536 die
1839 2492 2029 2547 eiusdem
2054 2491 2214 2535 mensis
2247 2491 2521 2534 instituerunt
2551 2490 2595 2532 in

1361 2565 1608 2608 memoriam
1632 2565 1741 2619 eJ‘us,
1783 2565 1882 2620 quia
1906 2563 2128 2607 victoriam
2157 2563 2211 2606 de
2242 2562 2426 2606 inimicis
2446 2572 2594 2604 eorum

1359 2637 1619 2687 habuerunt,
1641 2636 1805 2679 decima
1818 2636 1943 2681 tertia
1960 2635 2028 2679 die
2046 2634 2238 2689 ejusdem
2261 2634 2434 2684 mensis,
2458 2644 2592 2688 quan·

1360 2710 1416 2752 do
1436 2722 1509 2754 eos
1534 2709 1784 2752 occiderunt
1805 2721 1880 2763 per
1898 2707 2158 2762 proviiicias,
2181 2718 2317 2760 usque
2345 2706 2395 2747 ad
2420 2711 2594 2760 septua-

1361 2785 1478 2839 ginta
1512 2781 1700 2837 quinque
1726 2782 1875 2829 millia,
1901 2780 2072 2823 licentia
2093 2779 2156 2823 eis
2184 2778 2282 2821 data
2310 2777 2363 2820 ab
2384 2777 2588 2830 Assuero,

1363 2856 1474 2899 sicut
1499 2854 1629 2898 habes
1651 2865 1780 2908 supra
1798 2852 1843 2895 in
1867 2853 1977 2895 libro
2001 2851 2168 2900 Esther,
2195 2851 2307 2892 circa
2329 2849 2452 2892 finem
2477 2850 2591 2905 ejus-

1359 2925 1472 2969 dein.

1723 2997 1826 3041 Car.
1850 2996 1882 3040 1.
1907 2997 2220 3051 Recepitulacio.

1411 3087 1547 3131 Porro
1570 3087 1762 3143 quaedam
1785 3085 2055 3142 superaddita
2076 3085 2119 3127 in
2139 3086 2217 3126 hac
2234 3083 2449 3140 epistolari
2469 3094 2589 3127 reca-

1359 3160 1610 3216 pitulatione
1635 3158 1880 3205 summatim
1902 3163 2076 3212 tangere
2110 3156 2372 3200 curabimus.
2412 3153 2523 3196 Sane
2543 3154 2585 3195 in

1358 3235 1656 3291 profanatione
1679 3233 1876 3283 Antiochi
1901 3245 1998 3286 cum
2025 3237 2277 3287 cogerentur
2307 3229 2440 3273 lud-ei
2469 3240 2492 3270 a
2511 3239 2587 3283 pa·

1358 3305 1639 3361 triislegibus
1661 3304 1875 3352 recedere,
1897 3303 1990 3346 duae
2008 3302 2206 3344 mulieres
2222 3301 2370 3343 delatae
2393 3304 2491 3342 sunt
2510 3310 2586 3340 na-

1355 3385 1422 3423 tos
1445 3389 1547 3421 suos
1570 3374 1919 3429 circumcidisse;
1955 3383 2077 3428 quas,
2119 3370 2353 3413 infantibus
2383 3368 2435 3410 ad
2454 3368 2586 3409 ubera

1355 3450 1596 3505 suspensis,
1625 3459 1720 3490 cum
1747 3446 1915 3502 publice
1935 3457 2010 3500 per
2031 3444 2248 3486 civitatem
2274 3439 2584 3482 circumduxis-

1357 3529 1466 3573 sent,
1487 3521 1711 3565 carnifices
1740 3530 1815 3573 per
1834 3528 1979 3559 muros
1997 3513 2363 3571 praecipitaverunt
2391 3508 2459 3565 (II
2486 3507 2586 3549 Ma-

1355 3592 1559 3651 cleabxt).
1583 3592 1827 3640 Eleazarus,
1849 3601 1959 3631 unus
1986 3576 2038 3630 de
2052 3583 2310 3640 prirnoribus
2330 3582 2582 3629 scribarum,

1354 3676 1396 3713 et
1432 3668 1499 3711 vir
1527 3670 1651 3710 aetate
1678 3668 1919 3720 provectus,
1947 3666 2093 3713 aperto
2121 3668 2194 3698 ore
2212 3655 2334 3696 hians
2359 3652 2585 3706 compelle-

1354 3744 1482 3786 batur
1505 3739 1654 3783 suillas
1678 3747 1830 3779 carnes
1860 3730 2058 3776 sacrificii
2081 3728 2355 3771 manducare.
2403 3724 2582 3774 Quidam

1354 3826 1454 3859 vero
1476 3818 1642 3857 veteres
1672 3807 1797 3851 amici
1818 3805 1911 3860 eius
1940 3814 2091 3846 carnes
2126 3799 2263 3842 licitas
2294 3802 2458 3840 secreto
2485 3795 2586 3836 affe-

35 3909 120 3952 que
148 3901 192 3939 et
228 3883 380 3946 Judas,
404 3890 654 3943 Aristobulo
678 3887 886 3943 magistro
907 3883 1124 3927 Ptolemaei
1148 3882 1278 3936 regis,
1306 3892 1341 3934 Β
1363 3890 1522 3934 rentes,
1540 3879 1748 3936 rogabant
1776 3880 1821 3918 ut
1848 3871 2067 3922 simularet
2088 3879 2133 3911 se
2155 3866 2208 3909 ad
2225 3864 2446 3920 imperium
2473 3862 2584 3915 regis

35 3967 110 4023 qui
131 3971 198 4010 est
221 3965 272 4009 de
295 3976 449 4021 genere
466 3962 731 4011 christorum
753 3956 1041 4006 sacerdotum,
1060 3958 1103 3996 et
1122 3953 1189 3995 'uis
1205 3952 1276 4007 qui

37 4040 83 4082 in
106 4036 291 4096 AEgypto
315 4042 416 4082 sunt
442 4033 619 4084 Judaeis,
640 4032 820 4076 salutem
840 4035 882 4072 et
902 4027 1145 4076 sanitatem.
1165 4024 1278 4067 Bene

37 4110 166 4164 faeiat
190 4111 311 4156 vobis
330 4110 459 4161 Deus,
482 4114 528 4157 et
560 4108 634 4150 det
659 4104 779 4153 vobis
804 4114 880 4146 cor
899 4102 1115 4151 omnibus,
1137 4104 1182 4140 ut
1204 4109 1278 4139 co·

37 4183 136 4228 latis
157 4196 272 4237 eum,
296 4187 338 4226 et
358 4181 526 4228 faciatis
547 4180 640 4235 eius
658 4179 938 4226 voluntatem.
955 4171 1184 4227 Adaperiat
1203 4181 1278 4213 cor

37 4264 231 4306 vestrum
267 4258 312 4306 in
340 4256 432 4312 lege
462 4268 557 4304 sua,
581 4258 624 4296 et
655 4252 698 4295 in
721 4247 945 4307 praeceptis
964 4247 1074 4298 suis,
1091 4250 1133 4287 et
1152 4243 1279 4294 sac-iat

39 4340 204 4384 pacem.
222 4327 435 4377 Exaudiat
456 4326 676 4370 orationes
695 4327 879 4371 vestras,
903 4325 946 4363 et
978 4315 1277 4369 reconcilietur

38 4401 179 4457 vobis,
221 4412 301 4446 nec
323 4412 402 4449 vos
431 4398 601 4443 deserat
633 4398 678 4459 in
710 4402 901 4449 tempore
933 4389 1067 4450 malo.
1086 4387 1136 4429 Et
1163 4397 1279 4429 nunc

39 4472 108 4517 hic
127 4486 277 4520 sumus
300 4477 473 4519 orantes
491 4484 569 4528 pro
587 4469 726 4516 vobis,
745 4467 804 4513 De
823 4464 987 4522 magnis
1010 4468 1150 4536 autem
1173 4459 1262 4515 pei-i
1318 4528 1321 4531 Ι

1357 3955 1635 4002 manducare,
1655 3948 1768 4005 quod
1780 3955 1966 3990 renuens
1987 3941 2125 3984 aiebat
2149 3951 2160 3979 ε
2191 3952 2205 3978 ‹
2231 3933 2584 3979 Adolescentibus

1357 4027 1596 4082 exemplum
1615 4023 1723 4065 sorte
1744 4020 1903 4063 malum
1923 4016 2178 4068 relinquam.
2206 4026 2222 4051 t
2248 4008 2299 4050 Et
2322 4006 2456 4061 plagis
2479 4015 2581 4083 'per-

1357 4106 1542 4155 emptus,
1566 4093 1810 4139 memoriam
1833 4092 1982 4133 mortis
2001 4097 2103 4135 suae,
2128 4089 2170 4126 et
2186 4078 2426 4133 exemplum
2449 4080 2583 4117 virtu-

1356 4173 1413 4214 tis
1437 4167 1621 4222 reliquit.
1646 4161 1834 4216 Contigit
1870 4163 2009 4202 autem
2044 4161 2086 4199 et
2127 4159 2286 4206 septem
2319 4148 2472 4190 fratres
2499 4157 2586 4187 una·

1356 4255 1452 4286 cum
1477 4244 1609 4281 matre
1635 4232 1966 4289 comprehensos
1992 4223 2189 4280 compelli
2226 4219 2280 4264 ad
2303 4230 2421 4262 esum
2442 4228 2581 4271 porci—

1356 4326 1422 4357 nae
1458 4309 1617 4355 carnis.
1655 4305 1820 4359 Quibus
1868 4298 2145 4345 renuentibus
2169 4328 2180 4347 ,
2225 4291 2352 4347 iussit
2385 4301 2459 4332 rex
2509 4299 2582 4329 co-

1358 4394 1449 4426 ram
1496 4379 1558 4424 eis
1616 4375 1852 4431 sartagines
1875 4403 1888 4423 ,
1936 4376 1979 4413 et
2019 4367 2125 4412 ollas
2186 4372 2324 4406 aeneas
2364 4357 2576 4407 succendi,

1354 4460 1394 4498 ct
1435 4450 1716 4511 primogenito
1772 4445 1963 4500 linguam
2021 4434 2261 4491 amputari,
2314 4429 2451 4492 cuius
2479 4431 2575 4468 cute
