2924 4588
311 9 423 55 1575

308 110 377 146 ter
401 98 700 156 colligentibus
716 130 727 149 ‚
748 106 943 153 magnam
970 105 1119 139 eorum
1149 100 1315 149 panem
1339 93 1546 144 tulerunt,
1570 104 1606 148 A

309 175 536 240 inter-,quae
557 172 684 214 etiam
703 167 862 223 digitus
877 200 888 219 ‚
914 178 1000 222 quo
1017 165 1243 208 Dominum
1264 166 1520 209 monstravit
1537 198 1549 218 ,

310 247 445 291 fuisse
462 220 710 300 perhiffetur
734 253 859 298 quem
875 247 972 296 post
992 241 1116 283 beata
1139 237 1264 282 Tecla
1290 238 1403 282 inter
1422 238 1552 294 Alpes

310 318 482 368 attulit,
515 322 557 360 et
596 315 754 358 dicitur
787 304 885 357 estse
939 313 982 355 in
1028 311 1211 355 ecclesia
1245 310 1549 355 taurianensi.

308 390 604 444 Tulei-uritque
641 399 738 431 ossa
767 387 818 428 ad
854 374 1095 441 Philippum
1127 384 1549 440 lerosolymitanum,

308 464 558 518 episcopum
582 446 759 505 ntfflum.
773 458 846 513 qui
865 458 980 500 misit
997 469 1046 500 ea
1065 469 1142 511 per
1162 455 1380 499 Julianum
1403 456 1551 500 diaco-

310 548 411 581 num
450 532 687 578 Athanasio
725 530 991 575 Alexandriae
1043 531 1261 586 episcopo·
1310 528 1416 581 Quae
1453 536 1551 585 post

309 608 592 664 Theophilus,
618 604 809 660 ejusdem
835 604 955 647 urbis
987 604 1232 659 episcopus,
1278 602 1471 658 reposuit
1506 602 1548 645 in

310 681 468 735 templo
502 677 675 732 Serapis
714 690 738 719 a
778 676 980 719 sordibus
1007 679 1210 729 purgato,
1243 672 1551 727 basilicamque

309 753 351 796 in
396 753 558 795 honore
597 748 777 792 «loannis
817 746 1118 795 consecravit,
1171 745 1344 800 quando
1386 745 1551 788 scilicet

306 823 549 868 Theodosio
570 822 760 877 jubente,
808 820 904 863 sana
937 819 1127 875 gentium
1166 818 1385 861 destructa
1430 822 1548 861 sunt.

306 895 516 951 Tempore
534 907 636 939 vero
657 892 859 936 Marciani
882 891 1090 947 principis
1122 889 1291 934 duobus
1326 888 1550 939 monachis

308 968 587 1011 orientalibus
608 998 619 1019 ,
646 966 718 1021 qui
749 965 807 1009 ob
832 966 1070 1007 orationem
1103 967 1312 1006 venerant
1331 960 1548 1016 lerosoly-

306 1052 438 1089 mam,
465 1039 654 1083 ,loannes
672 1037 874 1082 revelavit
898 1042 1026 1092 caput
1051 1046 1194 1078 suum.
1222 1032 1305 1077 Sed
1330 1045 1414 1077 non
1439 1032 1553 1076 mul·

306 1119 396 1155 tum
429 1120 523 1168 post
546 1112 713 1156 incuria
736 1111 964 1167 perditum,
986 1109 1195 1166 perlatum
1216 1113 1285 1152 est
1315 1107 1371 1151 ab
1388 1107 1485 1151 aliis
1507 1107 1550 1150 in

305 1186 520 1235 Edissam,
535 1185 630 1228 aliis
650 1183 878 1234 Emissam,
895 1183 1045 1226 urbem
1062 1179 1367 1230 Phoeniciae,'e't
1385 1180 1428 1223 in
1441 1190 1548 1236 quo—
1571 1209 1611 1253 B.

305 1260 403 1303 dam
428 1270 557 1314 specu
598 1258 642 1301 in
665 1262 774 1300 urna
797 1257 878 1301 sub
898 1262 1012 1300 terra
1034 1287 1045 1307 ,
1069 1267 1152 1298 non
1181 1267 1314 1311 parvo
1337 1260 1546 1309 tempore,

306 1334 549 1391 ignobiliter
570 1331 866 1383 reconditum;
903 1330 1040 1374 donec
1058 1329 1202 1373 denuo
1219 1329 1331 1372 idem
1356 1326 1548 1371 Joannes

306 1412 435 1465 caput
466 1418 591 1450 suum
616 1404 803 1449 ostendit
833 1402 1036 1447 Marcello
1065 1402 1265 1459 religioso
1292 1401 1470 1454 abbati,
1506 1406 1550 1445 et

306 1481 584 1539 presbytero,
612 1479 712 1522 dum
736 1479 781 1523 in
815 1478 965 1523 eodem
1003 1489 1134 1533 specu
1175 1476 1403 1520 babitaret.
1427 1474 1550 1528 Quod

305 1563 404 1595 cum
426 1554 496 1597 ille
516 1551 688 1596 tuliano
733 1550 809 1608 [al.
850 1549 1110 1607 lulioramo]
1128 1581 1139 1601 ‚
1179 1548 1376 1606 ejusdem
1427 1546 1549 1591 urbis

304 1624 508 1680 episcopo
535 1623 768 1668 indicasset
789 1654 799 1675 ,
820 1622 1032 1666 elevatum
1059 1629 1141 1665 est.
1166 1619 1230 1664 Ex
1254 1631 1341 1677 quo
1360 1626 1551 1675 tempore

305 1695 438 1751 coepit
473 1695 518 1739 in
543 1694 691 1739 eadem
733 1693 840 1738 urbe
862 1691 1095 1738 Decoliatio
1116 1691 1297 1736 loannis
1320 1690 1549 1742 celebrari,

306 1767 398 1823 ipsa
423 1767 491 1813 die
511 1799 522 1819 ‚
548 1774 597 1811 ut
634 1766 910 1820 arbitramur,
935 1778 1027 1823 qua-
1046 1771 1176 1822 caput
1207 1765 1428 1823 inventum
1464 1769 1547 1814 est,

304 1842 395 1885 sive
412 1842 671 1893 revelatum;
698 1840 812 1895 quod
835 1846 933 1895 post
949 1838 1369 1894 Constantinopolim
1405 1843 1552 1880 trans·

305 1911 439 1954 latum
455 1918 554 1965 est,
587 1918 630 1956 et
654 1913 755 1957 inde
776 1911 830 1955 ad
853 1910 1028 1954 Gallias.
1049 1909 1132 1953 Alii
1159 1907 1336 1953 tradunt
1351 1919 1437 1952 non
1455 1919 1552 1952 esse

305 1983 460 2027 festum
481 1983 786 2027 Decollationis
803 2015 815 2034 .
839 1984 913 2028 sed
931 1982 984 2026 de
1004 1981 1247 2027 Collatione
1268 1980 1434 2024 ossium
1457 1977 1557 2035 ejus

304 2056 427 2112 prius
445 2054 555 2099 sacta
583 2061 623 2100 et
650 2055 892 2099 combusta.
912 2054 1125 2111 Josephus
1147 2054 1274 2097 aliam
1293 2052 1425 2098 tradit
1449 2063 1554 2097 cau·

306 2141 399 2172 sam
423 2129 541 2173 necis
569 2130 773 2185 Baptistae
793 2160 804 2182 ‚
833 2128 983 2172 dicens
1005 2140 1106 2173 eum
1130 2125 1395 2183 praedicasse
1414 2126 1554 2171 homi-

307 2203 433 2248 nibus
452 2203 680 2259 justitias-i,
701 2209 743 2247 et
766 2203 945 2247 obtentu
969 2201 1174 2259 baptismi
1194 2202 1355 2246 multos
1370 2213 1552 2257 congre·

305 2287 431 2332 gasse
475 2278 519 2320 in
562 2289 710 2321 unum.
746 2276 1008 2333 ‘Pinneusque
1045 2276 1242 2321 Herodes
1278 2276 1553 2332 dispendium
1574 2272 1611 2322 C

307 2350 452 2406 populi
497 2349 598 2400 sui,
621 2349 843 2405 sequentis
879 2348 1115 2399 Ioannem,
1154 2348 1315 2392 occidit
1346 2359 1462 2392 eum.
1499 2346 1552 2389 Et

307 2422 440 2466 refert
462 2420 676 2478 Josephus
699 2421 871 2467 Judaeos
894 2421 1142 2472 tradidisse,
1163 2419 1372 2466 Herodem
1396 2419 1453 2464 ob
1469 2419 1554 2464 hoc

306 2496 614 2540 miserabiliter
636 2497 678 2540 in
702 2497 900 2554 proximo
918 2497 1077 2541 victum
1098 2497 1152 2541 ab
1167 2495 1359 2540 exercitu
1371 2487 1553 2539 'Arcthae

306 2582 437 2626 regis.
957 2585 959 2587 ’

307 2676 405 2721 Car.
435 2677 615 2723 Lxxlv.
640 2678 701 2722 De
724 2678 1114 2736 quinquepanfbuae,
1133 2677 1342 2732 “duob-us
1352 2676 1551 2734 piscibus.

368 2801 382 2825 ι
407 2786 738 2831 Audivitautem
759 2786 952 2832 Herodes
969 2787 1125 2831 samam
1138 2785 1258 2850 Jesu‚
1272 2795 1314 2831 et
1329 2782 1554 2832 aitzloan-

306 2873 406 2904 nem
425 2873 505 2917 ego
532 2861 758 2905 decollari.
786 2862 893 2914 Quis
917 2869 1061 2907 autem
1095 2862 1179 2906 iste
1196 2867 1262 2907 est
1285 2861 1339 2906 de
1369 2866 1453 2917 quo
1476 2873 1555 2903 au-

308 2934 383 2977 dio
407 2934 538 2977 talia?
561 2940 605 2978 et
637 2936 857 2990 quaerebat
889 2947 987 2979 eum
1011 2934 1156 2979 videre
1191 2932 1311 2991 (Luc.
1342 2934 1422 2988 ux).
1454 2948 1469 2976 ι
1498 2956 1556 2966 -—-

313 3022 328 3048 ι
361 3006 483 3060 Quod
507 3019 605 3051 cum
631 3008 825 3053 audisset
853 3002 1000 3060 Jesus,
1034 3008 1274 3053 ascendens
1307 3008 1351 3052 in
1377 3008 1556 3051 navicu·

310 3081 411 3130 lam,
434 3083 614 3124 secessit
636 3082 679 3125 in
701 3082 843 3125 locum
867 3083 1086 3127 desertum
1109 3093 1323 3133 seorsum,
1346 3088 1389 3124 et
1418 3082 1555 3125 secuti

309 3162 411 3197 sunt
434 3166 531 3197 eum
563 3155 701 3198 turbae
718 3155 941 3211 pedestres
962 3156 1015 3199 de
1036 3155 1303 3203 civitatibus.
1322 3162 1365 3197 et
1388 3155 1556 3198 curavit

308 3242 385 3274 cos
404 3230 575 3287 (Manli.
601 3230 707 3275 xwl.
729 3247 744 3274 ι
774 3230 874 3274 Erat
892 3237 1035 3274 autem
1050 3231 1275 3286 proximus
1295 3229 1387 3274 dies
1401 3229 1553 3281 festus,

309 3305 383 3360 qui
408 3306 567 3349 dicitur
587 3305 770 3351 Pascha.
790 3305 977 3360 Vespere
998 3312 1140 3349 autem
1174 3304 1288 3350 sacto
1327 3305 1553 3350 duodecim
1578 3338 1613 3383 D

310 3380 513 3436 discipuli
548 3380 750 3423 dixerunt
784 3380 823 3422 ei
849 3390 859 3419 t
891 3394 906 3419 ‹
937 3379 1111 3422 Dimitte
1139 3380 1304 3429 turbas,
1333 3387 1378 3423 ut
1401 3387 1554 3426 euntes

311 3453 535 3498 inveniant
564 3453 647 3497 sibi
670 3464 811 3497 escas.
836 3451 888 3494 Et
911 3452 971 3495 ait
995 3451 1122 3497 Jesus
1150 3467 1160 3496 ε
1187 3451 1292 3495 Date
1316 3453 1402 3497 illis
1429 3466 1543 3497 man·

312 3526 487 3576 ducare,
502 3530 545 3568 et
560 3524 688 3568 facite
699 3536 775 3568 eos
793 3524 1065 3568 discumbere
1078 3536 1208 3580 super
1223 3523 1362 3568 viride
1381 3524 1523 3568 senum
1536 3540 1550 3565 ›

311 3609 389 3654 per
410 3596 713 3647 contubernia,
745 3595 789 3639 id
810 3602 877 3640 est
900 3609 975 3652 per
991 3596 1186 3641 diversas
1216 3598 1446 3642 societates
1472 3598 1553 3641 ho-

311 3681 493 3718 mmum,
515 3669 585 3725 qui
608 3670 661 3712 de
677 3667 834 3713 viculis
847 3675 1070 3713 venerant.
1094 3684 1109 3710 ε
1134 3668 1186 3711 Et
1210 3670 1401 3726 acceptis
1422 3670 1554 3726 quin-

313 3754 398 3797 que
415 3741 600 3797 panibus
617 3739 888 3793 hordeaceis,
915 3747 958 3786 et
980 3741 1151 3785 duobus
1172 3742 1364 3798 piscibus
1381 3754 1406 3786 a
1422 3754 1558 3799 puero

314 3815 518 3871 quodam,
542 3814 617 3870 qui
637 3826 750 3858 unus
778 3815 830 3858 de
849 3814 1075 3871 discipulis
1099 3815 1234 3859 fuisse
1257 3815 1556 3872 creditur‚per

315 3889 536 3944 apostolos
566 3887 684 3931 dedit
705 3899 780 3933 cos
803 3889 980 3944 populo,
1003 3888 1128 3943 quasi
1152 3889 1342 3945 quinque
1365 3889 1556 3933 millibus

314 3962 528 4012 virorum,
546 3962 738 4016 exceptis
760 3962 1029 4010 mulieribus,
1045 3968 1087 4004 et
1107 3961 1316 4018 parvulis,
1332 3961 1436 4006 etde
1450 3962 1559 4018 l’rag·

314 4034 472 4079 mentis
489 4034 651 4090 impleti
670 4039 769 4077 sunt
783 4034 955 4090 cophini
967 4034 1195 4078 duodecim
1210 4035 1364 4091 (ibid).
1377 4051 1392 4077 »
1409 4034 1459 4078 Et
1473 4042 1558 4079 sta·

313 4106 393 4150 tim
430 4107 570 4162 coegit
607 4106 842 4161 discipulos
867 4106 1101 4150 ascendere
1130 4107 1173 4149 in
1211 4107 1473 4160 naviculam,
1513 4112 1557 4150 et

314 4175 560 4232 pracedere
588 4189 687 4221 eum
721 4176 844 4221 trans
868 4177 1041 4230 fretum,
1069 4177 1309 4222 secundum
1344 4178 1554 4230 Marcum,

314 4248 371 4291 ad
401 4248 694 4301 Bethsaidam,
713 4250 850 4294 donec
873 4248 1107 4294 dimitteret
1128 4251 1275 4296 turbas
1298 4250 1451 4309 (turc.
1476 4252 1553 4307 vu).

316 4320 440 4373 Quod
461 4323 563 4377 ergo
595 4319 734 4390 21¹9*
753 4321 859 4366 dicit
879 4322 960 4367 boc
985 4322 1145 4367 factum
1172 4323 1215 4366 in
1235 4324 1342 4368 locis
1362 4323 1556 4368 Bethsai-

1321 1 1484 46 PETm
1515 0 1865 47 cousssTotus

2742 0 2862 56 ηαδ-ιε
2914 0 2924 28 ⁴

1628 93 1693 137 da»
1715 92 1834 149 (Luc.
1854 92 1934 150 ιι),
1954 93 2282 152 intelligendum
2302 100 2371 141 est
2391 108 2479 141 non
2492 97 2607 154 quod
2627 104 2741 144 esset
2763 57 2807 144 in
2821 100 2872 145 ff-
2915 29 2924 134 3!

1631 166 1760 211 nibus
1782 165 1895 233 ejus,
1917 166 1995 210 sed
2015 166 2141 222 Juxta
2168 166 2459 220 'ribei-indm,
2474 175 2523 212 ut
2547 170 2650 214 dicit
2665 171 2871 231 loannes,
2919 191 2924 229 5

1630 244 1673 282 et
1696 238 1797 295 quia
1822 238 1877 282 ad
1901 251 1995 283 eam
2019 239 2291 294 pertinebant
2314 239 2456 298 (loon.
2477 241 2703 300 vr).-Quod
2729 250 2874 290 autem
2914 245 2924 320 j

1629 306 1820 352 loannes
1862 308 1969 351 dicit
2010 320 2087 354 eos
2126 309 2437 355 transfretasse
2477 311 2532 355 ad
2570 312 2876 369 Gapharnaum
2916 322 2924 364 ε

1631 379 1791 435 (ἰωὰ),
1815 380 2142 437 intelligendum
2173 389 2241 451 est
2261 395 2338 439 per
2359 382 2635 441 Bethsaidam
2666 367 2924 464 transisse}

1630 452 1950 509 capharnaum.
1980 468 1994 494 ι
2021 453 2149 498 lesus
2166 461 2310 499 autem
2329 468 2428 500 cum
2453 453 2743 517 cognovisset,
2761 453 2924 519 quod-‘23

1630 521 1830 566 homines
1852 523 1916 566 illi
1938 523 2141 567 volebant
2151 537 2250 568 eum
2267 538 2436 581 rapere,
2460 523 2506 581 e}
2520 527 2666 587 ‚facere
2684 521 2882 589 regem&

1634 595 1737 651 quia
1754 596 1838 639 sub
1855 596 1931 639 tali
1944 609 2045 652 rege
2055 597 2281 642 videbatur
2295 601 2360 644 eis
2371 612 2457 643 non
2471 581 2758 666 pesgssegere,
2776 617 2791 644 ι
2815 602 2878 647 tu-
2910 593 2924 658 Ξ

1629 667 1708 723 git,
1730 674 1773 710 et
1794 666 1990 711 ascendit
2012 669 2059 712 in
2086 676 2275 713 montem
2301 672 2421 715 solus
2438 684 2566 715 orare
2587 671 2772 729 (ibid.).»
2799 672 2877 718 Hic
2912 663 2924 718 ἐ

1629 743 1698 783 est
1715 750 1840 783 mons
1862 740 1904 782 in
1922 752 2008 796 quo
2028 753 2269 785 sermonem
2295 742 2413 793 fecit.
2438 754 2464 786 a
2485 755 2572 800 quo
2597 755 2674 800 per
2693 743 2879 790 milliara
2921 751 2924 769 ²

1629 809 1763 855 distat
1784 810 1906 855 locus
1917 810 2168 856 refectionis
2180 812 2328 868 hujus,
2354 814 2428 871 qui
2448 814 2576 858 hodie
2593 814 2753 859 dicitur
2763 813 2881 859 Hen-
2916 829 2924 871 3

1629 894 1696 934 sa,
1721 880 1835 926 infra
1864 895 1993 939 quam
2013 890 2081 928 est
2111 885 2235 929 locus
2269 885 2356 937 ille.
2380 886 2425 928 in
2449 898 2535 942 quo
2557 892 2655 942 post
2682 897 2879 932 resurre-
2911 892 2924 950 g

1630 955 1818 998 ctionem
1835 954 2024 999 comedit
2046 962 2213 1012 partem
2236 956 2370 1012 piscis
2390 956 2477 1000 assi
2501 955 2646 1012 (loun.
2663 956 2786 1012 xxu);
2808 969 2880 1002 su·
2916 974 2924 1012 ξ

1630 1038 1709 1082 pra
1732 1040 1835 1072 vero
1867 1034 1935 1072 est
1955 1040 2059 1083 pars
2079 1029 2152 1071 illa
2177 1029 2327 1081 maris,
2354 1042 2486 1084 supra
2507 1042 2638 1085 quam
2669 1030 2880 1079 Dominut

1630 1101 1868 1144 ambulavit
1890 1100 2063 1158 (natm.
2087 1102 2340 1160 xrv)ffiquam
2362 1104 2445 1147 alia
2470 1104 2565 1148 vice
2585 1105 2884 1152 excitatusse-

1632 1175 1750 1219 davit
1772 1173 1945 1232 (Halm.
1969 1175 2082 1232 vui.)

1628 1285 1731 1330 Cu.
1762 1283 1935 1330 Lxxv‘
1957 1284 2079 1339 Quod
2108 1284 2311 1329 Dominus
2334 1286 2562 1330 anibulavit
2590 1299 2714 1342 super
2746 1300 2876 1336 mm.

1629 1389 1657 1411 Γ
1689 1404 1704 1431 ι
1732 1374 1940 1434 Νὲιῗιειιῐα
1968 1401 2072 1434 vero
2096 1389 2142 1434 iu
2168 1402 2255 1447 qua
2289 1397 2415 1435 erant
2436 1391 2657 1450 discipuli,
2679 1392 2879 1448 iactaba·
2920 1406 2924 1450 ¹.

1630 1470 1700 1508 tur
1730 1460 1963 1516 fluctibus;
1985 1462 2140 1508 videns
2174 1469 2318 1508 autem
2351 1477 2426 1510 eos
2453 1463 2580 1511 Iesus
2614 1467 2879 1519 laborantes.
2916 1484 2924 1496 ¹

1629 1544 1786 1593 quarta
1808 1535 1955 1594 vigilia
1978 1536 2123 1580 noctis
2154 1537 2274 1582 venit
2302 1537 2359 1582 ad
2378 1551 2473 1591 eos,
2497 1539 2725 1585 ambulans
2746 1551 2880 1597 supra
2913 1581 2917 1587 .

1628 1621 1750 1653 mare
1766 1607 1940 1667 (lauth.
1964 1608 2073 1667 xiv).
2096 1626 2112 1652 ι
2138 1610 2334 1664 Quatuor
2357 1612 2528 1669 vigilias
2545 1614 2688 1659 noctis
2714 1614 2882 1658 faciunt

1629 1683 1897 1728 excubantes
1930 1683 1976 1728 in
1999 1683 2174 1728 castris.
2212 1683 2359 1728 Prima
2382 1685 2543 1730 dicitur
2576 1686 2885 1742 conticinium,
2920 1719 2924 1721 -

1629 1755 1676 1800 in
1693 1767 1781 1813 qua
1799 1766 1951 1801 omnes
1982 1755 2113 1800 simul
2131 1756 2327 1814 vigilant3
2342 1759 2533 1821 secunda
2552 1759 2878 1816 intempestum,
2910 1752 2924 1810 ζ-

1630 1829 1676 1873 in
1695 1841 1780 1887 qua
1799 1829 2116 1886 adolescentes;
2143 1830 2270 1875 tertia
2292 1832 2576 1889 gallicinium,
2599 1833 2643 1876 in
2661 1845 2748 1890 qua
2769 1833 2882 1888 vir-ig
2918 1839 2924 1882 j

1629 1912 1786 1963 quarta
1815 1905 2140 1956 antelucanum.
2175 1906 2219 1950 in
2252 1919 2336 1964 qua
2360 1919 2502 1953 senes.
2545 1906 2635 1952 llas
2671 1907 2881 1953 Dominus
2919 1926 2924 1933 ·

1634 1978 1733 2024 aliis
1746 1978 1996 2023 nominibus
2013 1978 2184 2022 vocavit
2205 1991 2321 2031 sero,
2333 1991 2390 2023 an
2405 1978 2544 2024 media
2562 1986 2705 2031 nocte,
2725 1991 2780 2023 an
2795 1981 2888 2037 ga!-
2915 1962 2924 2056 i

1631 2051 1661 2095 li
1690 2058 1840 2105 cantu,
1876 2063 1932 2096 an
1966 2063 2094 2096 mane
2118 2050 2274 2109 (Herc.
2310 2053 2426 2109 aun).
2450 2051 2646 2110 Cumque
2678 2058 2883 2110 putarent

1631 2124 1835 2182 discipuli
1858 2137 1956 2170 esse
1981 2137 2079 2170 eum
2120 2125 2395 2181 phantasma,
2424 2131 2470 2170 et
2507 2126 2763 2182 clamarent,
2787 2126 2878 2172 ait:

1637 2213 1653 2239 e
1682 2197 1772 2255 Ego
1804 2211 1918 2250 sum,
1941 2199 2093 2250 nolite,
2119 2200 2287 2243 timere.
2320 2214 2335 2240 ι
2361 2197 2455 2243 Non
2493 2199 2603 2244 dixit
2623 2199 2723 2256 quis
2747 2207 2879 2251 esset,
2900 2228 2902 2230 -

1634 2272 1735 2328 quia
1758 2284 1810 2316 ex
1834 2278 1937 2316 nota
1960 2283 2066 2317 voce
2096 2278 2298 2330 poterant
2331 2284 2430 2315 eum
2454 2285 2714 2328 agnoscere.
2733 2271 2809 2318 Vel
2833 2279 2881 2317 nt

1631 2345 1925 2404 intelligerent
1964 2346 2106 2403 ipsum
2138 2357 2237 2390 esse
2259 2357 2374 2398 eriiu,
2399 2347 2472 2404 qui
2510 2345 2645 2404 Moysi
2678 2346 2877 2392 dixerat:

1635 2433 1652 2461 ι
1681 2419 1764 2472 Qui
1784 2426 1869 2471 est.
1891 2419 2010 2464 misit
2029 2432 2099 2463 me
2114 2419 2167 2462 ad
2188 2430 2264 2462 vos
2288 2418 2443 2476 (Exod.
2470 2417 2582 2477 m).»
2601 2418 2707 2463 Post
2728 2418 2881 2464 Petrus

1630 2492 1711 2538 ivit
1728 2493 1783 2537 ad
1801 2506 1900 2538 eum
1924 2506 2056 2550 super
2072 2505 2225 2550 aquas,
2250 2505 2380 2550 quem
2392 2494 2495 2537 dum
2508 2499 2776 2549 mergeretur
2785 2504 2882 2537 ere-
2904 2528 2906 2530 .

1631 2568 1695 2612 xit
1715 2566 1941 2612 Dominus.
1969 2567 2051 2620 Qui
2080 2579 2180 2611 cum
2215 2566 2484 2611 ascendisset
2506 2564 2767 2615 naviculam,
2785 2575 2881 2608 ces-

1631 2642 1745 2686 sarit
1764 2648 1935 2694 ventus,
1959 2648 2003 2686 et
2025 2643 2172 2685 statim
2206 2637 2288 2684 fuit
2312 2638 2444 2684 ducta
2474 2637 2599 2683 navis
2622 2636 2677 2681 ad
2700 2643 2878 2687 terram.

1632 2715 1687 2759 ad
1710 2725 1840 2772 quam
1862 2715 2002 2760 ibant.

1633 2805 1736 2852 Cat».
1785 2805 1970 2850 Lxxvt.
2022 2804 2080 2849 De
2116 2805 2248 2849 verbis
2294 2803 2476 2855 Domini,

2025 2861 2123 2905 dam
2147 2861 2336 2906 abierunt
2361 2869 2489 2906 retro.

1688 2934 1836 2980 Altera
1857 2935 1928 2981 die
1949 2936 2104 2987 turbae,
2123 2946 2234 2991 quas
2246 2938 2423 2990 paverat
2443 2931 2589 2984 Iesus.
2610 2931 2882 2976 intraverunt

1634 3022 1767 3054 naves
1793 3008 2146 3066 supervenientes
2169 3019 2195 3051 a
2218 3006 2465 3058 Tiberiade,
2497 3013 2542 3050 et
2557 3009 2775 3050 venerunt
2792 3003 2880 3049 Ca-

1635 3085 1894 3139 pharnaum,
1910 3082 2180 3127 invenientes
2193 3079 2356 3132 lesum,
2379 3079 2650 3124 mirabantur
2664 3076 2881 3139 quomodo
2907 3126 2910 3134 ,

1634 3155 1738 3199 illuc
1752 3155 1958 3206 venisset,
1979 3165 2078 3198 cum
2100 3153 2237 3197 solam
2249 3153 2459 3197 vidissent
2476 3149 2738 3205 naviculam,
2751 3159 2882 3206 quam
2923 3184 2924 3211 3

1634 3241 1722 3272 non
1744 3227 1982 3272 intraverat
2005 3226 2149 3286 (loon.
2185 3226 2264 3283 vi).
2289 3225 2484 3283 Cumque
2522 3224 2796 3268 comederent
2817 3221 2883 3267 ci·-
2923 3219 2924 3227 ’

1635 3302 1756 3354 bum.
1780 3314 1909 3359 quem
1932 3303 1996 3346 eis
2018 3301 2193 3350 fecerat,
2221 3307 2365 3344 tamen
2387 3298 2672 3356 praeferebant
2695 3299 2735 3342 ei
2758 3309 2883 3341 man-
2915 3331 2917 3340 ,

1636 3388 1690 3419 na
1711 3376 1904 3420 diceutes
1930 3390 1941 3418 :
1973 3390 1987 3415 ι
2018 3374 2167 3417 Patres
2186 3375 2322 3417 nostri
2345 3372 2713 3416 manducaverunt
2745 3370 2787 3414 in
2805 3368 2879 3416 de-

1636 3457 1754 3494 serto
1778 3458 1954 3500 manna,
1995 3447 2110 3491 sicut
2141 3448 2350 3503 scriptum
2374 3451 2441 3490 est
2464 3458 2475 3487 :
2500 3444 2659 3489 Panem
2694 3443 2747 3488 de
2768 3443 2881 3501 roelo

1635 3523 1754 3567 dedit
1776 3522 1840 3566 eis
1877 3520 2103 3565 Dominus.
2136 3535 2151 3560 ³
2183 3519 2304 3564 Tunc
2338 3518 2446 3562 dixit
2468 3518 2532 3562 eis
2552 3517 2679 3561 Jesus
2707 3532 2716 3560 ε
2746 3529 2761 3558 ‹
2792 3508 2904 3573 Ego’

1635 3606 1732 3638 sum
1754 3593 1881 3650 panis
1901 3593 2014 3644 vitae,
2034 3595 2109 3649 qui
2128 3593 2181 3636 de
2204 3593 2314 3637 coelo
2334 3591 2557 3636 descendi.
2588 3607 2603 3632 ι
2637 3578 2905 3663 Murmura-'¹

1634 3668 1739 3711 baut
1759 3672 1901 3711 autem
1931 3665 2084 3717 Judaei‚
2111 3667 2303 3710 dicentes
2329 3677 2342 3706 ι
2370 3680 2385 3707 ι
2414 3664 2565 3708 Nonne
2582 3665 2654 3708 hic
2676 3664 2742 3708 est
2766 3662 2882 3709 lilius

1633 3741 1976 3799 Josephiffiujus
1997 3740 2197 3785 novimus
2214 3747 2379 3797 patrem
2401 3745 2445 3783 et
2466 3739 2679 3783 matrem?
2700 3753 2716 3781 ι
2746 3735 2800 3782 Et
2819 3737 2883 3782 ait

1634 3813 1763 3858 lesus
1790 3848 1798 3857 .
1829 3828 1843 3854 ι
1875 3813 2006 3857 Panis
2028 3825 2156 3868 quem
2192 3825 2271 3869 ego
2294 3811 2424 3862 dabo,
2456 3823 2560 3855 caro
2585 3823 2680 3856 mea
2712 3819 2780 3856 est
2801 3791 2903 3869 pro}

1636 3886 1788 3931 mundi
1810 3886 1914 3930 vita.
1945 3885 2190 3943 Litigabant
2216 3898 2318 3942 ergo
2338 3884 2492 3936 ludaei,
2518 3884 2570 3929 ad
2601 3885 2786 3930 invicem
2809 3875 2899 3929 di-'‘

1637 3967 1787 4006 centes
1815 3977 1824 4004 :
1855 3960 2083 4013 Quomodo
2118 3964 2262 4015 potest
2292 3959 2365 4003 bic
2387 3959 2514 4003 nobis
2546 3970 2719 4003 carnem
2755 3968 2879 4002 suam
2908 4013 2910 4028 ¹

1635 4034 1741 4078 dare
1760 4035 1813 4077 ad
1847 4033 2226 4078 manducandum?
2250 4048 2266 4074 ι
2296 4031 2419 4076 Tunc
2449 4031 2612 4075 addidit
2633 4030 2843 4076 Dominus
2863 4030 2910 4074 =’'

1640 4122 1656 4148 ι
1685 4106 1776 4152 Nisi
1802 4105 2166 4151 manducaveritis
2202 4116 2377 4150 carnem
2417 4115 2574 4155 meam,
2601 4110 2645 4147 et
2682 4068 2911 4166 biberius}

1636 4179 1892 4238 sanguinem
1916 4192 2078 4232 meum,
2111 4190 2200 4224 non
2218 4177 2434 4222 babebitis
2463 4178 2594 4220 vitam
2617 4176 2820 4239 iri-vobis,
2856 4189 2873 4217 ι
2907 4227 2909 4230 ι

1636 4251 1727 4297 lloc
1747 4259 1892 4297 autem
1908 4253 2032 4313 multi
2053 4263 2106 4296 ex
2130 4240 2358 4307 discipulis
2379 4249 2618 4299 audientes.
2635 4247 2836 4292 dixerunt
2861 4259 2875 4291 :

1642 4337 1657 4362 ι
1686 4322 1829 4382 Ιζυιυε
1853 4329 1919 4368 est
1956 4322 2029 4366 bic
2063 4333 2222 4374 sermo,
2249 4320 2349 4377 quis
2379 4325 2520 4377 potest
2554 4332 2652 4366 eum
2690 4319 2876 4364 audire!

2501 2817 2577 2861 pro
2598 2802 2748 2861 quibus
2784 2803 2880 2859 qai-
