2924 4588
84 130 86 136 Α
138 95 249 139 ⁵229·

134 347 228 390 gem
249 333 364 375 hane
388 330 530 388 (Dent.
551 325 776 382 xxxi).»Et
798 326 927 382 paulo
951 333 1046 381 post
1068 341 1078 368 2
1106 341 1121 366 ι
1143 323 1375 382 Postquam

134 405 309 459 scripsit
334 403 501 458 Moyses
518 400 647 442 verba
672 399 776 454 legis
796 398 930 452 ltujzts
951 399 992 439 in
1016 399 1251 449 volumine,
1276 412 1379 453 prae-

133 477 248 532 cepit
274 474 435 521 Levitis
461 464 474 516 ἐ
502 471 658 515 Tollite
697 472 855 518 liin-um
902 471 1050 522 istum,
1079 476 1121 512 et
1157 471 1299 525 ponite
1334 472 1380 513 in*

133 549 264 592 lature
300 558 410 590 arcae
447 544 622 589 foederis
662 543 846 599 (ibid.).»
887 538 1066 598 Legitur
1092 544 1209 598 quod
1248 544 1375 599 longo

131 630 325 677 tempore
341 630 438 675 post
462 618 663 660 inventus
690 617 730 658 in
755 614 995 658 Jerusalem
1017 614 1375 660 Deuteronomius

132 694 174 736 in
198 679 322 757 area.-

130 777 540 834 Car.l·1.—Epiloyus
581 790 673 819 cum
701 775 1000 819 -adclitionibus
1040 783 1080 818 et
1117 776 1374 820 determina·

652 833 849 874 tionibus.

187 907 527 963 Quadragesimo
557 919 672 950 anno
707 905 761 948 ab
797 905 914 948 exitu
944 905 1130 948 tiliorum
1170 903 1301 958 lsrael
1323 906 1375 949 de

130 980 330 1040 AEgypto,
362 980 591 1023 undecimo
616 991 782 1031 mense,
814 978 954 1034 prima
989 979 1059 1022 die
1096 978 1276 1028 mensis,
1309 979 1374 1021 vi.-

128 1054 426 1110 densMoyses
462 1052 578 1096 diem
618 1051 770 1094 mortis
806 1051 887 1094 sibi
929 1051 1172 1103 imminere,
1201 1052 1372 1114 loeutus

130 1133 196 1170 est
232 1126 286 1170 ad
324 1136 475 1168 onmes
498 1125 611 1167 lilios
638 1123 786 1174 lsrael,
812 1129 855 1166 et
885 1122 1014 1178 coepit
1053 1123 1189 1178 legem
1227 1123 1378 1177 expla-'

127 1211 253 1248 nare,
289 1207 557 1254 congregans
603 1209 697 1247 eos,
738 1196 973 1240 seeundum
1016 1195 1278 1251 Joseplnun,
1318 1198 1373 1240 ad>

125 1271 427 1324 Jordanem,in
443 1271 624 1329 loeovubi
640 1283 753 1314 nunc
766 1271 917 1314 civitas
942 1271 1093 1314 Abidal
1117 1278 1199 1326 est,
1226 1272 1366 1316 locus-

125 1355 209 1399 que
256 1346 498 1400 palmarum
535 1343 688 1400 (Num.
721 1346 768 1398 1).
805 1342 918 1387 Sane
966 1344 1369 1398 recapitulationem

123 1416 257 1473 Moysi
283 1425 612 1472 prosequentes,
636 1429 735 1472 quae
771 1409 1019 1472 supradicta
1057 1424 1175 1467 sunt,
1202 1420 1372 1461 omitte-

125 1502 251 1543 mus3
290 1502 419 1544 super
450 1489 614 1541 addita,
640 1489 837 1532 dicemus
863 1490 1077 1544 quaedam,
1104 1502 1200 1545 quae
1223 1490 1373 1534 viden-

125 1569 195 1604 tur
236 1563 475 1610 contraria,
508 1561 864 1612 ueniet-abimus,
899 1561 1241 1608 determinando.
1287 1564 1375 1607 lta-

122 1648 208 1692 que
231 1638 275 1679 in
298 1635 621 1691 recapitulando
640 1643 700 1678 ait
721 1635 889 1693 Moyses
906 1641 919 1651 “
947 1650 956 1678 ;
985 1651 999 1676 ‹
1028 1636 1123 1679 Dixi
1150 1626 1272 1682 robis
1296 1640 1369 1683 illo

124 1717 313 1765 tempore
338 1724 348 1752 ε
371 1705 464 1753 Νοη
487 1709 609 1752 valeo
628 1709 748 1753 solus
772 1709 942 1765 negotia
965 1717 1109 1754 vestra
1135 1713 1368 1766 sustinere,

123 1783 220 1826 date
247 1795 298 1825 ex
330 1782 454 1826 vobis
478 1783 596 1838 viros
619 1781 852 1836 sapientes,
879 1789 921 1824 et
950 1795 1106 1837 ponam
1129 1796 1204 1828 eos
1230 1785 1368 1828 tribu-

122 1866 219 1905 nos,
254 1855 544 1907 centuriones,
581 1854 994 1910 quinquagenarios.
1030 1862 1071 1898 et
1109 1857 1312 1901 decanos.
1347 1873 1362 1899 »

121 1927 215 1971 lluc
254 1928 422 1972 videtur
464 1928 747 1978 eontrarium,
776 1928 1007 1983 proedictis.
1056 1927 1195 1984 Supra
1233 1930 1365 1984 enim,

121 2000 303 2044 consilio
340 1999 490 2044 Jetbro
534 2001 643 2045 dixit
678 2002 762 2045 boe
791 2000 954 2059 sactum
989 2015 1107 2055 csse;
1136 2011 1368 2060 utrumque

118 2086 224 2118 vero
245 2073 408 2118 sactum
431 2074 528 2118 suit.
552 2074 701 2119 Primo
721 2075 856 2127 enim,
883 2076 936 2119 ad
958 2077 1188 2121 consilium
1209 2079 1364 2133 soceri,

120 2146 363 2193 faciendum
403 2155 572 2192 secreto
613 2147 842 2204 disposuit,
879 2157 1027 2204 postea
1048 2152 1304 2194 auctoritate
1324 2159 1366 2196 et

118 2234 298 2270 assensu
336 2223 483 2278 populi
527 2224 772 2279 complevit.
812 2223 939 2279 Quod
983 2225 1113 2267 etiam
1155 2226 1261 2269 dicit
1295 2227 1363 2271 bic

118 2295 286 2353 Moyses
309 2310 320 2339 :
349 2311 365 2337 ι
390 2296 738 2355 Dixistisntiliii
755 2296 977 2345 Mittamus
1001 2298 1133 2350 viros,
1159 2301 1231 2355 qui
1256 2313 1361 2343 con·
1386 2331 1419 2373 (ὀ

118 2367 307 2412 siderent
330 2373 508 2412 terram.
540 2383 566 2428 t
589 2365 730 2423 Supra
748 2369 869 2412 'vero
897 2369 1056 2426 legitur
1090 2370 1253 2415 dixisse
1279 2372 1363 2414 Do-

119 2441 283 2485 minum
308 2457 318 2484 1
347 2457 363 2483 «
386 2442 503 2486 Mitte
525 2443 642 2486 viros
662 2442 814 2499 (Num.
829 2444 943 2500 xm),
965 2460 979 2486 ›
1007 2459 1094 2488 uon
1114 2453 1176 2490 est
1197 2454 1364 2490 contra-

118 2515 250 2568 rium,
275 2516 378 2574 quia
415 2517 468 2560 ad
502 2511 824 2576 suggestionem
861 2518 1009 2574 populi
1034 2520 1254 2562 consuluit
1275 2509 1365 2563 'Do-

116 2587 301 2640 minum‚
331 2589 545 2643 quidixit
570 2604 581 2633 ε
613 2603 629 2629 ι
654 2584 835 2638 Μ’ἰιῑεζ]
868 2589 933 2632 Ad
959 2590 1362 2645 pusillanimitatem

116 2671 291 2715 quoque
328 2673 478 2705 eorum
515 2662 862 2716 confortandam,
896 2664 1067 2713 iteravit
1102 2654 1272 2721 Moyses
1310 2666 1363 2708 de

117 2734 296 2781 victoria
334 2734 397 2792 Og
435 2737 548 2794 regis
581 2738 723 2782 Basan
748 2737 892 2796 (Dent.
920 2739 1004 2794 nt),
1029 2740 1102 2795 qui
1140 2740 1359 2792 restiterit,

118 2799 329 2867 de'stirpe
360 2811 598 2866 gigantum,
623 2818 666 2856 et
689 2813 733 2861 in
761 2814 1063 2870 argumentum
1098 2815 1361 2870 magnitudi-

115 2884 190 2928 nis,
211 2884 323 2939 ejus,
355 2893 622 2929 monstratur
655 2887 792 2930 lectus
827 2885 996 2930 sert-eus
1031 2887 1185 2941 ipsius,
1211 2889 1256 2930 in
1276 2886 1360 2930 Ra-

115 2957 218 3004 batb
253 2958 439 3001 tiliorum
466 2958 668 3013 Ammon,
695 2951 850 3004 novem
876 2961 1047 3004 cubitos
1076 2961 1240 3005 babens
1266 2959 1361 3006 lon-

115 3031 337 3086 gitudinis,
360 3039 403 3076 et
424 3041 610 3089 quatuor
634 3033 894 3079 latitudinis.

171 3106 185 3122 ⁴¹
210 3104 385 3152 Additio
411 3106 451 3149 l.
485 3105 622 3162 Supra
646 3098 852 3152 in'Exod.
875 3122 913 3154 e.
934 3122 1037 3154 xvnt
1065 3125 1076 3153 :
1104 3125 1118 3151 t
1150 3109 1360 3167 Egressus

114 3186 179 3221 est
202 3187 345 3221 autem
372 3176 532 3231 tethro.
562 3195 577 3221 ι

195 3251 298 3295 Car.
314 3251 383 3294 ttt.
400 3251 460 3294 De
473 3253 711 3296 civitatibus
726 3255 879 3311 resuqii
897 3264 1011 3299 trans
1028 3257 1273 3302 Jordanem.

171 3325 396 3378 separavit
440 3326 611 3384 Moyses
655 3337 745 3373 tres
789 3330 985 3374 civitates
1031 3330 1188 3387 refugii
1239 3338 1358 3374 trans

716 87 974 140 ntSTotttA
1002 87 1393 134 stzttoLASTtm.
1421 112 1478 131 -,-
1511 86 1667 132 MBER
1700 89 2129 139 nnurssnottotttt.

0 230 5 246 Ι
136 193 248 234 s²cut
282 193 322 228 et
359 182 408 227 in
445 181 615 242 linede
650 186 792 224 morte
830 178 984 236 Moysi,
1009 180 1246 234 praesertim
1281 192 1382 223 cum
1402 182 1439 226 Α

0 253 4 296 ἶ
61 267 69 314 ὲ,
135 261 251 304 eirca
295 259 419 301 tinem
458 247 555 301 libri
594 253 796 309 legatur:
842 266 857 293 ι
885 251 1071 307 Scripsit
1110 251 1278 310 Moyses
1313 253 1377 295 le·

2581 102 2692 148 tatto

1679 183 1781 227 Car.
1801 183 1872 227 W.
1903 186 1959 228 De
1981 197 2186 244 praecepto
2205 189 2460 236 dilectionis.

1515 255 1688 299 Addidit
1727 262 1900 313 quoque
1945 259 2114 317 Moyses
2154 277 2167 307 ι
2214 278 2229 304 ι
2270 263 2428 322 Diliges
2466 266 2691 314 Dominum

1457 325 1591 368 Deum
1628 335 1748 370 tuum
1787 343 1838 372 ex
1880 337 1970 372 toto
2003 333 2133 376 eorde
2161 340 2252 388 tuo,
2272 344 2315 378 et
2345 352 2395 381 ex
2429 346 2517 383 tota
2550 342 2690 388 anima

1459 404 1609 450 tua,et
1650 411 1707 455 ex·
1742 406 1830 443 tota
1867 410 2125 457 mentetua,
2151 414 2194 449 et
2234 421 2286 451 ex
2321 418 2408 454 tota
2444 414 2693 460 lot-titudine

1455 475 1528 509 tua
1550 470 1564 482 ⁹
1589 462 1732 524 (Dent.
1755 469 1834 524 vt).
1863 485 1876 512 t
1918 470 2094 517 Addidit
2128 489 2302 533 quoque
2337 494 2433 524 eum
2460 482 2512 527 de
2535 498 2687 529 manna

1456 538 1683 582 iteraretur
1711 557 1720 584 :
1752 557 1767 582 ι
1794 541 1886 586 Non
1921 545 1963 587 in
1990 547 2083 594 solo
2106 561 2217 602 pane
2250 552 2522 607 vivit'bomo,
2551 559 2623 601 sed
2648 559 2689 602 in

1455 608 1570 672 omni
1597 613 1742 663 verbo,
1767 616 1883 669 quod
1907 619 2099 670 procedit
2117 621 2168 663 de
2193 635 2266 665 ore
2290 623 2363 666 Dei
2388 625 2527 673 (Dent.
2551 631 2689 685 vno.»

1455 677 1616 726 Panem
1644 686 1810 729 vocavit.
1840 687 1910 731 hic
1942 701 2112 734 omnem
2141 694 2282 737 cibum
2310 696 2550 744 bominum.
2574 701 2692 746 Con-

1455 756 1594 799 suerit
1618 758 1729 799 euim
1762 758 1999 814 Scriptura,
2033 775 2184 817 panem
2224 778 2302 820 pro
2321 769 2416 811 cibo
2451 781 2627 826 ponere,
2647 781 2691 818 et

1453 836 1520 871 est
1544 841 1698 872 sensus
1721 847 1731 874 :
1758 830 1898 876 Nolite
1924 825 2072 878 mirari
2097 839 2132 879 si
2152 838 2292 882 cibum
2330 843 2451 886 insoli
2480 859 2548 888 um
2576 847 2691 892 dedit

1455 890 1574 946 robis
1594 902 1818 957 Dominus,
1844 908 1944 962 quia
1968 922 2053 952 non
2078 911 2119 953 iu
2151 914 2255 957 solis
2279 916 2448 961 usitatis
2471 919 2578 963 cibis
2602 923 2689 966 vita

1452 974 1641 1020 hominis
1680 977 1868 1021 stabilita
1910 987 1976 1023 est
2012 984 2123 1036 apud
2177 983 2324 1038 Deum,
2351 989 2423 1031 sed
2448 990 2538 1033 solo
2559 993 2689 1037 verbo

1453 1045 1598 1100 potest
1627 1058 1774 1092 creare
1799 1064 1924 1103 nova,
1945 1066 1995 1096 ex
2021 1056 2175 1109 quibus
2197 1059 2312 1101 vivat
2345 1060 2491 1104 bomo.
2516 1064 2689 1109 Addidit

1452 1119 1774 1177 quoquejnter
1815 1125 2037 1178 beneficia.
2059 1131 2171 1183 quod
2197 1144 2269 1185 per
2295 1135 2577 1191 quadraginta
2611 1151 2688 1182 an—

1453 1204 1532 1235 nos
1572 1193 1613 1235 in
1655 1195 1830 1238 deserto
1853 1200 2105 1243 vestimenta
2143 1215 2290 1246 eorum
2328 1217 2410 1249 non
2446 1207 2687 1254 defecerant

1432 1273 1678 1321 ·vetustate,
1707 1282 1788 1313 nec
1812 1272 2024 1317 solutares
2047 1277 2178 1318 attriti
2201 1287 2339 1333 erant,
2364 1289 2405 1323 et
2437 1285 2553 1337 quod
2588 1291 2688 1328 eva-'—

1453 1335 1599 1382 serant
1632 1350 1850 1395 serpentes
1885 1344 1985 1387 ssatu
2020 1355 2193 1393 urentes
2218 1350 2555 1409 circumstantia,
2580 1370 2687 1414 quos

1434 1410 1507 1452 ob
1540 1411 1622 1454 hoe
1657 1411 1767 1456 sorte
1803 1418 2042 1469 supradixit
2074 1419 2248 1475 ignitos,
2276 1431 2318 1467 et
2355 1428 2621 1482 scorpiones,
2646 1425 2689 1474 ei

1450 1481 1649 1536 'dipsades
1671 1484 1813 1542 (veut.
1842 1493 1953 1544 vin),
1980 1503 2076 1546 quae
2107 1491 2258 1538 Latine
2297 1498 2435 1542 situla:
2468 1502 2684 1553 dicuntur,

1450 1554 1550 1609 quia
1572 1558 1791 1610 perimunt
1810 1560 2028 1606 bominem
2051 1566 2138 1619 siti,
2161 1564 2204 1612 et
2220 1569 2327 1613 adeo
2346 1584 2487 1626 parvae
2505 1580 2619 1629 snut,
2642 1585 2688 1620 ut

1450 1639 1547 1671 eum
1580 1630 1803 1676 calcantur
1834 1637 1903 1679 vix
1932 1638 2176 1693 videantur,
2202 1643 2328 1698 eujus
2354 1657 2561 1690 venenum
2589 1658 2687 1694 ante

1449 1703 1708 1759 exstinguit,
1745 1719 1874 1762 quam
1915 1713 2141 1765 sentiatur,
2186 1729 2265 1760 nec
2304 1718 2518 1764 tristitiam
2558 1725 2686 1777 sentit

1449 1777 1702 1822 moriturus.
1743 1779 1916 1825 Dicitur
1942 1793 2085 1828 autem
2122 1788 2248 1832 situla
2289 1802 2364 1845 per
2403 1775 2682 1848 contrarium

1448 1862 1525 1894 vas
1546 1852 1661 1895 euim
1685 1855 1800 1909 quod
1828 1857 1954 1901 situla
1985 1860 2157 1906 dicitur.
2182 1862 2320 1908 aufert
2354 1866 2485 1916 sitim,
2510 1868 2598 1912 baec
2621 1869 2685 1912 al'-

1448 1921 1545 1966 fert.
1586 1923 1706 1970 Sicut
1727 1929 1925 1982 pharetra
1950 1946 2045 1988 quse
2081 1933 2210 1978 insert
2238 1945 2436 1989 mortem,
2464 1940 2681 1996 feretrum,

1447 1998 1547 2051 quia
1567 1998 1649 2043 sert
1670 2001 1733 2043 vel
1762 2001 1903 2046 aufert
1928 2014 2162 2051 mortuum.
2191 2007 2245 2052 Ut
2277 2011 2404 2054 etiam
2442 2014 2684 2060 ostenderet

1446 2085 1541 2127 quae
1560 2076 1796 2119 necessitas
1817 2077 2077 2123 incumberet
2100 2082 2180 2133 eis,
2202 2084 2455 2132 observandi
2475 2097 2682 2145 praecepta

1447 2146 1640 2200 Domini,
1680 2150 1722 2191 in
1758 2158 1868 2194 terra
1908 2155 2213 2208 promisionis,
2248 2159 2424 2211 addidit,
2459 2163 2557 2216 quia
2595 2177 2680 2206 non

1446 2228 1538 2262 erat
1573 2228 1687 2264 terra
1726 2223 1814 2276 illa,
1843 2225 1955 2268 sicut
1995 2234 2106 2272 tetra
2143 2229 2332 2286 AEgypti,
2353 2246 2448 2288 quae
2478 2236 2682 2281 beneficio

1446 2291 1636 2336 lluminis
1662 2293 1934 2349 secundatur,
1963 2299 2032 2340 ubi
2063 2312 2138 2354 per
2163 2302 2311 2346 hortos
2339 2317 2461 2359 aquae
2484 2308 2682 2352 derivan-

1446 2373 1514 2407 tur
1538 2366 1726 2422 irriguae,
1757 2369 1831 2411 sed
1871 2378 1962 2412 erat
2001 2382 2227 2417 montuosa
2259 2382 2300 2417 et
2337 2372 2604 2432 campestris,
2629 2382 2680 2424 de

1443 2439 1552 2482 coelo
1591 2441 1780 2495 pluriam
1823 2453 2102 2500 exspectans3
2144 2455 2186 2490 et
2224 2448 2319 2492 ideo
2363 2451 2592 2505 plurimum
2623 2454 2678 2496 ibi

1442 2512 1669 2556 colendum
1707 2514 1858 2568 Deum,
1886 2525 1932 2559 ut
1961 2519 2082 2562 daret
2118 2521 2155 2562 ci
2192 2522 2378 2576 pluviam
2418 2526 2678 2579 temporibus

1443 2587 1555 2639 suis,
1579 2593 1903 2643 tempoianeam
1927 2581 2105 2636 scilicet
2143 2595 2184 2636 in
2227 2603 2451 2650 autumno,
2482 2599 2522 2640 in
2563 2611 2676 2652 vere,

1441 2660 1507 2703 vel
1538 2662 1580 2703 in
1618 2661 1771 2715 bieme,
1788 2664 1917 2718 Jactis
1943 2667 2182 2712 seminibus
2216 2671 2471 2723 nutriendis,
2494 2679 2536 2715 ct
2559 2685 2678 2716 sero-

1443 2736 1594 2788 tinam,
1621 2737 1672 2781 ad
1710 2748 1975 2783 crementum
2016 2742 2057 2784 iu
2097 2755 2194 2785 vere
2218 2743 2282 2786 vel
2315 2754 2476 2788 aestate.
2502 2747 2677 2791 Addidit

1441 2822 1614 2865 quoque
1652 2812 1705 2854 de
1745 2814 1941 2857 terminis
1980 2821 2104 2858 terrae
2131 2818 2446 2871 promissionis
2483 2820 2629 2864 dicens
2661 2835 2672 2863 ε

1445 2899 1458 2923 c
1488 2883 1638 2928 Omnis
1663 2885 1802 2939 loeus,
1827 2900 1955 2942 quem
1990 2889 2219 2934 calcaverit
2252 2905 2326 2948 pes
2354 2903 2507 2947 tester,
2535 2903 2674 2938 vester

1439 2959 1536 3009 erit,
1561 2972 1584 3002 a
1608 2959 1794 3013 deserto,
1820 2962 1934 3017 quod
1959 2970 2024 3005 est
2046 2964 2088 3006 in
2114 2965 2308 3018 meridie,
2332 2975 2374 3009 et
2394 2967 2573 3019 Libano,
2599 2971 2671 3024 qui

1441 3033 1481 3074 in
1506 3033 1810 3088 septentrione,
1827 3043 1868 3078 et
1888 3035 2064 3078 {lumine
2087 3049 2241 3093 magno
2263 3039 2494 3095 Euphrate,
2516 3043 2586 3097 qui
2606 3053 2671 3087 est

1440 3105 1481 3147 iu
1513 3105 1696 3158 oriente,
1722 3118 1858 3161 usque
1882 3108 1934 3149 ad
1958 3106 2318 3151 Mediterraneum
2346 3118 2470 3153 erunt
2502 3112 2669 3154 termini

1438 3179 1566 3222 vest-ri
1590 3179 1731 3234 (Dent.
1755 3184 1821 3235 n),
1844 3180 1924 3223 hoc
1946 3188 2012 3224 est
2044 3194 2162 3224 mare
2183 3184 2296 3237 quod
2321 3182 2585 3239 Tyrrhenum
2606 3186 2671 3228 di-

1438 3251 1565 3293 citur.
1589 3251 1762 3294 Addidit
1781 3265 1952 3307 quoque
1987 3255 2101 3309 quod
2136 3254 2455 3300 benedictiones
2474 3265 2521 3299 et.
2539 3259 2667 3299 male-

1437 3324 1647 3367 dictiones
1678 3326 1861 3380 scriptas
1896 3326 1940 3368 in
1978 3326 2087 3368 libro
2121 3327 2217 3380 boe,
2244 3328 2426 3371 transito
2457 3328 2665 3382 Jordane;

114 3395 345 3442 Iordanem
366 3398 504 3443 Bosor
526 3401 569 3444 in
590 3401 704 3446 trihu
726 3401 895 3456 Rubffl„
917 3403 1101 3447 gamoth
1125 3404 1283 3449 Gataad
1313 3407 1353 3448 5„
1381 3411 1415 3453 D
1440 3397 1481 3439 in
1503 3409 1677 3452 egressu
1703 3407 1782 3442 suo
1802 3399 2007 3450 dicerent,
2041 3400 2083 3441 in
2119 3401 2233 3443 bunc
2253 3401 2425 3443 modum
2450 3416 2459 3444 :
2485 3401 2566 3444 Sex
2592 3403 2667 3444 tri-

115 3474 227 3517 tribu
250 3473 356 3527 Gad,
382 3474 516 3518 Gelan
543 3477 584 3518 in
608 3475 746 3529 Basan
773 3478 815 3521 in
846 3479 963 3522 tribu*
986 3479 1183 3530 Manasse
1207 3481 1347 3535 (Dent.

115 3551 192 3601 tv).
217 3546 376 3590 Harum
405 3548 472 3590 bie
495 3561 602 3592 usus
624 3558 717 3593 erat
741 3565 752 3594 ε
786 3552 819 3595 si
843 3554 942 3608 quis
963 3554 1111 3597 nolens
1137 3554 1352 3597 hominem

115 3619 358 3672 occidisset,
385 3620 663 3676 confugiebat
703 3625 755 3669 ad
797 3625 985 3681 aliquam
1024 3627 1196 3680 barum,
1222 3635 1263 3669 ct
1295 3627 1352 3669 ibi

114 3705 136 3735 a
158 3694 490 3750 consanguineis
525 3698 655 3740 occisi
697 3706 815 3742 tutus
855 3707 964 3743 erat.
1009 3699 1053 3744 Si
1088 3700 1201 3744 enim
1233 3707 1352 3744 extra

113 3766 220 3815 fines
263 3767 448 3823 alicujus
494 3768 649 3812 barum
694 3771 930 3821 invenisset
969 3786 1085 3827 eum,
1124 3774 1198 3828 qui
1239 3775 1353 3817 ultor

113 3841 484 3897 sanguinis-effusi
518 3856 614 3887 esse
644 3844 842 3899 debebat,
878 3847 1052 3901 impune
1086 3847 1352 3902 percutiebat

113 3914 389 3959 homicidam.
429 3915 531 3960 Erat
569 3926 711 3962 autem
743 3919 786 3962 in
815 3933 864 3963 ca
900 3919 1106 3977 fugitivus
1137 3933 1272 3976 usque
1297 3922 1349 3964 ad

113 3988 503 4035 reconciliationem
543 4004 642 4034 euin
688 3994 964 4048 propinquis,
1003 3994 1070 4038 vel
1117 4008 1254 4049 usque
1296 3995 1348 4038 ad

113 4066 294 4103 mortem
324 4063 481 4105 summi
511 4064 744 4118 pontificis,
761 4065 912 4120 inquo
930 4065 1176 4120 huiusmodi
1197 4079 1348 4110 omnes

113 4130 296 4184 fugitivi,
321 4134 520 4178 redibant
546 4136 687 4178 securi
706 4137 757 4179 ad
782 4136 969 4191 propria.
993 4138 1151 4180 Tamen
1179 4138 1216 4181 si
1247 4151 1347 4193 pro-

111 4204 260 4259 pinqui
283 4206 416 4250 occisi
438 4209 642 4252 volebant
667 4209 789 4252 illum
818 4211 1039 4264 impetere,
1061 4211 1174 4265 quod
1200 4213 1346 4254 volens

110 4276 357 4329 occidisset,
383 4283 423 4320 et
445 4291 591 4322 eoram
625 4279 791 4324 civibus
815 4281 936 4324 urbis
959 4281 1053 4335 ejus
1079 4282 1161 4325 boe
1186 4282 1340 4337 proba‘

113 4353 222 4398 rent,
243 4349 493 4394 tradebatur
512 4350 575 4394 eis
602 4351 653 4394 ad
676 4352 976 4397 occidendum.

1435 3470 1516 3514 bus
1556 3472 1743 3525 majores
1787 3480 1888 3514 natu
1935 3474 2214 3515 ascenderent
2253 3481 2435 3516 montem
2478 3474 2664 3517 Gerizim

1435 3559 1531 3588 cum
1567 3547 1865 3590 sacerdotibus
1887 3554 1926 3590 et
1944 3546 2120 3600 Levitis,
2151 3557 2192 3591 et
2212 3562 2283 3591 sex
2316 3550 2506 3592 minores
2542 3562 2664 3592 mou-

1435 3628 1517 3662 tem
1539 3620 1643 3663 Ebal
1668 3633 1691 3663 e
1711 3622 1900 3676 regione,
1926 3623 2059 3676 etqui
2090 3624 2131 3663 in
2155 3622 2339 3665 Gariznn
2364 3635 2512 3664 omnes
2536 3624 2662 3665 benc·

1433 3694 1644 3738 dictiones
1672 3695 1864 3738 dicerent
1892 3708 2021 3750 super
2051 3696 2154 3750 togis
2191 3697 2505 3747 observatores,
2526 3705 2566 3738 et
2589 3696 2659 3750 qui

1433 3767 1474 3809 in
1511 3765 1615 3809 Ebal
1659 3767 1968 3821 responderent
2003 3782 2014 3810 z
2048 3767 2200 3810 Amen.
2242 3768 2343 3811 Post
2379 3774 2661 3812 ,ascenderent

1432 3840 1675 3882 sacerdotes
1695 3846 1734 3881 et
1753 3838 1910 3882 Levitze
1928 3852 2023 3882 euni
2048 3841 2143 3882 aliis
2163 3854 2236 3882 sex
2259 3842 2451 3883 tribubus
2477 3842 2515 3882 in
2538 3841 2659 3893 Ebai,

1430 3919 1471 3954 ct
1490 3912 1618 3955 simul
1644 3924 1795 3956 omnes
1820 3914 2142 3956 maledictiones
2163 3914 2500 3968 imprecarentur
2522 3922 2659 3958 trans-

1430 3986 1718 4041 gressoribus,
1735 3993 1777 4028 ct
1801 3987 1872 4041 qui
1894 3987 1935 4028 in
1956 3985 2142 4029 Garlzim
2160 3988 2655 4041 respondere11t2A1nen.

1428 4058 1480 4101 Et
1499 4049 1618 4110 ncta,
1644 4062 1743 4115 quia
1767 4072 1864 4102 cuin.
1882 4068 2107 4103 enumerat
2144 4069 2289 4116 gentes
2315 4072 2421 4115 quas
2443 4059 2656 4115 ejecerunt

1427 4131 1479 4172 de
1521 4138 1633 4174 terra
1675 4117 1992 4186 pro-missionis,
2032 4132 2121 4175 sere
2158 4133 2316 4186 ubique
2355 4143 2429 4174 sex
2466 4133 2656 4174 nominat

1427 4203 1734 4255 Cbananaeum,
1754 4204 2067 4255 Amorrlneum,
2086 4205 2372 4256 Plierezaeum,
2393 4204 2651 4257 Jettnzaeum,

1427 4277 1645 4329 Hevaeum,
1671 4276 1909 4320 Hethaentn.
1946 4276 1989 4318 ln
2029 4278 2106 4320 liae
2134 4289 2236 4319 vero
2270 4276 2491 4318 iteratione
2515 4275 2654 4316 nomi«

1427 4357 1499 4392 nat
1523 4351 1751 4405 septimum
1777 4350 2068 4406 Gergezaeum.
2107 4350 2206 4394 ltem
2237 4357 2334 4391 nota
2354 4349 2452 4403 quia
2472 4348 2652 4389 Abrabae

1423 4423 1685 4480 promissum
1721 4431 1803 4476 cst,
1827 4423 1940 4478 quod
1967 4424 2109 4466 decem
2135 4423 2391 4473 delerentur,
2421 4433 2513 4474 qnae
2552 4428 2649 4461 tunc-
