<?xml version="1.0" encoding="UTF-8"?>
<!DOCTYPE html PUBLIC "-//W3C//DTD XHTML 1.0 Transitional//EN"
    "http://www.w3.org/TR/xhtml1/DTD/xhtml1-transitional.dtd">
<html xmlns="http://www.w3.org/1999/xhtml" xml:lang="en" lang="en">
 <head>
  <title>
</title>
<meta http-equiv="Content-Type" content="text/html;charset=utf-8" />
  <meta name='ocr-system' content='tesseract 3.04.00' />
  <meta name='ocr-capabilities' content='ocr_page ocr_carea ocr_par ocr_line ocrx_word'/>
</head>
<body>
  <div class='ocr_page' id='page_1' title='image "./patrologiaecursu00hammuoft_0267.png"; bbox 0 0 2924 4588; ppageno 0'>
   <div class='ocr_carea' id='block_1_1' title="bbox 10 68 100 142">
    <p class='ocr_par' dir='ltr' id='par_1_1' title="bbox 10 68 100 142">
     <span class='ocr_line' id='line_1_1' title="bbox 10 68 100 142; baseline -0.067 0"><span class='ocrx_word' id='word_1_1' title='bbox 10 68 100 142; x_wconf 61' lang='grc' dir='ltr'>ἰιι-ι</span> 
     </span>
    </p>
   </div>
   <div class='ocr_carea' id='block_1_2' title="bbox 734 70 1872 134">
    <p class='ocr_par' dir='ltr' id='par_1_2' title="bbox 734 70 1872 134">
     <span class='ocr_line' id='line_1_2' title="bbox 734 70 1872 134; baseline 0 -3"><span class='ocrx_word' id='word_1_2' title='bbox 734 83 804 132; x_wconf 85' lang='lat' dir='ltr'><strong>DE</strong></span> <span class='ocrx_word' id='word_1_3' title='bbox 831 82 1032 134; x_wconf 63' lang='lat' dir='ltr'><strong>eumue·</strong></span> <span class='ocrx_word' id='word_1_4' title='bbox 1061 74 1131 127; x_wconf 71' lang='lat' dir='ltr'><strong>ET</strong></span> <span class='ocrx_word' id='word_1_5' title='bbox 1163 75 1365 127; x_wconf 59' lang='lat' dir='ltr'><strong>usum]</strong></span> <span class='ocrx_word' id='word_1_6' title='bbox 1397 70 1872 133; x_wconf 70' lang='lat' dir='ltr'><strong>CANON1C.1&gt;RAEM.</strong></span> 
     </span>
    </p>
   </div>
   <div class='ocr_carea' id='block_1_3' title="bbox 2497 73 2580 120">
    <p class='ocr_par' dir='ltr' id='par_1_3' title="bbox 2497 73 2580 120">
     <span class='ocr_line' id='line_1_3' title="bbox 2497 73 2580 120; baseline -0.024 -1"><span class='ocrx_word' id='word_1_7' title='bbox 2497 73 2580 120; x_wconf 68' lang='lat' dir='ltr'><strong>sta</strong></span> 
     </span>
    </p>
   </div>
   <div class='ocr_carea' id='block_1_4' title="bbox 30 170 2579 239">
    <p class='ocr_par' dir='ltr' id='par_1_4' title="bbox 30 170 2579 239">
     <span class='ocr_line' id='line_1_4' title="bbox 30 170 2579 239; baseline -0.001 -10.977"><span class='ocrx_word' id='word_1_8' title='bbox 30 185 220 236; x_wconf 53' lang='lat' dir='ltr'><strong>{lectum</strong></span> <span class='ocrx_word' id='word_1_9' title='bbox 245 187 339 239; x_wconf 78' lang='lat' dir='ltr'><strong>quae</strong></span> <span class='ocrx_word' id='word_1_10' title='bbox 371 186 472 227; x_wconf 86' lang='lat' dir='ltr'><strong>sunt</strong></span> <span class='ocrx_word' id='word_1_11' title='bbox 506 179 704 225; x_wconf 77' lang='lat' dir='ltr'><strong>videiieet</strong></span> <span class='ocrx_word' id='word_1_12' title='bbox 733 170 972 236; x_wconf 82' lang='lat' dir='ltr'><strong>spiritualis</strong></span> <span class='ocrx_word' id='word_1_13' title='bbox 1005 180 1049 221; x_wconf 80' lang='lat' dir='ltr'><strong>et</strong></span> <span class='ocrx_word' id='word_1_14' title='bbox 1084 175 1254 221; x_wconf 72' lang='lat' dir='ltr'><strong>sincera</strong></span> <span class='ocrx_word' id='word_1_15' title='bbox 1275 179 1312 226; x_wconf 79' lang='lat' dir='ltr'>A</span> <span class='ocrx_word' id='word_1_16' title='bbox 1332 174 1610 231; x_wconf 65' lang='lat' dir='ltr'><strong>praelatorum</strong></span> <span class='ocrx_word' id='word_1_17' title='bbox 1641 183 1906 231; x_wconf 82' lang='lat' dir='ltr'><strong>nostrorum,</strong></span> <span class='ocrx_word' id='word_1_18' title='bbox 1927 171 2085 236; x_wconf 82' lang='lat' dir='ltr'><strong>quibus</strong></span> <span class='ocrx_word' id='word_1_19' title='bbox 2115 191 2194 223; x_wconf 88' lang='lat' dir='ltr'><strong>nos</strong></span> <span class='ocrx_word' id='word_1_20' title='bbox 2217 179 2310 223; x_wconf 60' lang='lat' dir='ltr'><strong>tice</strong></span> <span class='ocrx_word' id='word_1_21' title='bbox 2333 177 2407 222; x_wconf 85' lang='lat' dir='ltr'><strong>Dei</strong></span> <span class='ocrx_word' id='word_1_22' title='bbox 2428 191 2579 225; x_wconf 75' lang='lat' dir='ltr'><strong>conve·</strong></span> 
     </span>
    </p>
   </div>
   <div class='ocr_carea' id='block_1_5' title="bbox 10 250 1301 1380">
    <p class='ocr_par' dir='ltr' id='par_1_5' title="bbox 13 250 1301 1380">
     <span class='ocr_line' id='line_1_5' title="bbox 13 250 1256 314; baseline -0.007 -12.724"><span class='ocrx_word' id='word_1_23' title='bbox 13 255 254 301; x_wconf 83' lang='lat' dir='ltr'><strong>ncordiae</strong></span> <span class='ocrx_word' id='word_1_24' title='bbox 289 255 430 298; x_wconf 83' lang='lat' dir='ltr'><strong>unitas</strong></span> <span class='ocrx_word' id='word_1_25' title='bbox 471 255 517 297; x_wconf 88' lang='lat' dir='ltr'><strong>in</strong></span> <span class='ocrx_word' id='word_1_26' title='bbox 555 252 714 314; x_wconf 83' lang='lat' dir='ltr'><strong>animo,</strong></span> <span class='ocrx_word' id='word_1_27' title='bbox 744 257 788 296; x_wconf 81' lang='lat' dir='ltr'><strong>et</strong></span> <span class='ocrx_word' id='word_1_28' title='bbox 824 250 968 295; x_wconf 85' lang='lat' dir='ltr'><strong>omnis</strong></span> <span class='ocrx_word' id='word_1_29' title='bbox 1001 250 1175 309; x_wconf 74' lang='lat' dir='ltr'><strong>penitus</strong></span> <span class='ocrx_word' id='word_1_30' title='bbox 1212 254 1256 292; x_wconf 88' lang='lat' dir='ltr'><strong>in</strong></span> 
     </span>
     <span class='ocr_line' id='line_1_6' title="bbox 14 309 1255 382; baseline -0.004 -13"><span class='ocrx_word' id='word_1_31' title='bbox 14 329 142 376; x_wconf 66' lang='lat' dir='ltr'><strong>„bus</strong></span> <span class='ocrx_word' id='word_1_32' title='bbox 164 327 469 382; x_wconf 77' lang='lat' dir='ltr'>temporalibus</span> <span class='ocrx_word' id='word_1_33' title='bbox 497 309 773 382; x_wconf 64' lang='lat' dir='ltr'><strong>proprietatis</strong></span> <span class='ocrx_word' id='word_1_34' title='bbox 804 323 1005 378; x_wconf 74' lang='lat' dir='ltr'><strong>abiectio.</strong></span> <span class='ocrx_word' id='word_1_35' title='bbox 1033 319 1150 373; x_wconf 66' lang='lat' dir='ltr'><strong>Herc,</strong></span> <span class='ocrx_word' id='word_1_36' title='bbox 1184 320 1255 364; x_wconf 87' lang='lat' dir='ltr'><strong>in-</strong></span> 
     </span>
     <span class='ocr_line' id='line_1_7' title="bbox 24 394 1256 454; baseline -0.007 -10.895"><span class='ocrx_word' id='word_1_37' title='bbox 24 399 118 450; x_wconf 86' lang='grc' dir='ltr'>ιιιι,</span> <span class='ocrx_word' id='word_1_38' title='bbox 149 405 262 448; x_wconf 79' lang='lat' dir='ltr'><strong>sunt,</strong></span> <span class='ocrx_word' id='word_1_39' title='bbox 285 411 377 454; x_wconf 78' lang='lat' dir='ltr'><strong>qua·</strong></span> <span class='ocrx_word' id='word_1_40' title='bbox 404 404 452 440; x_wconf 79' lang='lat' dir='ltr'><strong>ut</strong></span> <span class='ocrx_word' id='word_1_41' title='bbox 484 395 704 440; x_wconf 76' lang='lat' dir='ltr'><strong>observetis</strong></span> <span class='ocrx_word' id='word_1_42' title='bbox 735 395 998 452; x_wconf 74' lang='lat' dir='ltr'><strong>praecipimus</strong></span> <span class='ocrx_word' id='word_1_43' title='bbox 1034 394 1078 436; x_wconf 78' lang='lat' dir='ltr'><strong>iu</strong></span> <span class='ocrx_word' id='word_1_44' title='bbox 1107 405 1256 436; x_wconf 83' lang='lat' dir='ltr'><strong>mona-</strong></span> 
     </span>
     <span class='ocr_line' id='line_1_8' title="bbox 60 466 1254 524; baseline -0.003 -11.959"><span class='ocrx_word' id='word_1_45' title='bbox 60 469 136 513; x_wconf 79' lang='lat' dir='ltr'><strong>rio</strong></span> <span class='ocrx_word' id='word_1_46' title='bbox 165 470 395 512; x_wconf 81' lang='lat' dir='ltr'><strong>constituti.</strong></span> <span class='ocrx_word' id='word_1_47' title='bbox 412 467 607 512; x_wconf 80' lang='lat' dir='ltr'><strong>Primum</strong></span> <span class='ocrx_word' id='word_1_48' title='bbox 628 474 796 524; x_wconf 80' lang='lat' dir='ltr'><strong>propter</strong></span> <span class='ocrx_word' id='word_1_49' title='bbox 808 466 951 523; x_wconf 82' lang='lat' dir='ltr'><strong>quod</strong></span> <span class='ocrx_word' id='word_1_50' title='bbox 938 479 980 508; x_wconf 81' lang='lat' dir='ltr'><strong>m</strong></span> <span class='ocrx_word' id='word_1_51' title='bbox 1000 478 1128 508; x_wconf 80' lang='lat' dir='ltr'><strong>unum</strong></span> <span class='ocrx_word' id='word_1_52' title='bbox 1155 478 1254 508; x_wconf 67' lang='lat' dir='ltr'><strong>ton-</strong></span> 
     </span>
     <span class='ocr_line' id='line_1_9' title="bbox 30 538 1254 599; baseline -0.006 -11.842"><span class='ocrx_word' id='word_1_53' title='bbox 30 544 165 599; x_wconf 74' lang='lat' dir='ltr'><strong>eyati</strong></span> <span class='ocrx_word' id='word_1_54' title='bbox 201 543 316 594; x_wconf 71' lang='lat' dir='ltr'><strong>estis,</strong></span> <span class='ocrx_word' id='word_1_55' title='bbox 347 548 393 584; x_wconf 83' lang='lat' dir='ltr'><strong>ut</strong></span> <span class='ocrx_word' id='word_1_56' title='bbox 430 541 645 584; x_wconf 80' lang='lat' dir='ltr'><strong>unanimes</strong></span> <span class='ocrx_word' id='word_1_57' title='bbox 683 539 876 583; x_wconf 78' lang='lat' dir='ltr'><strong>habitetis</strong></span> <span class='ocrx_word' id='word_1_58' title='bbox 900 540 944 582; x_wconf 83' lang='lat' dir='ltr'><strong>iu</strong></span> <span class='ocrx_word' id='word_1_59' title='bbox 975 538 1113 590; x_wconf 86' lang='lat' dir='ltr'><strong>domo,</strong></span> <span class='ocrx_word' id='word_1_60' title='bbox 1137 545 1177 582; x_wconf 80' lang='lat' dir='ltr'><strong>et</strong></span> <span class='ocrx_word' id='word_1_61' title='bbox 1198 538 1254 581; x_wconf 74' lang='lat' dir='ltr'><strong>sit</strong></span> 
     </span>
     <span class='ocr_line' id='line_1_10' title="bbox 84 608 1252 663; baseline -0.006 -6"><span class='ocrx_word' id='word_1_62' title='bbox 84 615 119 657; x_wconf 76' lang='lat' dir='ltr'><strong>is</strong></span> <span class='ocrx_word' id='word_1_63' title='bbox 154 614 295 656; x_wconf 81' lang='lat' dir='ltr'><strong>anima</strong></span> <span class='ocrx_word' id='word_1_64' title='bbox 321 625 421 663; x_wconf 84' lang='lat' dir='ltr'><strong>una,</strong></span> <span class='ocrx_word' id='word_1_65' title='bbox 455 619 493 655; x_wconf 86' lang='lat' dir='ltr'><strong>et</strong></span> <span class='ocrx_word' id='word_1_66' title='bbox 523 624 594 654; x_wconf 86' lang='lat' dir='ltr'><strong>cor</strong></span> <span class='ocrx_word' id='word_1_67' title='bbox 629 623 759 654; x_wconf 82' lang='lat' dir='ltr'><strong>unum</strong></span> <span class='ocrx_word' id='word_1_68' title='bbox 782 611 826 654; x_wconf 82' lang='lat' dir='ltr'><strong>iu</strong></span> <span class='ocrx_word' id='word_1_69' title='bbox 852 610 954 654; x_wconf 84' lang='lat' dir='ltr'><strong>Deo.</strong></span> <span class='ocrx_word' id='word_1_70' title='bbox 989 608 1042 652; x_wconf 76' lang='lat' dir='ltr'><strong>Et</strong></span> <span class='ocrx_word' id='word_1_71' title='bbox 1074 609 1166 653; x_wconf 83' lang='lat' dir='ltr'><strong>haee</strong></span> <span class='ocrx_word' id='word_1_72' title='bbox 1199 609 1252 653; x_wconf 84' lang='lat' dir='ltr'><strong>de</strong></span> 
     </span>
     <span class='ocr_line' id='line_1_11' title="bbox 36 681 1250 747; baseline -0.006 -16.768"><span class='ocrx_word' id='word_1_73' title='bbox 36 692 163 730; x_wconf 87' lang='lat' dir='ltr'><strong>tute</strong></span> <span class='ocrx_word' id='word_1_74' title='bbox 182 686 361 730; x_wconf 72' lang='lat' dir='ltr'>sincerae,</span> <span class='ocrx_word' id='word_1_75' title='bbox 385 690 427 728; x_wconf 87' lang='lat' dir='ltr'><strong>et</strong></span> <span class='ocrx_word' id='word_1_76' title='bbox 448 683 685 747; x_wconf 84' lang='lat' dir='ltr'><strong>spiritualis</strong></span> <span class='ocrx_word' id='word_1_77' title='bbox 708 683 904 726; x_wconf 87' lang='lat' dir='ltr'><strong>unitatis.</strong></span> <span class='ocrx_word' id='word_1_78' title='bbox 924 681 980 725; x_wconf 80' lang='lat' dir='ltr'><strong>Ec</strong></span> <span class='ocrx_word' id='word_1_79' title='bbox 1001 694 1084 725; x_wconf 85' lang='lat' dir='ltr'><strong>uon</strong></span> <span class='ocrx_word' id='word_1_80' title='bbox 1100 681 1250 724; x_wconf 79' lang='lat' dir='ltr'><strong>dicatis</strong></span> 
     </span>
     <span class='ocr_line' id='line_1_12' title="bbox 10 745 1246 816; baseline -0.005 -14.792"><span class='ocrx_word' id='word_1_81' title='bbox 10 745 164 816; x_wconf 55' lang='grc' dir='ltr'><strong>Ἤαὶά</strong></span> <span class='ocrx_word' id='word_1_82' title='bbox 198 759 429 813; x_wconf 80' lang='lat' dir='ltr'><strong>proprium,</strong></span> <span class='ocrx_word' id='word_1_83' title='bbox 467 755 539 800; x_wconf 82' lang='lat' dir='ltr'><strong>sed</strong></span> <span class='ocrx_word' id='word_1_84' title='bbox 563 755 647 799; x_wconf 82' lang='lat' dir='ltr'><strong>siut</strong></span> <span class='ocrx_word' id='word_1_85' title='bbox 679 754 791 798; x_wconf 82' lang='lat' dir='ltr'><strong>vobis</strong></span> <span class='ocrx_word' id='word_1_86' title='bbox 825 755 965 798; x_wconf 71' lang='lat' dir='ltr'><strong>omnia.</strong></span> <span class='ocrx_word' id='word_1_87' title='bbox 997 754 1246 798; x_wconf 78' lang='lat' dir='ltr'><strong>communia.</strong></span> 
     </span>
     <span class='ocr_line' id='line_1_13' title="bbox 52 825 1246 884; baseline -0.005 -9.856"><span class='ocrx_word' id='word_1_88' title='bbox 52 843 104 874; x_wconf 88' lang='lat' dir='ltr'><strong>e</strong></span> <span class='ocrx_word' id='word_1_89' title='bbox 122 835 264 873; x_wconf 87' lang='lat' dir='ltr'><strong>antem</strong></span> <span class='ocrx_word' id='word_1_90' title='bbox 286 829 339 872; x_wconf 87' lang='lat' dir='ltr'><strong>de</strong></span> <span class='ocrx_word' id='word_1_91' title='bbox 358 828 598 884; x_wconf 66' lang='lat' dir='ltr'><strong>abJectione</strong></span> <span class='ocrx_word' id='word_1_92' title='bbox 618 827 910 884; x_wconf 77' lang='lat' dir='ltr'>proprietatis.</span> <span class='ocrx_word' id='word_1_93' title='bbox 938 825 994 869; x_wconf 89' lang='lat' dir='ltr'><strong>Ut</strong></span> <span class='ocrx_word' id='word_1_94' title='bbox 1013 827 1246 878; x_wconf 81' lang='lat' dir='ltr'><strong>unanimes,</strong></span> 
     </span>
     <span class='ocr_line' id='line_1_14' title="bbox 22 897 1248 961; baseline -0.006 -14.836"><span class='ocrx_word' id='word_1_95' title='bbox 22 902 158 961; x_wconf 78' lang='lat' dir='ltr'><strong>quit,</strong></span> <span class='ocrx_word' id='word_1_96' title='bbox 182 901 376 944; x_wconf 78' lang='lat' dir='ltr'><strong>habitetis</strong></span> <span class='ocrx_word' id='word_1_97' title='bbox 410 902 459 944; x_wconf 85' lang='lat' dir='ltr'><strong>in</strong></span> <span class='ocrx_word' id='word_1_98' title='bbox 475 899 568 944; x_wconf 83' lang='lat' dir='ltr'><strong>don</strong></span> <span class='ocrx_word' id='word_1_99' title='bbox 574 913 612 943; x_wconf 94' lang='lat'><strong>0.</strong></span> <span class='ocrx_word' id='word_1_100' title='bbox 646 898 814 950; x_wconf 86' lang='lat' dir='ltr'><strong>Videte,</strong></span> <span class='ocrx_word' id='word_1_101' title='bbox 835 898 936 954; x_wconf 86' lang='lat' dir='ltr'><strong>quia</strong></span> <span class='ocrx_word' id='word_1_102' title='bbox 965 910 1053 941; x_wconf 89' lang='lat' dir='ltr'><strong>non</strong></span> <span class='ocrx_word' id='word_1_103' title='bbox 1073 897 1248 954; x_wconf 87' lang='lat' dir='ltr'><strong>prodest</strong></span> 
     </span>
     <span class='ocr_line' id='line_1_15' title="bbox 33 968 1246 1024; baseline -0.007 -4.832"><span class='ocrx_word' id='word_1_104' title='bbox 33 971 211 1019; x_wconf 88' lang='lat' dir='ltr'><strong>bitatio</strong></span> <span class='ocrx_word' id='word_1_105' title='bbox 239 973 282 1016; x_wconf 90' lang='lat' dir='ltr'><strong>in</strong></span> <span class='ocrx_word' id='word_1_106' title='bbox 303 973 446 1024; x_wconf 88' lang='lat' dir='ltr'><strong>domo,</strong></span> <span class='ocrx_word' id='word_1_107' title='bbox 471 972 508 1016; x_wconf 91' lang='lat' dir='ltr'><strong>si</strong></span> <span class='ocrx_word' id='word_1_108' title='bbox 529 971 650 1015; x_wconf 87' lang='lat' dir='ltr'><strong>deest</strong></span> <span class='ocrx_word' id='word_1_109' title='bbox 678 971 823 1015; x_wconf 87' lang='lat' dir='ltr'><strong>unitas</strong></span> <span class='ocrx_word' id='word_1_110' title='bbox 859 971 904 1013; x_wconf 90' lang='lat' dir='ltr'><strong>in</strong></span> <span class='ocrx_word' id='word_1_111' title='bbox 933 971 1090 1013; x_wconf 87' lang='lat' dir='ltr'><strong>animo.</strong></span> <span class='ocrx_word' id='word_1_112' title='bbox 1119 968 1170 1011; x_wconf 83' lang='grc' dir='ltr'><strong>Ει</strong></span> <span class='ocrx_word' id='word_1_113' title='bbox 1193 969 1246 1012; x_wconf 79' lang='lat' dir='ltr'><strong>sil</strong></span> 
     </span>
     <span class='ocr_line' id='line_1_16' title="bbox 61 1041 1245 1099; baseline -0.007 -7.877"><span class='ocrx_word' id='word_1_114' title='bbox 61 1048 112 1091; x_wconf 75' lang='lat' dir='ltr'><strong>is</strong></span> <span class='ocrx_word' id='word_1_115' title='bbox 136 1047 279 1092; x_wconf 82' lang='lat' dir='ltr'><strong>anima</strong></span> <span class='ocrx_word' id='word_1_116' title='bbox 313 1058 414 1096; x_wconf 81' lang='lat' dir='ltr'><strong>una,</strong></span> <span class='ocrx_word' id='word_1_117' title='bbox 438 1052 477 1087; x_wconf 82' lang='lat' dir='ltr'><strong>et</strong></span> <span class='ocrx_word' id='word_1_118' title='bbox 510 1056 581 1086; x_wconf 86' lang='lat' dir='ltr'><strong>cor</strong></span> <span class='ocrx_word' id='word_1_119' title='bbox 613 1056 771 1092; x_wconf 85' lang='lat' dir='ltr'><strong>unum,·</strong></span> <span class='ocrx_word' id='word_1_120' title='bbox 796 1048 1010 1099; x_wconf 85' lang='lat' dir='ltr'><strong>quatenus</strong></span> <span class='ocrx_word' id='word_1_121' title='bbox 1034 1041 1146 1086; x_wconf 90' lang='lat' dir='ltr'><strong>sicut</strong></span> <span class='ocrx_word' id='word_1_122' title='bbox 1169 1053 1245 1084; x_wconf 87' lang='lat' dir='ltr'><strong>vos</strong></span> 
     </span>
     <span class='ocr_line' id='line_1_17' title="bbox 69 1115 1246 1167; baseline -0.004 -5"><span class='ocrx_word' id='word_1_123' title='bbox 69 1137 73 1157; x_wconf 88' lang='grc' dir='ltr'><strong>ι</strong></span> <span class='ocrx_word' id='word_1_124' title='bbox 103 1131 153 1163; x_wconf 89' lang='lat' dir='ltr'><strong>us</strong></span> <span class='ocrx_word' id='word_1_125' title='bbox 174 1119 365 1162; x_wconf 86' lang='lat' dir='ltr'><strong>continet</strong></span> <span class='ocrx_word' id='word_1_126' title='bbox 388 1129 504 1167; x_wconf 85' lang='lat' dir='ltr'><strong>una,</strong></span> <span class='ocrx_word' id='word_1_127' title='bbox 528 1117 591 1159; x_wconf 88' lang='lat' dir='ltr'><strong>sic</strong></span> <span class='ocrx_word' id='word_1_128' title='bbox 609 1122 652 1160; x_wconf 88' lang='lat' dir='ltr'><strong>et</strong></span> <span class='ocrx_word' id='word_1_129' title='bbox 673 1128 805 1159; x_wconf 84' lang='lat' dir='ltr'><strong>unum</strong></span> <span class='ocrx_word' id='word_1_130' title='bbox 827 1115 929 1158; x_wconf 89' lang='lat' dir='ltr'><strong>insit</strong></span> <span class='ocrx_word' id='word_1_131' title='bbox 950 1115 1071 1159; x_wconf 81' lang='lat' dir='ltr'><strong>vobis</strong></span> <span class='ocrx_word' id='word_1_132' title='bbox 1092 1127 1183 1166; x_wconf 86' lang='lat' dir='ltr'><strong>cor,</strong></span> <span class='ocrx_word' id='word_1_133' title='bbox 1202 1120 1246 1158; x_wconf 88' lang='lat' dir='ltr'><strong>et</strong></span> 
     </span>
     <span class='ocr_line' id='line_1_18' title="bbox 49 1186 1243 1244; baseline -0.008 -7.947"><span class='ocrx_word' id='word_1_134' title='bbox 49 1189 141 1236; x_wconf 84' lang='lat' dir='ltr'><strong>&#39;ima</strong></span> <span class='ocrx_word' id='word_1_135' title='bbox 161 1201 262 1235; x_wconf 88' lang='lat' dir='ltr'><strong>una.</strong></span> <span class='ocrx_word' id='word_1_136' title='bbox 285 1188 337 1230; x_wconf 86' lang='lat' dir='ltr'><strong>Et</strong></span> <span class='ocrx_word' id='word_1_137' title='bbox 357 1187 507 1231; x_wconf 87' lang='lat' dir='ltr'><strong>addit</strong></span> <span class='ocrx_word' id='word_1_138' title='bbox 493 1200 537 1230; x_wconf 82' lang='lat' dir='ltr'><strong>m</strong></span> <span class='ocrx_word' id='word_1_139' title='bbox 557 1186 672 1239; x_wconf 84' lang='lat' dir='ltr'><strong>Deo,</strong></span> <span class='ocrx_word' id='word_1_140' title='bbox 696 1193 742 1230; x_wconf 94' lang='lat' dir='ltr'><strong>ut</strong></span> <span class='ocrx_word' id='word_1_141' title='bbox 765 1193 807 1231; x_wconf 88' lang='lat' dir='ltr'><strong>et</strong></span> <span class='ocrx_word' id='word_1_142' title='bbox 828 1187 872 1231; x_wconf 90' lang='lat' dir='ltr'><strong>in</strong></span> <span class='ocrx_word' id='word_1_143' title='bbox 896 1199 957 1244; x_wconf 83' lang='lat' dir='ltr'><strong>pr.</strong></span> <span class='ocrx_word' id='word_1_144' title='bbox 950 1187 1094 1230; x_wconf 81' lang='lat' dir='ltr'><strong>cscnti</strong></span> <span class='ocrx_word' id='word_1_145' title='bbox 1115 1186 1243 1228; x_wconf 84' lang='lat' dir='ltr'><strong>ditari</strong></span> 
     </span>
     <span class='ocr_line' id='line_1_19' title="bbox 38 1243 1301 1316; baseline -0.003 -8.873"><span class='ocrx_word' id='word_1_146' title='bbox 38 1264 134 1308; x_wconf 83' lang='grc' dir='ltr'><strong>5ιι</strong></span> <span class='ocrx_word' id='word_1_147' title='bbox 162 1260 316 1306; x_wconf 82' lang='lat' dir='ltr'><strong>merito</strong></span> <span class='ocrx_word' id='word_1_148' title='bbox 351 1259 612 1312; x_wconf 76' lang='lat' dir='ltr'>sanctitatis,</span> <span class='ocrx_word' id='word_1_149' title='bbox 644 1260 755 1303; x_wconf 88' lang='lat' dir='ltr'><strong>etin</strong></span> <span class='ocrx_word' id='word_1_150' title='bbox 786 1259 932 1303; x_wconf 79' lang='lat' dir='ltr'><strong>sutum</strong></span> <span class='ocrx_word' id='word_1_151' title='bbox 967 1260 1143 1316; x_wconf 87' lang='lat' dir='ltr'><strong>premio</strong></span> <span class='ocrx_word' id='word_1_152' title='bbox 1174 1272 1242 1303; x_wconf 89' lang='lat' dir='ltr'><strong>re·</strong></span> <span class='ocrx_word' id='word_1_153' title='bbox 1268 1243 1301 1287; x_wconf 75' lang='grc' dir='ltr'>Β</span> 
     </span>
     <span class='ocr_line' id='line_1_20' title="bbox 74 1330 1243 1380; baseline -0.003 -1"><span class='ocrx_word' id='word_1_154' title='bbox 74 1335 214 1380; x_wconf 88' lang='lat' dir='ltr'><strong>nerari</strong></span> <span class='ocrx_word' id='word_1_155' title='bbox 250 1333 484 1378; x_wconf 67' lang='lat' dir='ltr'><strong>felicitatis.</strong></span> <span class='ocrx_word' id='word_1_156' title='bbox 507 1330 582 1376; x_wconf 87' lang='lat' dir='ltr'><strong>Illa</strong></span> <span class='ocrx_word' id='word_1_157' title='bbox 613 1339 756 1376; x_wconf 88' lang='lat' dir='ltr'><strong>autem</strong></span> <span class='ocrx_word' id='word_1_158' title='bbox 778 1332 824 1376; x_wconf 91' lang='lat' dir='ltr'><strong>in</strong></span> <span class='ocrx_word' id='word_1_159' title='bbox 858 1331 946 1376; x_wconf 89' lang='lat' dir='ltr'><strong>Deo</strong></span> <span class='ocrx_word' id='word_1_160' title='bbox 980 1331 1125 1375; x_wconf 83' lang='lat' dir='ltr'><strong>unitas</strong></span> <span class='ocrx_word' id='word_1_161' title='bbox 1154 1343 1243 1375; x_wconf 88' lang='lat' dir='ltr'><strong>non</strong></span> 
     </span>
    </p>
   </div>
   <div class='ocr_carea' id='block_1_6' title="bbox 0 1408 1281 4460">
    <p class='ocr_par' dir='ltr' id='par_1_6' title="bbox 0 1408 1281 4460">
     <span class='ocr_line' id='line_1_21' title="bbox 44 1408 1217 1467; baseline -0.001 -14.981"><span class='ocrx_word' id='word_1_162' title='bbox 44 1443 78 1464; x_wconf 92' lang='grc'>,</span> <span class='ocrx_word' id='word_1_163' title='bbox 114 1423 208 1467; x_wconf 67' lang='lat' dir='ltr'><strong>quae</strong></span> <span class='ocrx_word' id='word_1_164' title='bbox 244 1418 309 1454; x_wconf 88' lang='lat' dir='ltr'><strong>est</strong></span> <span class='ocrx_word' id='word_1_165' title='bbox 342 1413 387 1455; x_wconf 88' lang='lat' dir='ltr'><strong>in</strong></span> <span class='ocrx_word' id='word_1_166' title='bbox 420 1423 568 1463; x_wconf 85' lang='lat' dir='ltr'><strong>carne,</strong></span> <span class='ocrx_word' id='word_1_167' title='bbox 601 1416 646 1456; x_wconf 87' lang='lat' dir='ltr'><strong>et</strong></span> <span class='ocrx_word' id='word_1_168' title='bbox 677 1409 724 1454; x_wconf 89' lang='lat' dir='ltr'><strong>in</strong></span> <span class='ocrx_word' id='word_1_169' title='bbox 757 1408 935 1462; x_wconf 88' lang='lat' dir='ltr'><strong>mundo,</strong></span> <span class='ocrx_word' id='word_1_170' title='bbox 965 1414 1007 1452; x_wconf 89' lang='lat' dir='ltr'><strong>ct</strong></span> <span class='ocrx_word' id='word_1_171' title='bbox 1041 1412 1084 1452; x_wconf 89' lang='lat' dir='ltr'><strong>in</strong></span> <span class='ocrx_word' id='word_1_172' title='bbox 1119 1409 1217 1454; x_wconf 83' lang='lat' dir='ltr'><strong>host</strong></span> 
     </span>
     <span class='ocr_line' id='line_1_22' title="bbox 21 1479 1236 1544; baseline -0.003 -15.944"><span class='ocrx_word' id='word_1_173' title='bbox 21 1479 189 1544; x_wconf 82' lang='lat' dir='ltr'><strong>iqua.</strong></span> <span class='ocrx_word' id='word_1_174' title='bbox 212 1483 321 1528; x_wconf 85' lang='lat' dir='ltr'><strong>Ecce</strong></span> <span class='ocrx_word' id='word_1_175' title='bbox 353 1486 498 1528; x_wconf 84' lang='lat' dir='ltr'><strong>unitas</strong></span> <span class='ocrx_word' id='word_1_176' title='bbox 533 1483 689 1540; x_wconf 85' lang='lat' dir='ltr'><strong>triplex</strong></span> <span class='ocrx_word' id='word_1_177' title='bbox 724 1483 805 1537; x_wconf 86' lang='lat' dir='ltr'><strong>illi,</strong></span> <span class='ocrx_word' id='word_1_178' title='bbox 838 1495 932 1540; x_wconf 82' lang='lat' dir='ltr'><strong>quae</strong></span> <span class='ocrx_word' id='word_1_179' title='bbox 959 1483 1003 1525; x_wconf 91' lang='lat' dir='ltr'><strong>in</strong></span> <span class='ocrx_word' id='word_1_180' title='bbox 1035 1481 1123 1526; x_wconf 89' lang='lat' dir='ltr'><strong>Deo</strong></span> <span class='ocrx_word' id='word_1_181' title='bbox 1155 1488 1236 1534; x_wconf 76' lang='lat' dir='ltr'><strong>est,</strong></span> 
     </span>
     <span class='ocr_line' id='line_1_23' title="bbox 40 1549 1241 1614; baseline -0.002 -15.94"><span class='ocrx_word' id='word_1_182' title='bbox 40 1555 151 1598; x_wconf 85' lang='lat' dir='ltr'><strong>tati</strong></span> <span class='ocrx_word' id='word_1_183' title='bbox 168 1569 347 1613; x_wconf 89' lang='lat' dir='ltr'><strong>prorsus</strong></span> <span class='ocrx_word' id='word_1_184' title='bbox 368 1556 602 1607; x_wconf 83' lang='lat' dir='ltr'><strong>contraria,</strong></span> <span class='ocrx_word' id='word_1_185' title='bbox 625 1549 833 1614; x_wconf 68' lang='grc' dir='ltr'>τέριοιιοε</span> <span class='ocrx_word' id='word_1_186' title='bbox 859 1556 905 1599; x_wconf 83' lang='grc' dir='ltr'><strong>ιιι</strong></span> <span class='ocrx_word' id='word_1_187' title='bbox 926 1566 1059 1599; x_wconf 89' lang='lat' dir='ltr'><strong>unum</strong></span> <span class='ocrx_word' id='word_1_188' title='bbox 1094 1551 1241 1597; x_wconf 84' lang='lat' dir='ltr'><strong>illicite</strong></span> 
     </span>
     <span class='ocr_line' id='line_1_24' title="bbox 57 1628 1238 1687; baseline -0.002 -15.93"><span class='ocrx_word' id='word_1_189' title='bbox 57 1628 162 1681; x_wconf 77' lang='lat' dir='ltr'><strong>⁸·nS,</strong></span> <span class='ocrx_word' id='word_1_190' title='bbox 184 1634 225 1674; x_wconf 85' lang='lat' dir='ltr'><strong>et</strong></span> <span class='ocrx_word' id='word_1_191' title='bbox 251 1641 274 1671; x_wconf 89' lang='lat' dir='ltr'><strong>a</strong></span> <span class='ocrx_word' id='word_1_192' title='bbox 294 1628 382 1673; x_wconf 89' lang='lat' dir='ltr'><strong>Deo</strong></span> <span class='ocrx_word' id='word_1_193' title='bbox 403 1628 615 1673; x_wconf 65' lang='lat' dir='ltr'><strong>dixidens.</strong></span> <span class='ocrx_word' id='word_1_194' title='bbox 638 1628 909 1687; x_wconf 79' lang='lat' dir='ltr'><strong>Compactum</strong></span> <span class='ocrx_word' id='word_1_195' title='bbox 929 1629 991 1671; x_wconf 83' lang='lat' dir='ltr'><strong>sic</strong></span> <span class='ocrx_word' id='word_1_196' title='bbox 1006 1634 1068 1672; x_wconf 81' lang='lat' dir='ltr'><strong>est</strong></span> <span class='ocrx_word' id='word_1_197' title='bbox 1091 1639 1238 1683; x_wconf 76' lang='lat' dir='ltr'><strong>corpus</strong></span> 
     </span>
     <span class='ocr_line' id='line_1_25' title="bbox 80 1699 1239 1760; baseline -0.002 -16"><span class='ocrx_word' id='word_1_198' title='bbox 80 1700 213 1744; x_wconf 77' lang='lat' dir='ltr'><strong>euioth</strong></span> <span class='ocrx_word' id='word_1_199' title='bbox 228 1702 411 1759; x_wconf 78' lang='lat' dir='ltr'><strong>squamis</strong></span> <span class='ocrx_word' id='word_1_200' title='bbox 426 1714 468 1743; x_wconf 83' lang='lat' dir='ltr'><strong>se</strong></span> <span class='ocrx_word' id='word_1_201' title='bbox 479 1699 759 1757; x_wconf 67' lang='lat' dir='ltr'><strong>prementibus</strong></span> <span class='ocrx_word' id='word_1_202' title='bbox 773 1711 788 1742; x_wconf 91' lang='grc'><strong>.·</strong></span> <span class='ocrx_word' id='word_1_203' title='bbox 799 1712 962 1760; x_wconf 76' lang='lat' dir='ltr'><strong>unaque</strong></span> <span class='ocrx_word' id='word_1_204' title='bbox 976 1699 1047 1757; x_wconf 80' lang='lat' dir='ltr'><strong>uni</strong></span> <span class='ocrx_word' id='word_1_205' title='bbox 1055 1699 1239 1755; x_wconf 73' lang='lat' dir='ltr'><strong>conjun-</strong></span> 
     </span>
     <span class='ocr_line' id='line_1_26' title="bbox 39 1771 1233 1835; baseline -0.005 -17"><span class='ocrx_word' id='word_1_206' title='bbox 39 1799 49 1815; x_wconf 56' lang='grc' dir='ltr'><strong>τ</strong></span> <span class='ocrx_word' id='word_1_207' title='bbox 82 1786 161 1818; x_wconf 85' lang='lat' dir='ltr'><strong>uec</strong></span> <span class='ocrx_word' id='word_1_208' title='bbox 179 1774 434 1829; x_wconf 79' lang='lat' dir='ltr'><strong><em>spiraculum</em></strong></span> <span class='ocrx_word' id='word_1_209' title='bbox 471 1773 635 1835; x_wconf 75' lang='lat' dir='ltr'><strong>quidem</strong></span> <span class='ocrx_word' id='word_1_210' title='bbox 654 1772 807 1816; x_wconf 75' lang='lat' dir='ltr'><strong>incedit</strong></span> <span class='ocrx_word' id='word_1_211' title='bbox 834 1786 906 1828; x_wconf 89' lang='lat' dir='ltr'><strong>per</strong></span> <span class='ocrx_word' id='word_1_212' title='bbox 931 1786 1004 1815; x_wconf 78' lang='lat' dir='ltr'><strong>eas</strong></span> <span class='ocrx_word' id='word_1_213' title='bbox 1023 1771 1066 1829; x_wconf 87' lang='lat' dir='ltr'><strong>(J</strong></span> <span class='ocrx_word' id='word_1_214' title='bbox 1072 1771 1121 1815; x_wconf 79' lang='lat' dir='ltr'><strong>ob</strong></span> <span class='ocrx_word' id='word_1_215' title='bbox 1145 1784 1233 1824; x_wconf 77' lang='lat' dir='ltr'><strong>xm,</strong></span> 
     </span>
     <span class='ocr_line' id='line_1_27' title="bbox 0 1840 1234 1904; baseline -0.001 -15"><span class='ocrx_word' id='word_1_216' title='bbox 0 1859 1 1863; x_wconf 50' lang='lat'>¹</span> <span class='ocrx_word' id='word_1_217' title='bbox 34 1840 114 1904; x_wconf 88' lang='lat'><strong>7).</strong></span> <span class='ocrx_word' id='word_1_218' title='bbox 135 1846 433 1892; x_wconf 72' lang='lat' dir='ltr'><strong>Conveniunt</strong></span> <span class='ocrx_word' id='word_1_219' title='bbox 423 1859 465 1890; x_wconf 87' lang='grc' dir='ltr'><strong>ιιι</strong></span> <span class='ocrx_word' id='word_1_220' title='bbox 487 1859 618 1891; x_wconf 84' lang='grc' dir='ltr'>ιιιιιιιιι</span> <span class='ocrx_word' id='word_1_221' title='bbox 638 1846 844 1890; x_wconf 79' lang='lat' dir='ltr'><strong>advcisus</strong></span> <span class='ocrx_word' id='word_1_222' title='bbox 864 1845 1106 1896; x_wconf 80' lang='lat' dir='ltr'><strong>Domuum</strong></span> <span class='ocrx_word' id='word_1_223' title='bbox 1128 1851 1170 1887; x_wconf 74' lang='lat' dir='ltr'><strong>ct</strong></span> <span class='ocrx_word' id='word_1_224' title='bbox 1191 1846 1234 1888; x_wconf 87' lang='lat' dir='ltr'><strong>in</strong></span> 
     </span>
     <span class='ocr_line' id='line_1_28' title="bbox 49 1918 1235 1971; baseline -0.001 -7.97"><span class='ocrx_word' id='word_1_225' title='bbox 49 1932 124 1963; x_wconf 88' lang='grc' dir='ltr'><strong>ιιι</strong></span> <span class='ocrx_word' id='word_1_226' title='bbox 163 1921 426 1964; x_wconf 53' lang='lat' dir='ltr'><strong>conueniunt</strong></span> <span class='ocrx_word' id='word_1_227' title='bbox 465 1920 508 1963; x_wconf 92' lang='lat' dir='ltr'><strong>in</strong></span> <span class='ocrx_word' id='word_1_228' title='bbox 546 1931 692 1970; x_wconf 83' lang='lat' dir='ltr'><strong>carne,</strong></span> <span class='ocrx_word' id='word_1_229' title='bbox 714 1926 756 1962; x_wconf 90' lang='lat' dir='ltr'><strong>ct</strong></span> <span class='ocrx_word' id='word_1_230' title='bbox 786 1919 963 1971; x_wconf 78' lang='lat' dir='ltr'><strong>inundo,</strong></span> <span class='ocrx_word' id='word_1_231' title='bbox 986 1924 1029 1962; x_wconf 80' lang='lat' dir='ltr'><strong>et</strong></span> <span class='ocrx_word' id='word_1_232' title='bbox 1065 1918 1235 1962; x_wconf 89' lang='lat' dir='ltr'><strong>diabolo</strong></span> 
     </span>
     <span class='ocr_line' id='line_1_29' title="bbox 21 1966 1235 2048; baseline 0 -14"><span class='ocrx_word' id='word_1_233' title='bbox 21 1966 53 2022; x_wconf 57' lang='lat' dir='ltr'><strong>‘&#39;J-3³</strong></span> <span class='ocrx_word' id='word_1_234' title='bbox 47 1991 250 2048; x_wconf 83' lang='lat' dir='ltr'><strong>ptuosi,</strong></span> <span class='ocrx_word' id='word_1_235' title='bbox 287 1991 464 2044; x_wconf 81' lang='lat' dir='ltr'><strong>curiosi,</strong></span> <span class='ocrx_word' id='word_1_236' title='bbox 504 1992 606 2036; x_wconf 87' lang='lat' dir='ltr'><strong>clati</strong></span> <span class='ocrx_word' id='word_1_237' title='bbox 640 1991 930 2047; x_wconf 82' lang='lat' dir='ltr'><strong>:voluptuosi</strong></span> <span class='ocrx_word' id='word_1_238' title='bbox 963 2003 1039 2046; x_wconf 76' lang='lat' dir='ltr'><strong>pen</strong></span> <span class='ocrx_word' id='word_1_239' title='bbox 1075 2003 1235 2034; x_wconf 82' lang='lat' dir='ltr'><strong>concu-</strong></span> 
     </span>
     <span class='ocr_line' id='line_1_30' title="bbox 18 2037 1233 2117; baseline -0.002 -11"><span class='ocrx_word' id='word_1_240' title='bbox 18 2037 245 2106; x_wconf 69' lang='lat' dir='ltr'><strong>‘entiam</strong></span> <span class='ocrx_word' id='word_1_241' title='bbox 293 2063 464 2116; x_wconf 86' lang='lat' dir='ltr'><strong>carnis;</strong></span> <span class='ocrx_word' id='word_1_242' title='bbox 501 2061 660 2106; x_wconf 82' lang='lat' dir='ltr'><strong>curiosi</strong></span> <span class='ocrx_word' id='word_1_243' title='bbox 711 2074 788 2117; x_wconf 74' lang='lat' dir='ltr'><strong>pei</strong></span> <span class='ocrx_word' id='word_1_244' title='bbox 835 2060 1233 2117; x_wconf 74' lang='lat' dir='ltr'><strong>concupiscentiam</strong></span> 
     </span>
     <span class='ocr_line' id='line_1_31' title="bbox 27 2124 1232 2194; baseline -0.004 -10"><span class='ocrx_word' id='word_1_245' title='bbox 27 2139 237 2191; x_wconf 77' lang='lat' dir='ltr'><strong>&#39;lorum3</strong></span> <span class='ocrx_word' id='word_1_246' title='bbox 274 2139 371 2182; x_wconf 86' lang='lat' dir='ltr'><strong>elati</strong></span> <span class='ocrx_word' id='word_1_247' title='bbox 408 2151 484 2194; x_wconf 82' lang='lat' dir='ltr'><strong>per</strong></span> <span class='ocrx_word' id='word_1_248' title='bbox 525 2137 770 2194; x_wconf 78' lang='lat' dir='ltr'><strong>superbiam</strong></span> <span class='ocrx_word' id='word_1_249' title='bbox 802 2138 916 2181; x_wconf 74' lang='lat' dir='ltr'><strong>vitae.</strong></span> <span class='ocrx_word' id='word_1_250' title='bbox 956 2124 1055 2180; x_wconf 78' lang='lat' dir='ltr'><strong>llaec</strong></span> <span class='ocrx_word' id='word_1_251' title='bbox 1089 2142 1232 2179; x_wconf 84' lang='lat' dir='ltr'><strong>autem</strong></span> 
     </span>
     <span class='ocr_line' id='line_1_32' title="bbox 10 2178 1234 2304; baseline -0.004 -49"><span class='ocrx_word' id='word_1_252' title='bbox 10 2178 132 2304; x_wconf 26' lang='lat' dir='ltr'><strong>t&#39;ffltas</strong></span> <span class='ocrx_word' id='word_1_253' title='bbox 153 2212 195 2254; x_wconf 90' lang='lat' dir='ltr'><strong>in</strong></span> <span class='ocrx_word' id='word_1_254' title='bbox 218 2204 301 2255; x_wconf 74' lang='lat' dir='ltr'><strong>Dee</strong></span> <span class='ocrx_word' id='word_1_255' title='bbox 322 2223 409 2253; x_wconf 87' lang='lat' dir='ltr'><strong>non</strong></span> <span class='ocrx_word' id='word_1_256' title='bbox 436 2216 517 2264; x_wconf 88' lang='lat' dir='ltr'><strong>est,</strong></span> <span class='ocrx_word' id='word_1_257' title='bbox 541 2210 611 2254; x_wconf 83' lang='lat' dir='ltr'><strong>sed</strong></span> <span class='ocrx_word' id='word_1_258' title='bbox 639 2197 826 2266; x_wconf 65' lang='lat' dir='ltr'><strong>terreno,</strong></span> <span class='ocrx_word' id='word_1_259' title='bbox 850 2209 1062 2260; x_wconf 75' lang='lat' dir='ltr'><strong>animalis,</strong></span> <span class='ocrx_word' id='word_1_260' title='bbox 1083 2208 1234 2250; x_wconf 74' lang='lat' dir='ltr'><strong>diabo-</strong></span> 
     </span>
     <span class='ocr_line' id='line_1_33' title="bbox 32 2278 1231 2343; baseline -0.003 -15"><span class='ocrx_word' id='word_1_261' title='bbox 32 2278 58 2333; x_wconf 60' lang='lat' dir='ltr'><strong><em>f</em></strong></span> <span class='ocrx_word' id='word_1_262' title='bbox 93 2284 203 2342; x_wconf 80' lang='lat' dir='ltr'><strong>(Jac.</strong></span> <span class='ocrx_word' id='word_1_263' title='bbox 231 2293 295 2335; x_wconf 83' lang='grc' dir='ltr'>ιιι,</span> <span class='ocrx_word' id='word_1_264' title='bbox 322 2285 408 2343; x_wconf 81' lang='grc'>15).</span> <span class='ocrx_word' id='word_1_265' title='bbox 442 2284 658 2337; x_wconf 77' lang='lat' dir='ltr'><strong>Terrena3</strong></span> <span class='ocrx_word' id='word_1_266' title='bbox 693 2290 735 2327; x_wconf 88' lang='lat' dir='ltr'><strong>ct</strong></span> <span class='ocrx_word' id='word_1_267' title='bbox 771 2283 920 2333; x_wconf 82' lang='lat' dir='ltr'><strong>allicit,</strong></span> <span class='ocrx_word' id='word_1_268' title='bbox 949 2290 1025 2338; x_wconf 84' lang='lat' dir='ltr'><strong>per</strong></span> <span class='ocrx_word' id='word_1_269' title='bbox 1046 2282 1231 2325; x_wconf 81' lang='lat' dir='ltr'><strong>curiosi·</strong></span> 
     </span>
     <span class='ocr_line' id='line_1_34' title="bbox 32 2355 1233 2407; baseline -0.005 -5"><span class='ocrx_word' id='word_1_270' title='bbox 32 2362 119 2402; x_wconf 77' lang='lat' dir='ltr'><strong>&#39;em</strong></span> <span class='ocrx_word' id='word_1_271' title='bbox 156 2357 386 2400; x_wconf 83' lang='lat' dir='ltr'><strong>mundialis</strong></span> <span class='ocrx_word' id='word_1_272' title='bbox 431 2355 587 2400; x_wconf 74' lang='lat' dir='ltr'><strong>loetl&#39;tiae</strong></span> <span class='ocrx_word' id='word_1_273' title='bbox 634 2355 860 2400; x_wconf 81' lang='lat' dir='ltr'><strong>seducens.</strong></span> <span class='ocrx_word' id='word_1_274' title='bbox 913 2355 1150 2407; x_wconf 83' lang='lat' dir='ltr'><strong>Animalis;</strong></span> <span class='ocrx_word' id='word_1_275' title='bbox 1191 2359 1233 2398; x_wconf 87' lang='lat' dir='ltr'><strong>et</strong></span> 
     </span>
     <span class='ocr_line' id='line_1_35' title="bbox 37 2428 1233 2486; baseline -0.003 -11"><span class='ocrx_word' id='word_1_276' title='bbox 37 2429 155 2482; x_wconf 70' lang='lat' dir='ltr'><strong>linit,</strong></span> <span class='ocrx_word' id='word_1_277' title='bbox 196 2443 272 2486; x_wconf 83' lang='lat' dir='ltr'><strong>per</strong></span> <span class='ocrx_word' id='word_1_278' title='bbox 305 2435 568 2485; x_wconf 77' lang='lat' dir='ltr'><strong>voluptatem</strong></span> <span class='ocrx_word' id='word_1_279' title='bbox 603 2430 789 2474; x_wconf 84' lang='lat' dir='ltr'><strong>carnalis</strong></span> <span class='ocrx_word' id='word_1_280' title='bbox 823 2428 1006 2471; x_wconf 80' lang='lat' dir='ltr'><strong>luxuriae</strong></span> <span class='ocrx_word' id='word_1_281' title='bbox 1037 2439 1233 2472; x_wconf 82' lang='lat' dir='ltr'><strong>corrum-</strong></span> 
     </span>
     <span class='ocr_line' id='line_1_36' title="bbox 50 2499 1233 2559; baseline -0.004 -12"><span class='ocrx_word' id='word_1_282' title='bbox 50 2507 107 2547; x_wconf 84' lang='lat' dir='ltr'><strong>s.</strong></span> <span class='ocrx_word' id='word_1_283' title='bbox 143 2501 359 2546; x_wconf 81' lang='lat' dir='ltr'><strong>Diabolica</strong></span> <span class='ocrx_word' id='word_1_284' title='bbox 380 2516 391 2555; x_wconf 92' lang='lat'>;</span> <span class='ocrx_word' id='word_1_285' title='bbox 413 2508 454 2545; x_wconf 89' lang='lat' dir='ltr'><strong>ct</strong></span> <span class='ocrx_word' id='word_1_286' title='bbox 490 2502 631 2559; x_wconf 86' lang='lat' dir='ltr'><strong>erigit,</strong></span> <span class='ocrx_word' id='word_1_287' title='bbox 666 2501 743 2557; x_wconf 86' lang='lat' dir='ltr'><strong>per</strong></span> <span class='ocrx_word' id='word_1_288' title='bbox 779 2501 1040 2558; x_wconf 80' lang='lat' dir='ltr'><strong>voluptatem</strong></span> <span class='ocrx_word' id='word_1_289' title='bbox 1073 2499 1233 2543; x_wconf 83' lang='lat' dir='ltr'><strong>daemo-</strong></span> 
     </span>
     <span class='ocr_line' id='line_1_37' title="bbox 36 2568 1232 2631; baseline -0.002 -11"><span class='ocrx_word' id='word_1_290' title='bbox 36 2583 119 2626; x_wconf 55' lang='lat' dir='ltr'><strong>&#39;wie</strong></span> <span class='ocrx_word' id='word_1_291' title='bbox 154 2576 365 2631; x_wconf 75' lang='lat' dir='ltr'><strong>superbiae</strong></span> <span class='ocrx_word' id='word_1_292' title='bbox 391 2568 620 2620; x_wconf 74' lang='lat' dir='ltr'><strong>extollens.</strong></span> <span class='ocrx_word' id='word_1_293' title='bbox 649 2573 683 2618; x_wconf 92' lang='grc' dir='ltr'>Ο</span> <span class='ocrx_word' id='word_1_294' title='bbox 707 2576 852 2622; x_wconf 86' lang='lat' dir='ltr'><strong>unitas</strong></span> <span class='ocrx_word' id='word_1_295' title='bbox 894 2575 1048 2629; x_wconf 80' lang='lat' dir='ltr'><strong>fetens,</strong></span> <span class='ocrx_word' id='word_1_296' title='bbox 1084 2576 1232 2618; x_wconf 85' lang='lat' dir='ltr'><strong>unitas</strong></span> 
     </span>
     <span class='ocr_line' id='line_1_38' title="bbox 32 2639 1230 2707; baseline 0.001 -14"><span class='ocrx_word' id='word_1_297' title='bbox 32 2644 141 2702; x_wconf 86' lang='grc' dir='ltr'>’·ιι5,</span> <span class='ocrx_word' id='word_1_298' title='bbox 164 2651 309 2694; x_wconf 85' lang='lat' dir='ltr'><strong>unitas</strong></span> <span class='ocrx_word' id='word_1_299' title='bbox 331 2639 527 2695; x_wconf 76' lang='lat' dir='ltr'><strong>tumens!</strong></span> <span class='ocrx_word' id='word_1_300' title='bbox 555 2651 693 2696; x_wconf 74' lang='lat' dir='ltr'><strong>,fetens</strong></span> <span class='ocrx_word' id='word_1_301' title='bbox 714 2663 790 2707; x_wconf 89' lang='lat' dir='ltr'><strong>per</strong></span> <span class='ocrx_word' id='word_1_302' title='bbox 808 2650 1047 2702; x_wconf 81' lang='lat' dir='ltr'><strong>mollitiem,</strong></span> <span class='ocrx_word' id='word_1_303' title='bbox 1089 2651 1230 2694; x_wconf 86' lang='lat' dir='ltr'><strong>nitens</strong></span> 
     </span>
     <span class='ocr_line' id='line_1_39' title="bbox 28 2722 1228 2782; baseline -0.002 -13"><span class='ocrx_word' id='word_1_304' title='bbox 28 2722 64 2782; x_wconf 60' lang='lat' dir='ltr'><strong>it·</strong></span> <span class='ocrx_word' id='word_1_305' title='bbox 93 2725 295 2781; x_wconf 82' lang='lat' dir='ltr'><strong>speclem‚</strong></span> <span class='ocrx_word' id='word_1_306' title='bbox 335 2731 503 2769; x_wconf 88' lang='lat' dir='ltr'><strong>tumens</strong></span> <span class='ocrx_word' id='word_1_307' title='bbox 533 2725 657 2780; x_wconf 80' lang='lat'><strong>271</strong></span> <span class='ocrx_word' id='word_1_308' title='bbox 688 2737 766 2782; x_wconf 85' lang='lat' dir='ltr'><strong>per</strong></span> <span class='ocrx_word' id='word_1_309' title='bbox 793 2725 1040 2768; x_wconf 69' lang='lat' dir='ltr'><strong>elafionern.</strong></span> <span class='ocrx_word' id='word_1_310' title='bbox 1067 2722 1228 2768; x_wconf 79' lang='lat' dir='ltr'><strong>Verum</strong></span> 
     </span>
     <span class='ocr_line' id='line_1_40' title="bbox 17 2777 1228 2896; baseline 0.002 -59"><span class='ocrx_word' id='word_1_311' title='bbox 17 2777 64 2896; x_wconf 60' lang='lat' dir='ltr'><strong>,ss</strong></span> <span class='ocrx_word' id='word_1_312' title='bbox 81 2798 305 2842; x_wconf 85' lang='lat' dir='ltr'><strong>unanimes</strong></span> <span class='ocrx_word' id='word_1_313' title='bbox 322 2803 462 2843; x_wconf 89' lang='lat' dir='ltr'><strong>estote</strong></span> <span class='ocrx_word' id='word_1_314' title='bbox 487 2798 533 2840; x_wconf 88' lang='lat' dir='ltr'><strong>in</strong></span> <span class='ocrx_word' id='word_1_315' title='bbox 554 2797 697 2851; x_wconf 87' lang='lat' dir='ltr'><strong>domo,</strong></span> <span class='ocrx_word' id='word_1_316' title='bbox 724 2803 766 2841; x_wconf 87' lang='lat' dir='ltr'><strong>et</strong></span> <span class='ocrx_word' id='word_1_317' title='bbox 783 2798 839 2841; x_wconf 85' lang='lat' dir='ltr'><strong>sit</strong></span> <span class='ocrx_word' id='word_1_318' title='bbox 855 2798 981 2842; x_wconf 78' lang='lat' dir='ltr'><strong>vobis</strong></span> <span class='ocrx_word' id='word_1_319' title='bbox 1003 2809 1078 2840; x_wconf 84' lang='lat' dir='ltr'><strong>cor</strong></span> <span class='ocrx_word' id='word_1_320' title='bbox 1096 2810 1228 2840; x_wconf 90' lang='lat' dir='ltr'><strong>unum</strong></span> 
     </span>
     <span class='ocr_line' id='line_1_41' title="bbox 31 2870 1227 2924; baseline 0.001 -10"><span class='ocrx_word' id='word_1_321' title='bbox 31 2871 197 2915; x_wconf 82' lang='lat' dir='ltr'><strong>«anima</strong></span> <span class='ocrx_word' id='word_1_322' title='bbox 233 2883 318 2914; x_wconf 87' lang='lat' dir='ltr'><strong>nna</strong></span> <span class='ocrx_word' id='word_1_323' title='bbox 349 2886 358 2914; x_wconf 93' lang='lat'>:</span> <span class='ocrx_word' id='word_1_324' title='bbox 385 2870 459 2916; x_wconf 88' lang='lat' dir='ltr'><strong>sed</strong></span> <span class='ocrx_word' id='word_1_325' title='bbox 495 2871 540 2914; x_wconf 90' lang='lat' dir='ltr'><strong>in</strong></span> <span class='ocrx_word' id='word_1_326' title='bbox 575 2870 680 2923; x_wconf 89' lang='lat' dir='ltr'><strong>Deo,</strong></span> <span class='ocrx_word' id='word_1_327' title='bbox 703 2883 791 2914; x_wconf 89' lang='lat' dir='ltr'><strong>non</strong></span> <span class='ocrx_word' id='word_1_328' title='bbox 827 2870 871 2914; x_wconf 90' lang='lat' dir='ltr'><strong>in</strong></span> <span class='ocrx_word' id='word_1_329' title='bbox 904 2883 1050 2924; x_wconf 88' lang='lat' dir='ltr'><strong>carne,</strong></span> <span class='ocrx_word' id='word_1_330' title='bbox 1071 2882 1158 2915; x_wconf 88' lang='lat' dir='ltr'><strong>non</strong></span> <span class='ocrx_word' id='word_1_331' title='bbox 1183 2871 1227 2915; x_wconf 88' lang='lat' dir='ltr'><strong>in</strong></span> 
     </span>
     <span class='ocr_line' id='line_1_42' title="bbox 17 2897 1228 3001; baseline -0.001 -12"><span class='ocrx_word' id='word_1_332' title='bbox 17 2897 22 2998; x_wconf 57' lang='lat' dir='ltr'><strong>i</strong></span> <span class='ocrx_word' id='word_1_333' title='bbox 46 2945 158 2998; x_wconf 78' lang='lat' dir='ltr'><strong>ndo,</strong></span> <span class='ocrx_word' id='word_1_334' title='bbox 181 2958 268 2988; x_wconf 90' lang='lat' dir='ltr'><strong>non</strong></span> <span class='ocrx_word' id='word_1_335' title='bbox 290 2945 333 2988; x_wconf 88' lang='lat' dir='ltr'><strong>in</strong></span> <span class='ocrx_word' id='word_1_336' title='bbox 351 2945 475 2989; x_wconf 85' lang='lat' dir='ltr'><strong>hoste</strong></span> <span class='ocrx_word' id='word_1_337' title='bbox 496 2944 688 3001; x_wconf 77' lang='lat' dir='ltr'><strong>antiqua.</strong></span> <span class='ocrx_word' id='word_1_338' title='bbox 710 2943 762 2986; x_wconf 85' lang='lat' dir='ltr'><strong>Et</strong></span> <span class='ocrx_word' id='word_1_339' title='bbox 782 2944 1004 2996; x_wconf 84' lang='lat' dir='ltr'><strong>attendite,</strong></span> <span class='ocrx_word' id='word_1_340' title='bbox 1040 2944 1141 3001; x_wconf 83' lang='lat' dir='ltr'><strong>qnia</strong></span> <span class='ocrx_word' id='word_1_341' title='bbox 1161 2945 1228 2988; x_wconf 86' lang='lat' dir='ltr'><strong>in-</strong></span> 
     </span>
     <span class='ocr_line' id='line_1_43' title="bbox 21 3016 1223 3074; baseline 0.002 -14"><span class='ocrx_word' id='word_1_342' title='bbox 21 3020 24 3055; x_wconf 74' lang='lat' dir='ltr'><strong>l</strong></span> <span class='ocrx_word' id='word_1_343' title='bbox 72 3023 193 3061; x_wconf 87' lang='lat' dir='ltr'><strong>turus</strong></span> <span class='ocrx_word' id='word_1_344' title='bbox 216 3031 296 3062; x_wconf 86' lang='lat' dir='ltr'><strong>nos</strong></span> <span class='ocrx_word' id='word_1_345' title='bbox 314 3016 641 3074; x_wconf 79' lang='lat' dir='ltr'><strong>B.Augustinus</strong></span> <span class='ocrx_word' id='word_1_346' title='bbox 673 3018 725 3061; x_wconf 86' lang='lat' dir='ltr'><strong>ad</strong></span> <span class='ocrx_word' id='word_1_347' title='bbox 750 3018 861 3061; x_wconf 87' lang='lat' dir='ltr'><strong>hanc</strong></span> <span class='ocrx_word' id='word_1_348' title='bbox 879 3018 1223 3069; x_wconf 72' lang='lat' dir='ltr'><strong>unanimitatem,</strong></span> 
     </span>
     <span class='ocr_line' id='line_1_44' title="bbox 23 3076 1227 3141; baseline -0.001 -8"><span class='ocrx_word' id='word_1_349' title='bbox 23 3076 166 3133; x_wconf 33' lang='lat' dir='ltr'><strong>⁴*itanc</strong></span> <span class='ocrx_word' id='word_1_350' title='bbox 183 3091 336 3133; x_wconf 85' lang='lat' dir='ltr'><strong>animae</strong></span> <span class='ocrx_word' id='word_1_351' title='bbox 354 3096 396 3133; x_wconf 90' lang='lat' dir='ltr'><strong>et</strong></span> <span class='ocrx_word' id='word_1_352' title='bbox 416 3091 558 3134; x_wconf 87' lang='lat' dir='ltr'><strong>cordis</strong></span> <span class='ocrx_word' id='word_1_353' title='bbox 586 3090 630 3133; x_wconf 92' lang='lat' dir='ltr'><strong>in</strong></span> <span class='ocrx_word' id='word_1_354' title='bbox 659 3089 746 3134; x_wconf 88' lang='lat' dir='ltr'><strong>Deo</strong></span> <span class='ocrx_word' id='word_1_355' title='bbox 783 3084 1007 3141; x_wconf 82' lang='lat' dir='ltr'><strong>unitatem,</strong></span> <span class='ocrx_word' id='word_1_356' title='bbox 1043 3090 1227 3133; x_wconf 78' lang='lat' dir='ltr'><strong>sollicite</strong></span> 
     </span>
     <span class='ocr_line' id='line_1_45' title="bbox 34 3162 1224 3219; baseline 0 -13"><span class='ocrx_word' id='word_1_357' title='bbox 34 3188 49 3201; x_wconf 70' lang='lat'><strong>..</strong></span> <span class='ocrx_word' id='word_1_358' title='bbox 73 3164 240 3207; x_wconf 86' lang='lat' dir='ltr'><strong>mittere</strong></span> <span class='ocrx_word' id='word_1_359' title='bbox 275 3163 442 3205; x_wconf 70' lang='lat' dir='ltr'><strong>curavit</strong></span> <span class='ocrx_word' id='word_1_360' title='bbox 479 3167 654 3219; x_wconf 87' lang='lat' dir='ltr'><strong>propter</strong></span> <span class='ocrx_word' id='word_1_361' title='bbox 698 3162 813 3219; x_wconf 89' lang='lat' dir='ltr'><strong>quod</strong></span> <span class='ocrx_word' id='word_1_362' title='bbox 854 3163 898 3205; x_wconf 86' lang='lat' dir='ltr'><strong>in</strong></span> <span class='ocrx_word' id='word_1_363' title='bbox 948 3175 1082 3204; x_wconf 86' lang='lat' dir='ltr'><strong>unum</strong></span> <span class='ocrx_word' id='word_1_364' title='bbox 1120 3162 1224 3207; x_wconf 83' lang='lat' dir='ltr'><strong>estis</strong></span> 
     </span>
     <span class='ocr_line' id='line_1_46' title="bbox 42 3230 1225 3293; baseline 0 -15"><span class='ocrx_word' id='word_1_365' title='bbox 42 3235 243 3293; x_wconf 57' lang='lat' dir='ltr'><strong>[gregati.</strong></span> <span class='ocrx_word' id='word_1_366' title='bbox 289 3230 412 3279; x_wconf 74' lang='lat' dir='ltr'><strong>&#39;Unde</strong></span> <span class='ocrx_word' id='word_1_367' title='bbox 446 3241 563 3291; x_wconf 86' lang='lat' dir='ltr'><strong>patet</strong></span> <span class='ocrx_word' id='word_1_368' title='bbox 593 3235 706 3290; x_wconf 87' lang='lat' dir='ltr'><strong>quod</strong></span> <span class='ocrx_word' id='word_1_369' title='bbox 739 3235 927 3279; x_wconf 85' lang='lat' dir='ltr'><strong>exterior</strong></span> <span class='ocrx_word' id='word_1_370' title='bbox 950 3236 1042 3278; x_wconf 79' lang='lat' dir='ltr'><strong>haec</strong></span> <span class='ocrx_word' id='word_1_371' title='bbox 1076 3241 1225 3279; x_wconf 84' lang='lat' dir='ltr'><strong>nostra</strong></span> 
     </span>
     <span class='ocr_line' id='line_1_47' title="bbox 48 3303 1221 3365; baseline -0.003 -11"><span class='ocrx_word' id='word_1_372' title='bbox 48 3303 188 3354; x_wconf 71' lang='lat' dir='ltr'><strong>&#39;unum</strong></span> <span class='ocrx_word' id='word_1_373' title='bbox 217 3309 506 3365; x_wconf 83' lang='lat' dir='ltr'><strong>congregatio,</strong></span> <span class='ocrx_word' id='word_1_374' title='bbox 537 3308 652 3352; x_wconf 87' lang='lat' dir='ltr'><strong>illius</strong></span> <span class='ocrx_word' id='word_1_375' title='bbox 670 3308 722 3352; x_wconf 89' lang='lat' dir='ltr'><strong>de</strong></span> <span class='ocrx_word' id='word_1_376' title='bbox 749 3320 833 3364; x_wconf 87' lang='lat' dir='ltr'><strong>qua</strong></span> <span class='ocrx_word' id='word_1_377' title='bbox 859 3308 985 3352; x_wconf 83' lang='lat' dir='ltr'><strong>modo</strong></span> <span class='ocrx_word' id='word_1_378' title='bbox 1018 3308 1221 3359; x_wconf 84' lang='lat' dir='ltr'><strong>diximus,</strong></span> 
     </span>
     <span class='ocr_line' id='line_1_48' title="bbox 41 3380 1281 3443; baseline 0.002 -20"><span class='ocrx_word' id='word_1_379' title='bbox 41 3382 294 3432; x_wconf 74' lang='lat' dir='ltr'><strong>animitatis,</strong></span> <span class='ocrx_word' id='word_1_380' title='bbox 316 3388 357 3425; x_wconf 84' lang='lat' dir='ltr'><strong>et</strong></span> <span class='ocrx_word' id='word_1_381' title='bbox 390 3383 570 3426; x_wconf 84' lang='lat' dir='ltr'><strong>unitatis</strong></span> <span class='ocrx_word' id='word_1_382' title='bbox 606 3382 823 3426; x_wconf 87' lang='lat' dir='ltr'><strong>interioris</strong></span> <span class='ocrx_word' id='word_1_383' title='bbox 850 3380 1029 3426; x_wconf 84' lang='lat' dir='ltr'><strong>sormam</strong></span> <span class='ocrx_word' id='word_1_384' title='bbox 1066 3394 1223 3438; x_wconf 78' lang='lat' dir='ltr'><strong>reprac-</strong></span> <span class='ocrx_word' id='word_1_385' title='bbox 1247 3400 1281 3443; x_wconf 80' lang='lat' dir='ltr'>D</span> 
     </span>
     <span class='ocr_line' id='line_1_49' title="bbox 42 3447 1223 3517; baseline -0.001 -19"><span class='ocrx_word' id='word_1_386' title='bbox 42 3447 144 3517; x_wconf 71' lang='lat' dir='ltr'><strong>atat,</strong></span> <span class='ocrx_word' id='word_1_387' title='bbox 174 3461 387 3512; x_wconf 84' lang='lat' dir='ltr'><strong>quatenus</strong></span> <span class='ocrx_word' id='word_1_388' title='bbox 422 3457 534 3498; x_wconf 83' lang='lat' dir='ltr'><strong>sicut</strong></span> <span class='ocrx_word' id='word_1_389' title='bbox 572 3457 762 3498; x_wconf 84' lang='lat' dir='ltr'><strong>exterius</strong></span> <span class='ocrx_word' id='word_1_390' title='bbox 794 3455 837 3498; x_wconf 87' lang='grc' dir='ltr'><strong>ιιι</strong></span> <span class='ocrx_word' id='word_1_391' title='bbox 875 3466 961 3497; x_wconf 88' lang='lat' dir='ltr'><strong>uno</strong></span> <span class='ocrx_word' id='word_1_392' title='bbox 994 3455 1089 3499; x_wconf 87' lang='lat' dir='ltr'><strong>loco</strong></span> <span class='ocrx_word' id='word_1_393' title='bbox 1120 3467 1223 3498; x_wconf 76' lang='lat' dir='ltr'><strong>con-</strong></span> 
     </span>
     <span class='ocr_line' id='line_1_50' title="bbox 43 3528 1221 3583; baseline 0.003 -14"><span class='ocrx_word' id='word_1_394' title='bbox 43 3538 224 3583; x_wconf 68' lang='lat' dir='ltr'><strong>egamur,</strong></span> <span class='ocrx_word' id='word_1_395' title='bbox 246 3541 308 3572; x_wconf 80' lang='lat' dir='ltr'><strong>sic</strong></span> <span class='ocrx_word' id='word_1_396' title='bbox 326 3533 367 3572; x_wconf 86' lang='lat' dir='ltr'><strong>et</strong></span> <span class='ocrx_word' id='word_1_397' title='bbox 385 3528 645 3571; x_wconf 82' lang='lat' dir='ltr'><strong>intrinsecus</strong></span> <span class='ocrx_word' id='word_1_398' title='bbox 666 3529 710 3570; x_wconf 86' lang='lat' dir='ltr'><strong>in</strong></span> <span class='ocrx_word' id='word_1_399' title='bbox 729 3529 873 3571; x_wconf 83' lang='lat' dir='ltr'><strong>animo</strong></span> <span class='ocrx_word' id='word_1_400' title='bbox 902 3540 985 3571; x_wconf 82' lang='lat' dir='ltr'><strong>uno</strong></span> <span class='ocrx_word' id='word_1_401' title='bbox 1007 3529 1221 3572; x_wconf 78' lang='lat' dir='ltr'><strong>uniamur.</strong></span> 
     </span>
     <span class='ocr_line' id='line_1_51' title="bbox 44 3589 1223 3655; baseline 0.001 -15"><span class='ocrx_word' id='word_1_402' title='bbox 44 3589 143 3642; x_wconf 79' lang='lat' dir='ltr'><strong>xm.</strong></span> <span class='ocrx_word' id='word_1_403' title='bbox 169 3598 220 3640; x_wconf 81' lang='lat' dir='ltr'><strong>Et</strong></span> <span class='ocrx_word' id='word_1_404' title='bbox 239 3612 318 3642; x_wconf 83' lang='lat' dir='ltr'><strong>uon</strong></span> <span class='ocrx_word' id='word_1_405' title='bbox 336 3599 484 3643; x_wconf 73' lang='lat' dir='ltr'><strong>dicatis</strong></span> <span class='ocrx_word' id='word_1_406' title='bbox 503 3599 662 3655; x_wconf 69' lang='lat' dir='ltr'><strong>aliquid</strong></span> <span class='ocrx_word' id='word_1_407' title='bbox 677 3600 906 3655; x_wconf 77' lang='lat' dir='ltr'><strong>proprium,</strong></span> <span class='ocrx_word' id='word_1_408' title='bbox 927 3599 997 3642; x_wconf 76' lang='lat' dir='ltr'><strong>scd</strong></span> <span class='ocrx_word' id='word_1_409' title='bbox 1011 3600 1095 3642; x_wconf 81' lang='lat' dir='ltr'><strong>sint</strong></span> <span class='ocrx_word' id='word_1_410' title='bbox 1111 3602 1223 3643; x_wconf 73' lang='lat' dir='ltr'><strong>robis</strong></span> 
     </span>
     <span class='ocr_line' id='line_1_52' title="bbox 45 3668 1226 3729; baseline 0.004 -17"><span class='ocrx_word' id='word_1_411' title='bbox 45 3670 122 3713; x_wconf 70' lang='lat' dir='ltr'><strong>’uia</strong></span> <span class='ocrx_word' id='word_1_412' title='bbox 147 3668 394 3716; x_wconf 79' lang='lat' dir='ltr'><strong>communia..</strong></span> <span class='ocrx_word' id='word_1_413' title='bbox 415 3671 662 3728; x_wconf 79' lang='lat' dir='ltr'><strong>Proprie-tas</strong></span> <span class='ocrx_word' id='word_1_414' title='bbox 680 3705 689 3724; x_wconf 93' lang='lat'><strong>,</strong></span> <span class='ocrx_word' id='word_1_415' title='bbox 707 3685 804 3728; x_wconf 77' lang='lat' dir='ltr'><strong>quae</strong></span> <span class='ocrx_word' id='word_1_416' title='bbox 821 3673 926 3716; x_wconf 75' lang='lat' dir='ltr'><strong>viris</strong></span> <span class='ocrx_word' id='word_1_417' title='bbox 945 3673 1154 3729; x_wconf 75' lang='lat' dir='ltr'><strong>religiosis</strong></span> <span class='ocrx_word' id='word_1_418' title='bbox 1176 3684 1226 3717; x_wconf 83' lang='lat' dir='ltr'><strong>ae</strong></span> 
     </span>
     <span class='ocr_line' id='line_1_53' title="bbox 43 3749 1225 3805; baseline 0.002 -15"><span class='ocrx_word' id='word_1_419' title='bbox 43 3758 114 3791; x_wconf 66' lang='lat' dir='ltr'><strong>am</strong></span> <span class='ocrx_word' id='word_1_420' title='bbox 137 3761 407 3793; x_wconf 84' lang='lat' dir='ltr'><strong>communem</strong></span> <span class='ocrx_word' id='word_1_421' title='bbox 442 3749 650 3805; x_wconf 78' lang='lat' dir='ltr'><strong>professis</strong></span> <span class='ocrx_word' id='word_1_422' title='bbox 686 3749 917 3802; x_wconf 73' lang='lat' dir='ltr'><strong>inhibetur,</strong></span> <span class='ocrx_word' id='word_1_423' title='bbox 943 3761 1030 3792; x_wconf 82' lang='lat' dir='ltr'><strong>non</strong></span> <span class='ocrx_word' id='word_1_424' title='bbox 1057 3749 1110 3792; x_wconf 86' lang='lat' dir='ltr'><strong>dc</strong></span> <span class='ocrx_word' id='word_1_425' title='bbox 1134 3750 1225 3792; x_wconf 80' lang='lat' dir='ltr'><strong>sola</strong></span> 
     </span>
     <span class='ocr_line' id='line_1_54' title="bbox 61 3824 1225 3881; baseline 0.002 -14"><span class='ocrx_word' id='word_1_426' title='bbox 61 3824 259 3881; x_wconf 84' lang='lat' dir='ltr'><strong>·ligenda</strong></span> <span class='ocrx_word' id='word_1_427' title='bbox 295 3831 379 3878; x_wconf 80' lang='lat' dir='ltr'><strong>est,</strong></span> <span class='ocrx_word' id='word_1_428' title='bbox 403 3830 449 3868; x_wconf 90' lang='lat' dir='ltr'><strong>ut</strong></span> <span class='ocrx_word' id='word_1_429' title='bbox 490 3825 692 3877; x_wconf 77' lang='lat' dir='ltr'><strong>arbitror,</strong></span> <span class='ocrx_word' id='word_1_430' title='bbox 716 3838 764 3869; x_wconf 87' lang='lat' dir='ltr'><strong>re</strong></span> <span class='ocrx_word' id='word_1_431' title='bbox 794 3826 1024 3881; x_wconf 83' lang='lat' dir='ltr'><strong>corporali,</strong></span> <span class='ocrx_word' id='word_1_432' title='bbox 1061 3826 1135 3869; x_wconf 85' lang='lat' dir='ltr'><strong>sed</strong></span> <span class='ocrx_word' id='word_1_433' title='bbox 1172 3826 1225 3869; x_wconf 88' lang='lat' dir='ltr'><strong>de</strong></span> 
     </span>
     <span class='ocr_line' id='line_1_55' title="bbox 46 3897 1225 3950; baseline 0.002 -10"><span class='ocrx_word' id='word_1_434' title='bbox 46 3907 96 3950; x_wconf 73' lang='lat' dir='ltr'><strong>ta,</strong></span> <span class='ocrx_word' id='word_1_435' title='bbox 135 3898 180 3941; x_wconf 91' lang='lat' dir='ltr'><strong>ni</strong></span> <span class='ocrx_word' id='word_1_436' title='bbox 215 3899 356 3949; x_wconf 78' lang='lat' dir='ltr'><strong>fallor,</strong></span> <span class='ocrx_word' id='word_1_437' title='bbox 380 3897 600 3942; x_wconf 84' lang='lat' dir='ltr'><strong>voluntate</strong></span> <span class='ocrx_word' id='word_1_438' title='bbox 625 3898 772 3941; x_wconf 84' lang='lat' dir='ltr'><strong>animi.</strong></span> <span class='ocrx_word' id='word_1_439' title='bbox 798 3897 984 3942; x_wconf 83' lang='lat' dir='ltr'><strong>Necesse</strong></span> <span class='ocrx_word' id='word_1_440' title='bbox 1014 3898 1129 3942; x_wconf 87' lang='lat' dir='ltr'><strong>enim</strong></span> <span class='ocrx_word' id='word_1_441' title='bbox 1159 3903 1225 3942; x_wconf 82' lang='lat' dir='ltr'><strong>cst</strong></span> 
     </span>
     <span class='ocr_line' id='line_1_56' title="bbox 69 3968 1224 4025; baseline -0.001 -13"><span class='ocrx_word' id='word_1_442' title='bbox 69 3968 105 4012; x_wconf 81' lang='lat' dir='ltr'><strong>si</strong></span> <span class='ocrx_word' id='word_1_443' title='bbox 125 3970 176 4013; x_wconf 87' lang='lat' dir='ltr'><strong>ad</strong></span> <span class='ocrx_word' id='word_1_444' title='bbox 195 3969 470 4025; x_wconf 76' lang='lat' dir='ltr'><strong>per-fectionis</strong></span> <span class='ocrx_word' id='word_1_445' title='bbox 486 3970 567 4013; x_wconf 85' lang='lat' dir='ltr'><strong>hae</strong></span> <span class='ocrx_word' id='word_1_446' title='bbox 587 3969 631 4012; x_wconf 89' lang='lat' dir='ltr'><strong>in</strong></span> <span class='ocrx_word' id='word_1_447' title='bbox 652 3974 774 4025; x_wconf 88' lang='lat' dir='ltr'><strong>parte</strong></span> <span class='ocrx_word' id='word_1_448' title='bbox 786 3969 981 4012; x_wconf 77' lang='lat' dir='ltr'><strong>volumus</strong></span> <span class='ocrx_word' id='word_1_449' title='bbox 1005 3968 1224 4025; x_wconf 78' lang='lat' dir='ltr'><strong>fastigium</strong></span> 
     </span>
     <span class='ocr_line' id='line_1_57' title="bbox 54 4041 1221 4098; baseline -0.003 -12"><span class='ocrx_word' id='word_1_450' title='bbox 54 4041 290 4098; x_wconf 75' lang='lat' dir='ltr'><strong>secedere,</strong></span> <span class='ocrx_word' id='word_1_451' title='bbox 329 4043 436 4086; x_wconf 81' lang='lat' dir='ltr'><strong>nihil</strong></span> <span class='ocrx_word' id='word_1_452' title='bbox 469 4042 691 4098; x_wconf 86' lang='lat' dir='ltr'><strong>proprium</strong></span> <span class='ocrx_word' id='word_1_453' title='bbox 729 4042 773 4084; x_wconf 86' lang='lat' dir='ltr'><strong>in</strong></span> <span class='ocrx_word' id='word_1_454' title='bbox 800 4042 1020 4084; x_wconf 73' lang='lat' dir='ltr'><strong>voluntate</strong></span> <span class='ocrx_word' id='word_1_455' title='bbox 1057 4046 1221 4091; x_wconf 85' lang='lat' dir='ltr'><strong>nostra,</strong></span> 
     </span>
     <span class='ocr_line' id='line_1_58' title="bbox 47 4113 1224 4170; baseline 0.002 -14"><span class='ocrx_word' id='word_1_456' title='bbox 47 4130 59 4149; x_wconf 82' lang='grc' dir='ltr'><strong>ιι</strong></span> <span class='ocrx_word' id='word_1_457' title='bbox 70 4117 135 4157; x_wconf 87' lang='lat' dir='ltr'><strong>tra</strong></span> <span class='ocrx_word' id='word_1_458' title='bbox 164 4114 344 4170; x_wconf 63' lang='lat' dir='ltr'><strong>iustitia).</strong></span> <span class='ocrx_word' id='word_1_459' title='bbox 363 4115 664 4160; x_wconf 86' lang='lat' dir='ltr'><strong>rectitudinem</strong></span> <span class='ocrx_word' id='word_1_460' title='bbox 701 4114 831 4158; x_wconf 83' lang='lat' dir='ltr'><strong>etiam</strong></span> <span class='ocrx_word' id='word_1_461' title='bbox 859 4115 1119 4167; x_wconf 80' lang='lat' dir='ltr'><strong>habeamus3</strong></span> <span class='ocrx_word' id='word_1_462' title='bbox 1147 4113 1224 4158; x_wconf 87' lang='lat' dir='ltr'><strong>sed</strong></span> 
     </span>
     <span class='ocr_line' id='line_1_59' title="bbox 52 4185 1223 4246; baseline -0.001 -18"><span class='ocrx_word' id='word_1_463' title='bbox 52 4185 259 4246; x_wconf 83' lang='lat' dir='ltr'><strong>&gt;alterius</strong></span> <span class='ocrx_word' id='word_1_464' title='bbox 292 4187 436 4244; x_wconf 87' lang='lat' dir='ltr'><strong>potius</strong></span> <span class='ocrx_word' id='word_1_465' title='bbox 469 4188 703 4238; x_wconf 87' lang='lat' dir='ltr'><strong>voluntate,</strong></span> <span class='ocrx_word' id='word_1_466' title='bbox 725 4196 930 4242; x_wconf 85' lang='lat' dir='ltr'><strong>qnantum</strong></span> <span class='ocrx_word' id='word_1_467' title='bbox 956 4186 1162 4238; x_wconf 76' lang='lat' dir='ltr'><strong>decuerit,</strong></span> <span class='ocrx_word' id='word_1_468' title='bbox 1182 4192 1223 4229; x_wconf 87' lang='lat' dir='ltr'><strong>et</strong></span> 
     </span>
     <span class='ocr_line' id='line_1_60' title="bbox 49 4258 1223 4316; baseline 0.005 -18"><span class='ocrx_word' id='word_1_469' title='bbox 49 4263 113 4300; x_wconf 78' lang='lat' dir='ltr'><strong>tut</strong></span> <span class='ocrx_word' id='word_1_470' title='bbox 146 4260 398 4316; x_wconf 80' lang='lat' dir='ltr'><strong>expedierit,</strong></span> <span class='ocrx_word' id='word_1_471' title='bbox 423 4272 516 4304; x_wconf 88' lang='lat' dir='ltr'><strong>cam</strong></span> <span class='ocrx_word' id='word_1_472' title='bbox 550 4259 747 4316; x_wconf 74' lang='lat' dir='ltr'><strong>frangere</strong></span> <span class='ocrx_word' id='word_1_473' title='bbox 787 4259 1050 4304; x_wconf 75' lang='lat' dir='ltr'><strong>studeamus.</strong></span> <span class='ocrx_word' id='word_1_474' title='bbox 1076 4258 1223 4315; x_wconf 85' lang='lat' dir='ltr'><strong>Neque</strong></span> 
     </span>
     <span class='ocr_line' id='line_1_61' title="bbox 6 4322 1223 4389; baseline 0.002 -15"><span class='ocrx_word' id='word_1_475' title='bbox 6 4322 11 4335; x_wconf 73' lang='lat'>‘</span> <span class='ocrx_word' id='word_1_476' title='bbox 54 4338 100 4374; x_wconf 72' lang='lat' dir='ltr'><strong>m</strong></span> <span class='ocrx_word' id='word_1_477' title='bbox 122 4332 208 4376; x_wconf 86' lang='lat' dir='ltr'><strong>ullo</strong></span> <span class='ocrx_word' id='word_1_478' title='bbox 240 4335 367 4377; x_wconf 84' lang='lat' dir='ltr'><strong>modo</strong></span> <span class='ocrx_word' id='word_1_479' title='bbox 390 4334 461 4376; x_wconf 86' lang='lat' dir='ltr'><strong>diu</strong></span> <span class='ocrx_word' id='word_1_480' title='bbox 495 4335 729 4389; x_wconf 80' lang='lat' dir='ltr'><strong>poterimus</strong></span> <span class='ocrx_word' id='word_1_481' title='bbox 760 4333 968 4388; x_wconf 77' lang='lat' dir='ltr'><strong>integram</strong></span> <span class='ocrx_word' id='word_1_482' title='bbox 1015 4332 1059 4375; x_wconf 88' lang='lat' dir='ltr'><strong>in</strong></span> <span class='ocrx_word' id='word_1_483' title='bbox 1094 4333 1223 4376; x_wconf 86' lang='lat' dir='ltr'><strong>corde</strong></span> 
     </span>
     <span class='ocr_line' id='line_1_62' title="bbox 2 4395 1223 4460; baseline 0.006 -17"><span class='ocrx_word' id='word_1_484' title='bbox 2 4395 10 4435; x_wconf 71' lang='grc' dir='ltr'><strong>ἱ·</strong></span> <span class='ocrx_word' id='word_1_485' title='bbox 51 4399 189 4447; x_wconf 70' lang='lat' dir='ltr'><strong>itatem</strong></span> <span class='ocrx_word' id='word_1_486' title='bbox 203 4416 474 4460; x_wconf 68' lang='lat' dir='ltr'><strong>conservare,</strong></span> <span class='ocrx_word' id='word_1_487' title='bbox 491 4405 527 4452; x_wconf 87' lang='lat' dir='ltr'><strong>si</strong></span> <span class='ocrx_word' id='word_1_488' title='bbox 539 4405 747 4451; x_wconf 77' lang='lat' dir='ltr'><strong>voluntati</strong></span> <span class='ocrx_word' id='word_1_489' title='bbox 766 4405 964 4458; x_wconf 74' lang='lat' dir='ltr'><strong>aliorum,</strong></span> <span class='ocrx_word' id='word_1_490' title='bbox 979 4410 1020 4449; x_wconf 88' lang='lat' dir='ltr'><strong>et</strong></span> <span class='ocrx_word' id='word_1_491' title='bbox 1040 4405 1223 4451; x_wconf 79' lang='lat' dir='ltr'><strong>maxime</strong></span> 
     </span>
    </p>
   </div>
   <div class='ocr_carea' id='block_1_7' title="bbox 10 733 26 772">
    <p class='ocr_par' dir='ltr' id='par_1_7' title="bbox 10 733 26 772">
     <span class='ocr_line' id='line_1_63' title="bbox 10 733 26 772; textangle 90"><span class='ocrx_word' id='word_1_492' title='bbox 10 733 26 772; x_wconf 87' lang='grc'><strong>.,</strong></span> 
     </span>
    </p>
   </div>
   <div class='ocr_carea' id='block_1_8' title="bbox 10 806 35 920">
    <p class='ocr_par' dir='ltr' id='par_1_8' title="bbox 10 806 35 920">
     <span class='ocr_line' id='line_1_64' title="bbox 10 806 35 837; baseline 0 -9"><span class='ocrx_word' id='word_1_493' title='bbox 10 806 35 837; x_wconf 53' lang='grc' dir='ltr'><strong>μ</strong></span> 
     </span>
     <span class='ocr_line' id='line_1_65' title="bbox 11 881 35 920; baseline 0 0"><span class='ocrx_word' id='word_1_494' title='bbox 11 881 35 920; x_wconf 71' lang='lat' dir='ltr'><strong>i</strong></span> 
     </span>
    </p>
   </div>
   <div class='ocr_carea' id='block_1_9' title="bbox 12 1021 69 1421">
    <p class='ocr_par' dir='ltr' id='par_1_9' title="bbox 12 1021 59 1421">
     <span class='ocr_line' id='line_1_66' title="bbox 12 1021 59 1057; baseline 0 -2"><span class='ocrx_word' id='word_1_495' title='bbox 12 1021 59 1057; x_wconf 78' lang='grc' dir='ltr'><strong>ι</strong></span> 
     </span>
     <span class='ocr_line' id='line_1_67' title="bbox 16 1093 42 1131; baseline 0 -7"><span class='ocrx_word' id='word_1_496' title='bbox 16 1093 42 1131; x_wconf 74' lang='grc' dir='ltr'><strong>ι</strong></span> 
     </span>
     <span class='ocr_line' id='line_1_68' title="bbox 13 1165 69 1203; baseline 0 0"><span class='ocrx_word' id='word_1_497' title='bbox 13 1165 69 1203; x_wconf 93' lang='lat'><em>6</em></span> 
     </span>
     <span class='ocr_line' id='line_1_69' title="bbox 14 1241 59 1283; baseline 0 -6"><span class='ocrx_word' id='word_1_498' title='bbox 14 1241 59 1283; x_wconf 55' lang='lat' dir='ltr'><strong>lja</strong></span> 
     </span>
     <span class='ocr_line' id='line_1_70' title="bbox 14 1307 54 1347; baseline 0 0"><span class='ocrx_word' id='word_1_499' title='bbox 14 1307 54 1347; x_wconf 82' lang='lat' dir='ltr'><strong>l</strong></span> 
     </span>
     <span class='ocr_line' id='line_1_71' title="bbox 14 1380 53 1421; baseline 0 0"><span class='ocrx_word' id='word_1_500' title='bbox 14 1380 53 1421; x_wconf 69' lang='grc' dir='ltr'><strong>ι’</strong></span> 
     </span>
    </p>
   </div>
   <div class='ocr_carea' id='block_1_10' title="bbox 1255 2319 1291 2369">
    <p class='ocr_par' dir='ltr' id='par_1_10' title="bbox 1255 2319 1291 2369">
     <span class='ocr_line' id='line_1_72' title="bbox 1255 2319 1291 2369; baseline 0 0"><span class='ocrx_word' id='word_1_501' title='bbox 1255 2319 1291 2369; x_wconf 80' lang='lat' dir='ltr'>C</span> 
     </span>
    </p>
   </div>
   <div class='ocr_carea' id='block_1_11' title="bbox 1300 245 2628 4450">
    <p class='ocr_par' dir='ltr' id='par_1_11' title="bbox 1300 245 2628 4450">
     <span class='ocr_line' id='line_1_73' title="bbox 1335 245 2579 319; baseline 0.006 -31"><span class='ocrx_word' id='word_1_502' title='bbox 1335 245 1594 301; x_wconf 82' lang='lat' dir='ltr'><strong>nitparere,</strong></span> <span class='ocrx_word' id='word_1_503' title='bbox 1616 253 1836 302; x_wconf 83' lang='lat' dir='ltr'><strong>nostram,</strong></span> <span class='ocrx_word' id='word_1_504' title='bbox 1857 250 2127 319; x_wconf 76' lang='lat' dir='ltr'><strong>inquantum</strong></span> <span class='ocrx_word' id='word_1_505' title='bbox 2164 251 2272 294; x_wconf 87' lang='lat' dir='ltr'><strong>ratio</strong></span> <span class='ocrx_word' id='word_1_506' title='bbox 2292 249 2519 295; x_wconf 84' lang='lat' dir='ltr'><strong>dictaverit</strong></span> <span class='ocrx_word' id='word_1_507' title='bbox 2536 258 2579 296; x_wconf 87' lang='lat' dir='ltr'><strong>ct</strong></span> 
     </span>
     <span class='ocr_line' id='line_1_74' title="bbox 1330 317 2580 380; baseline 0.005 -19"><span class='ocrx_word' id='word_1_508' title='bbox 1330 317 1502 375; x_wconf 87' lang='lat' dir='ltr'><strong>justitia</strong></span> <span class='ocrx_word' id='word_1_509' title='bbox 1525 318 1776 374; x_wconf 84' lang='lat' dir='ltr'><strong>expetierit,</strong></span> <span class='ocrx_word' id='word_1_510' title='bbox 1799 321 2060 366; x_wconf 87' lang='lat' dir='ltr'><strong>voluntatem</strong></span> <span class='ocrx_word' id='word_1_511' title='bbox 2078 322 2240 367; x_wconf 85' lang='lat' dir='ltr'><strong>tumide</strong></span> <span class='ocrx_word' id='word_1_512' title='bbox 2267 329 2308 366; x_wconf 91' lang='lat' dir='ltr'><strong>ct</strong></span> <span class='ocrx_word' id='word_1_513' title='bbox 2328 332 2580 380; x_wconf 80' lang='lat' dir='ltr'><strong>arroganter</strong></span> 
     </span>
     <span class='ocr_line' id='line_1_75' title="bbox 1334 386 2578 448; baseline 0.007 -16"><span class='ocrx_word' id='word_1_514' title='bbox 1334 386 1722 446; x_wconf 85' lang='lat' dir='ltr'><strong>contempserimus</strong></span> <span class='ocrx_word' id='word_1_515' title='bbox 1759 392 1986 448; x_wconf 74' lang='lat' dir='ltr'><strong>suinccre.</strong></span> <span class='ocrx_word' id='word_1_516' title='bbox 2029 393 2152 447; x_wconf 83' lang='lat' dir='ltr'><strong>Quod</strong></span> <span class='ocrx_word' id='word_1_517' title='bbox 2192 402 2335 438; x_wconf 87' lang='lat' dir='ltr'><strong>autem</strong></span> <span class='ocrx_word' id='word_1_518' title='bbox 2369 396 2413 439; x_wconf 86' lang='lat' dir='ltr'><strong>in</strong></span> <span class='ocrx_word' id='word_1_519' title='bbox 2449 397 2578 441; x_wconf 85' lang='lat' dir='ltr'><strong>rebus</strong></span> 
     </span>
     <span class='ocr_line' id='line_1_76' title="bbox 1332 457 2577 524; baseline 0.006 -20"><span class='ocrx_word' id='word_1_520' title='bbox 1332 462 1643 518; x_wconf 85' lang='lat' dir='ltr'><strong>temporalibus</strong></span> <span class='ocrx_word' id='word_1_521' title='bbox 1665 464 1774 509; x_wconf 80' lang='lat' dir='ltr'><strong>nihil</strong></span> <span class='ocrx_word' id='word_1_522' title='bbox 1798 465 1979 516; x_wconf 81' lang='lat' dir='ltr'><strong>debeant</strong></span> <span class='ocrx_word' id='word_1_523' title='bbox 2005 468 2231 511; x_wconf 79' lang='lat' dir='ltr'><strong>coenobitae</strong></span> <span class='ocrx_word' id='word_1_524' title='bbox 2252 457 2476 524; x_wconf 84' lang='lat' dir='ltr'><strong>proprium</strong></span> <span class='ocrx_word' id='word_1_525' title='bbox 2499 469 2577 512; x_wconf 82' lang='lat' dir='ltr'><strong>ha·</strong></span> 
     </span>
     <span class='ocr_line' id='line_1_77' title="bbox 1331 534 2577 597; baseline 0.006 -19"><span class='ocrx_word' id='word_1_526' title='bbox 1331 534 1449 587; x_wconf 81' lang='lat' dir='ltr'><strong>bere,</strong></span> <span class='ocrx_word' id='word_1_527' title='bbox 1475 537 1581 580; x_wconf 86' lang='lat' dir='ltr'><strong>nulli</strong></span> <span class='ocrx_word' id='word_1_528' title='bbox 1602 549 1783 592; x_wconf 78' lang='lat' dir='ltr'><strong>prorsus</strong></span> <span class='ocrx_word' id='word_1_529' title='bbox 1808 539 1918 584; x_wconf 87' lang='lat' dir='ltr'><strong>valet</strong></span> <span class='ocrx_word' id='word_1_530' title='bbox 1943 541 1988 583; x_wconf 91' lang='lat' dir='ltr'><strong>in</strong></span> <span class='ocrx_word' id='word_1_531' title='bbox 2019 539 2193 584; x_wconf 87' lang='lat' dir='ltr'><strong>dubium</strong></span> <span class='ocrx_word' id='word_1_532' title='bbox 2217 542 2381 593; x_wconf 85' lang='lat' dir='ltr'><strong>venire,</strong></span> <span class='ocrx_word' id='word_1_533' title='bbox 2405 542 2477 597; x_wconf 83' lang='lat' dir='ltr'><strong>qui</strong></span> <span class='ocrx_word' id='word_1_534' title='bbox 2504 554 2577 586; x_wconf 52' lang='lat' dir='ltr'><strong>eoa</strong></span> 
     </span>
     <span class='ocr_line' id='line_1_78' title="bbox 1331 609 2577 669; baseline 0.004 -18"><span class='ocrx_word' id='word_1_535' title='bbox 1331 609 1528 653; x_wconf 86' lang='lat' dir='ltr'><strong>rumdem</strong></span> <span class='ocrx_word' id='word_1_536' title='bbox 1569 612 1885 656; x_wconf 84' lang='lat' dir='ltr'><strong>coenobitarum</strong></span> <span class='ocrx_word' id='word_1_537' title='bbox 1929 614 2047 657; x_wconf 89' lang='lat' dir='ltr'><strong>novit</strong></span> <span class='ocrx_word' id='word_1_538' title='bbox 2090 612 2421 669; x_wconf 78' lang='lat' dir='ltr'><strong>professionem.</strong></span> <span class='ocrx_word' id='word_1_539' title='bbox 2462 613 2577 657; x_wconf 88' lang='lat' dir='ltr'><strong>Nihil</strong></span> 
     </span>
     <span class='ocr_line' id='line_1_79' title="bbox 1330 679 2581 742; baseline 0.003 -18"><span class='ocrx_word' id='word_1_540' title='bbox 1330 688 1474 725; x_wconf 86' lang='lat' dir='ltr'><strong>autem</strong></span> <span class='ocrx_word' id='word_1_541' title='bbox 1497 682 1653 726; x_wconf 80' lang='lat' dir='ltr'><strong>debent</strong></span> <span class='ocrx_word' id='word_1_542' title='bbox 1673 679 1833 728; x_wconf 83' lang='lat' dir='ltr'><strong>habere</strong></span> <span class='ocrx_word' id='word_1_543' title='bbox 1850 685 2088 740; x_wconf 87' lang='lat' dir='ltr'><strong>proprium,</strong></span> <span class='ocrx_word' id='word_1_544' title='bbox 2113 685 2215 742; x_wconf 84' lang='lat' dir='ltr'><strong>quia</strong></span> <span class='ocrx_word' id='word_1_545' title='bbox 2237 691 2457 741; x_wconf 86' lang='lat' dir='ltr'><strong>peccatum</strong></span> <span class='ocrx_word' id='word_1_546' title='bbox 2478 698 2581 742; x_wconf 73' lang='lat' dir='ltr'><strong>gra-</strong></span> 
     </span>
     <span class='ocr_line' id='line_1_80' title="bbox 1328 745 2574 814; baseline 0.004 -17"><span class='ocrx_word' id='word_1_547' title='bbox 1328 745 1555 798; x_wconf 85' lang='lat' dir='ltr'><strong>vissimum</strong></span> <span class='ocrx_word' id='word_1_548' title='bbox 1581 761 1664 807; x_wconf 90' lang='lat' dir='ltr'><strong>est,</strong></span> <span class='ocrx_word' id='word_1_549' title='bbox 1691 755 1731 799; x_wconf 77' lang='lat' dir='ltr'><strong>si</strong></span> <span class='ocrx_word' id='word_1_550' title='bbox 1762 756 1805 800; x_wconf 87' lang='lat' dir='ltr'><strong>id</strong></span> <span class='ocrx_word' id='word_1_551' title='bbox 1828 758 2196 814; x_wconf 80' lang='lat' dir='ltr'><strong>praesumpserint.</strong></span> <span class='ocrx_word' id='word_1_552' title='bbox 2213 757 2339 810; x_wconf 87' lang='lat' dir='ltr'><strong>Cum,</strong></span> <span class='ocrx_word' id='word_1_553' title='bbox 2363 759 2574 814; x_wconf 86' lang='lat' dir='ltr'><strong>siquidem</strong></span> 
     </span>
     <span class='ocr_line' id='line_1_81' title="bbox 1329 825 2576 886; baseline 0.005 -18"><span class='ocrx_word' id='word_1_554' title='bbox 1329 825 1410 870; x_wconf 84' lang='lat' dir='ltr'><strong>hoc</strong></span> <span class='ocrx_word' id='word_1_555' title='bbox 1431 825 1476 869; x_wconf 91' lang='lat' dir='ltr'><strong>in</strong></span> <span class='ocrx_word' id='word_1_556' title='bbox 1488 827 1583 871; x_wconf 89' lang='lat' dir='ltr'><strong>loco</strong></span> <span class='ocrx_word' id='word_1_557' title='bbox 1605 826 1732 871; x_wconf 81' lang='lat' dir='ltr'><strong>Pater</strong></span> <span class='ocrx_word' id='word_1_558' title='bbox 1755 835 1904 873; x_wconf 87' lang='lat' dir='ltr'><strong>noster</strong></span> <span class='ocrx_word' id='word_1_559' title='bbox 1926 830 2087 886; x_wconf 87' lang='lat' dir='ltr'><strong>aliquid</strong></span> <span class='ocrx_word' id='word_1_560' title='bbox 2105 830 2331 886; x_wconf 85' lang='lat' dir='ltr'><strong>prohibeat</strong></span> <span class='ocrx_word' id='word_1_561' title='bbox 2353 831 2576 886; x_wconf 85' lang='lat' dir='ltr'><strong>proprium</strong></span> 
     </span>
     <span class='ocr_line' id='line_1_82' title="bbox 1328 897 2576 960; baseline 0.007 -21"><span class='ocrx_word' id='word_1_562' title='bbox 1328 897 1430 951; x_wconf 89' lang='lat' dir='ltr'><strong>dici,</strong></span> <span class='ocrx_word' id='word_1_563' title='bbox 1451 905 1615 955; x_wconf 88' lang='lat' dir='ltr'><strong>quanto</strong></span> <span class='ocrx_word' id='word_1_564' title='bbox 1637 900 1782 945; x_wconf 86' lang='lat' dir='ltr'><strong>minus</strong></span> <span class='ocrx_word' id='word_1_565' title='bbox 1813 902 2014 946; x_wconf 87' lang='lat' dir='ltr'><strong>concedit</strong></span> <span class='ocrx_word' id='word_1_566' title='bbox 2051 903 2230 946; x_wconf 75' lang='lat' dir='ltr'><strong>haberi?</strong></span> <span class='ocrx_word' id='word_1_567' title='bbox 2255 903 2441 948; x_wconf 87' lang='lat' dir='ltr'><strong>Sanctus</strong></span> <span class='ocrx_word' id='word_1_568' title='bbox 2474 917 2576 960; x_wconf 88' lang='lat' dir='ltr'><strong>quo·</strong></span> 
     </span>
     <span class='ocr_line' id='line_1_83' title="bbox 1325 970 2575 1030; baseline 0.006 -17"><span class='ocrx_word' id='word_1_569' title='bbox 1325 982 1410 1025; x_wconf 86' lang='lat' dir='ltr'><strong>que</strong></span> <span class='ocrx_word' id='word_1_570' title='bbox 1452 970 1713 1016; x_wconf 85' lang='lat' dir='ltr'><strong>Benedictus</strong></span> <span class='ocrx_word' id='word_1_571' title='bbox 1749 973 1795 1015; x_wconf 90' lang='lat' dir='ltr'><strong>in</strong></span> <span class='ocrx_word' id='word_1_572' title='bbox 1828 972 2003 1030; x_wconf 51' lang='lat' dir='ltr'><strong>¹Regula</strong></span> <span class='ocrx_word' id='word_1_573' title='bbox 2040 975 2350 1019; x_wconf 85' lang='lat' dir='ltr'><strong>monachorum</strong></span> <span class='ocrx_word' id='word_1_574' title='bbox 2398 988 2575 1020; x_wconf 89' lang='lat' dir='ltr'><strong>suorum</strong></span> 
     </span>
     <span class='ocr_line' id='line_1_84' title="bbox 1325 1038 2574 1102; baseline 0.005 -16"><span class='ocrx_word' id='word_1_575' title='bbox 1325 1055 1455 1099; x_wconf 85' lang='lat' dir='ltr'><strong>super</strong></span> <span class='ocrx_word' id='word_1_576' title='bbox 1477 1042 1569 1087; x_wconf 85' lang='lat' dir='ltr'><strong>haec</strong></span> <span class='ocrx_word' id='word_1_577' title='bbox 1592 1043 1652 1088; x_wconf 82' lang='lat' dir='ltr'><strong>ita</strong></span> <span class='ocrx_word' id='word_1_578' title='bbox 1674 1045 1826 1089; x_wconf 85' lang='lat' dir='ltr'><strong>scribit</strong></span> <span class='ocrx_word' id='word_1_579' title='bbox 1847 1061 1857 1089; x_wconf 89' lang='lat'><strong>:</strong></span> <span class='ocrx_word' id='word_1_580' title='bbox 1880 1038 2097 1102; x_wconf 80' lang='lat' dir='ltr'><strong>Proecipue</strong></span> <span class='ocrx_word' id='word_1_581' title='bbox 2115 1046 2189 1089; x_wconf 83' lang='lat' dir='ltr'><strong>hoc</strong></span> <span class='ocrx_word' id='word_1_582' title='bbox 2207 1048 2350 1090; x_wconf 84' lang='lat' dir='ltr'><strong>vitium</strong></span> <span class='ocrx_word' id='word_1_583' title='bbox 2369 1048 2574 1093; x_wconf 80' lang='lat' dir='ltr'><strong>radicitus</strong></span> 
     </span>
     <span class='ocr_line' id='line_1_85' title="bbox 1326 1115 2575 1175; baseline 0.004 -17"><span class='ocrx_word' id='word_1_584' title='bbox 1326 1115 1626 1171; x_wconf 74' lang='lat' dir='ltr'><strong>auiputandum</strong></span> <span class='ocrx_word' id='word_1_585' title='bbox 1641 1123 1701 1160; x_wconf 79' lang='lat' dir='ltr'><strong>est</strong></span> <span class='ocrx_word' id='word_1_586' title='bbox 1719 1115 1769 1160; x_wconf 86' lang='lat' dir='ltr'><strong>de</strong></span> <span class='ocrx_word' id='word_1_587' title='bbox 1784 1119 2052 1170; x_wconf 75' lang='lat' dir='ltr'><strong>monasterio,</strong></span> <span class='ocrx_word' id='word_1_588' title='bbox 2073 1131 2122 1162; x_wconf 85' lang='lat' dir='ltr'><strong>ue</strong></span> <span class='ocrx_word' id='word_1_589' title='bbox 2135 1120 2226 1175; x_wconf 79' lang='lat' dir='ltr'><strong>quis</strong></span> <span class='ocrx_word' id='word_1_590' title='bbox 2243 1127 2470 1174; x_wconf 53' lang='lat' dir='ltr'><strong>praesumat</strong></span> <span class='ocrx_word' id='word_1_591' title='bbox 2492 1120 2575 1163; x_wconf 77' lang='lat' dir='ltr'><strong>ali-</strong></span> 
     </span>
     <span class='ocr_line' id='line_1_86' title="bbox 1324 1187 2575 1250; baseline 0.005 -20"><span class='ocrx_word' id='word_1_592' title='bbox 1324 1188 1423 1244; x_wconf 82' lang='lat' dir='ltr'><strong>quid</strong></span> <span class='ocrx_word' id='word_1_593' title='bbox 1454 1187 1555 1232; x_wconf 79' lang='lat' dir='ltr'><strong>dare</strong></span> <span class='ocrx_word' id='word_1_594' title='bbox 1594 1197 1667 1232; x_wconf 80' lang='lat' dir='ltr'><strong>aut</strong></span> <span class='ocrx_word' id='word_1_595' title='bbox 1710 1192 1893 1246; x_wconf 83' lang='lat' dir='ltr'><strong>accipere</strong></span> <span class='ocrx_word' id='word_1_596' title='bbox 1928 1191 2016 1234; x_wconf 76' lang='lat' dir='ltr'><strong>siue</strong></span> <span class='ocrx_word' id='word_1_597' title='bbox 2030 1191 2222 1247; x_wconf 80' lang='lat' dir='ltr'><strong>jussione</strong></span> <span class='ocrx_word' id='word_1_598' title='bbox 2247 1191 2426 1246; x_wconf 77' lang='lat' dir='ltr'><strong>abbatis,</strong></span> <span class='ocrx_word' id='word_1_599' title='bbox 2451 1206 2575 1250; x_wconf 77' lang='lat' dir='ltr'><strong>neque</strong></span> 
     </span>
     <span class='ocr_line' id='line_1_87' title="bbox 1324 1260 2575 1322; baseline 0.006 -20"><span class='ocrx_word' id='word_1_600' title='bbox 1324 1260 1488 1316; x_wconf 79' lang='lat' dir='ltr'><strong>aliquid</strong></span> <span class='ocrx_word' id='word_1_601' title='bbox 1506 1260 1654 1305; x_wconf 80' lang='lat' dir='ltr'><strong>habere</strong></span> <span class='ocrx_word' id='word_1_602' title='bbox 1674 1263 1905 1318; x_wconf 84' lang='lat' dir='ltr'><strong>proprium.</strong></span> <span class='ocrx_word' id='word_1_603' title='bbox 1934 1262 2110 1306; x_wconf 75' lang='lat' dir='ltr'><strong>Nullam</strong></span> <span class='ocrx_word' id='word_1_604' title='bbox 2134 1265 2300 1307; x_wconf 81' lang='lat' dir='ltr'><strong>omniuo</strong></span> <span class='ocrx_word' id='word_1_605' title='bbox 2328 1279 2430 1317; x_wconf 81' lang='lat' dir='ltr'><strong>rem,</strong></span> <span class='ocrx_word' id='word_1_606' title='bbox 2450 1279 2575 1322; x_wconf 79' lang='lat' dir='ltr'><strong>neque</strong></span> 
     </span>
     <span class='ocr_line' id='line_1_88' title="bbox 1324 1333 2576 1393; baseline 0.006 -18"><span class='ocrx_word' id='word_1_607' title='bbox 1324 1333 1523 1385; x_wconf 82' lang='lat' dir='ltr'><strong>codicem,</strong></span> <span class='ocrx_word' id='word_1_608' title='bbox 1550 1348 1678 1391; x_wconf 84' lang='lat' dir='ltr'><strong>neque</strong></span> <span class='ocrx_word' id='word_1_609' title='bbox 1716 1335 1902 1388; x_wconf 82' lang='lat' dir='ltr'><strong>tabulas,</strong></span> <span class='ocrx_word' id='word_1_610' title='bbox 1937 1349 2063 1392; x_wconf 83' lang='lat' dir='ltr'><strong>neque</strong></span> <span class='ocrx_word' id='word_1_611' title='bbox 2095 1336 2332 1393; x_wconf 62' lang='lat' dir='ltr'><strong>graphium,</strong></span> <span class='ocrx_word' id='word_1_612' title='bbox 2367 1338 2438 1381; x_wconf 77' lang='lat' dir='ltr'><strong>sed</strong></span> <span class='ocrx_word' id='word_1_613' title='bbox 2471 1339 2576 1382; x_wconf 78' lang='lat' dir='ltr'><strong>uileil</strong></span> 
     </span>
     <span class='ocr_line' id='line_1_89' title="bbox 1323 1406 2576 1464; baseline 0.006 -17"><span class='ocrx_word' id='word_1_614' title='bbox 1323 1407 1503 1448; x_wconf 82' lang='lat' dir='ltr'><strong>omm‘no.</strong></span> <span class='ocrx_word' id='word_1_615' title='bbox 1526 1406 1692 1462; x_wconf 85' lang='lat' dir='ltr'><strong>Quippe</strong></span> <span class='ocrx_word' id='word_1_616' title='bbox 1712 1407 1871 1463; x_wconf 89' lang='lat' dir='ltr'><strong>quibus</strong></span> <span class='ocrx_word' id='word_1_617' title='bbox 1893 1419 1971 1451; x_wconf 90' lang='lat' dir='ltr'><strong>nec</strong></span> <span class='ocrx_word' id='word_1_618' title='bbox 2000 1420 2182 1464; x_wconf 86' lang='lat' dir='ltr'><strong>corpora</strong></span> <span class='ocrx_word' id='word_1_619' title='bbox 2203 1421 2298 1461; x_wconf 82' lang='lat' dir='ltr'><strong>sua,</strong></span> <span class='ocrx_word' id='word_1_620' title='bbox 2319 1417 2399 1454; x_wconf 82' lang='lat' dir='ltr'><strong>nec</strong></span> <span class='ocrx_word' id='word_1_621' title='bbox 2424 1411 2576 1454; x_wconf 87' lang='lat' dir='ltr'><strong>volun-</strong></span> 
     </span>
     <span class='ocr_line' id='line_1_90' title="bbox 1322 1465 2574 1540; baseline 0.007 -22"><span class='ocrx_word' id='word_1_622' title='bbox 1322 1482 1433 1520; x_wconf 84' lang='lat' dir='ltr'><strong>tates</strong></span> <span class='ocrx_word' id='word_1_623' title='bbox 1456 1478 1557 1521; x_wconf 79' lang='lat' dir='ltr'><strong>licet</strong></span> <span class='ocrx_word' id='word_1_624' title='bbox 1592 1478 1750 1523; x_wconf 82' lang='lat' dir='ltr'><strong>babere</strong></span> <span class='ocrx_word' id='word_1_625' title='bbox 1782 1479 1827 1522; x_wconf 91' lang='lat' dir='ltr'><strong>in</strong></span> <span class='ocrx_word' id='word_1_626' title='bbox 1860 1480 2034 1536; x_wconf 85' lang='lat' dir='ltr'><strong>propria</strong></span> <span class='ocrx_word' id='word_1_627' title='bbox 2077 1478 2312 1527; x_wconf 86' lang='lat' dir='ltr'><strong>voluntate.</strong></span> <span class='ocrx_word' id='word_1_628' title='bbox 2336 1465 2462 1526; x_wconf 61' lang='lat' dir='ltr'><strong>Certe</strong></span> <span class='ocrx_word' id='word_1_629' title='bbox 2500 1485 2574 1540; x_wconf 89' lang='lat' dir='ltr'><strong>qui</strong></span> 
     </span>
     <span class='ocr_line' id='line_1_91' title="bbox 1322 1551 2574 1610; baseline 0.007 -19"><span class='ocrx_word' id='word_1_630' title='bbox 1322 1551 1612 1605; x_wconf 79' lang='lat' dir='ltr'><strong>peculiaritati</strong></span> <span class='ocrx_word' id='word_1_631' title='bbox 1636 1552 1826 1603; x_wconf 83' lang='lat' dir='ltr'><strong>student,</strong></span> <span class='ocrx_word' id='word_1_632' title='bbox 1842 1553 2080 1597; x_wconf 83' lang='lat' dir='ltr'><strong>secundum</strong></span> <span class='ocrx_word' id='word_1_633' title='bbox 2103 1554 2314 1610; x_wconf 78' lang='lat' dir='ltr'><strong>quosdam</strong></span> <span class='ocrx_word' id='word_1_634' title='bbox 2337 1556 2454 1601; x_wconf 85' lang='lat' dir='ltr'><strong>l&#39;urcs</strong></span> <span class='ocrx_word' id='word_1_635' title='bbox 2473 1564 2574 1602; x_wconf 86' lang='lat' dir='ltr'><strong>sunt</strong></span> 
     </span>
     <span class='ocr_line' id='line_1_92' title="bbox 1319 1622 2574 1686; baseline 0.007 -21"><span class='ocrx_word' id='word_1_636' title='bbox 1319 1622 1653 1678; x_wconf 88' lang='lat' dir='ltr'><strong>quodammodo,</strong></span> <span class='ocrx_word' id='word_1_637' title='bbox 1672 1631 1715 1668; x_wconf 90' lang='lat' dir='ltr'><strong>et</strong></span> <span class='ocrx_word' id='word_1_638' title='bbox 1739 1626 1986 1679; x_wconf 74' lang='lat' dir='ltr'><strong>mendaces,</strong></span> <span class='ocrx_word' id='word_1_639' title='bbox 2015 1627 2211 1684; x_wconf 81' lang='lat' dir='ltr'><strong>sacrilegi</strong></span> <span class='ocrx_word' id='word_1_640' title='bbox 2236 1628 2381 1683; x_wconf 82' lang='lat' dir='ltr'><strong>ctiam,</strong></span> <span class='ocrx_word' id='word_1_641' title='bbox 2406 1636 2447 1673; x_wconf 86' lang='lat' dir='ltr'><strong>et</strong></span> <span class='ocrx_word' id='word_1_642' title='bbox 2471 1642 2574 1686; x_wconf 86' lang='lat' dir='ltr'><strong>apo-</strong></span> 
     </span>
     <span class='ocr_line' id='line_1_93' title="bbox 1305 1698 2573 1757; baseline 0.003 -15"><span class='ocrx_word' id='word_1_643' title='bbox 1305 1701 1443 1746; x_wconf 67' lang='lat' dir='ltr'><strong>statae</strong></span> <span class='ocrx_word' id='word_1_644' title='bbox 1465 1704 1582 1742; x_wconf 83' lang='lat' dir='ltr'><strong>sunt.</strong></span> <span class='ocrx_word' id='word_1_645' title='bbox 1608 1698 1707 1742; x_wconf 85' lang='lat' dir='ltr'><strong>Ideo</strong></span> <span class='ocrx_word' id='word_1_646' title='bbox 1729 1698 1862 1752; x_wconf 83' lang='lat' dir='ltr'><strong>sures,</strong></span> <span class='ocrx_word' id='word_1_647' title='bbox 1887 1700 1989 1756; x_wconf 88' lang='lat' dir='ltr'><strong>quia</strong></span> <span class='ocrx_word' id='word_1_648' title='bbox 2028 1713 2123 1757; x_wconf 82' lang='lat' dir='ltr'><strong>quac</strong></span> <span class='ocrx_word' id='word_1_649' title='bbox 2146 1701 2331 1745; x_wconf 85' lang='lat' dir='ltr'><strong>aliorum</strong></span> <span class='ocrx_word' id='word_1_650' title='bbox 2358 1708 2475 1754; x_wconf 85' lang='lat' dir='ltr'><strong>sunt,</strong></span> <span class='ocrx_word' id='word_1_651' title='bbox 2499 1715 2573 1746; x_wconf 90' lang='lat' dir='ltr'><strong>oc-</strong></span> 
     </span>
     <span class='ocr_line' id='line_1_94' title="bbox 1317 1771 2572 1831; baseline 0.003 -17"><span class='ocrx_word' id='word_1_652' title='bbox 1317 1771 1432 1816; x_wconf 88' lang='lat' dir='ltr'><strong>culte</strong></span> <span class='ocrx_word' id='word_1_653' title='bbox 1465 1771 1550 1816; x_wconf 82' lang='lat' dir='ltr'><strong>sibi</strong></span> <span class='ocrx_word' id='word_1_654' title='bbox 1585 1771 1873 1816; x_wconf 83' lang='lat' dir='ltr'><strong>abseondunt.</strong></span> <span class='ocrx_word' id='word_1_655' title='bbox 1907 1771 2007 1816; x_wconf 72' lang='lat' dir='ltr'><strong>ideo</strong></span> <span class='ocrx_word' id='word_1_656' title='bbox 2041 1773 2288 1827; x_wconf 85' lang='lat' dir='ltr'><strong>mendaces,</strong></span> <span class='ocrx_word' id='word_1_657' title='bbox 2314 1775 2416 1831; x_wconf 87' lang='lat' dir='ltr'><strong>quia</strong></span> <span class='ocrx_word' id='word_1_658' title='bbox 2457 1775 2572 1828; x_wconf 85' lang='lat' dir='ltr'><strong>aliud</strong></span> 
     </span>
     <span class='ocr_line' id='line_1_95' title="bbox 1317 1841 2570 1902; baseline 0.003 -16"><span class='ocrx_word' id='word_1_659' title='bbox 1317 1850 1436 1896; x_wconf 87' lang='lat' dir='ltr'><strong>sunt,</strong></span> <span class='ocrx_word' id='word_1_660' title='bbox 1463 1850 1505 1888; x_wconf 88' lang='lat' dir='ltr'><strong>et</strong></span> <span class='ocrx_word' id='word_1_661' title='bbox 1528 1843 1646 1889; x_wconf 85' lang='lat' dir='ltr'><strong>aliud</strong></span> <span class='ocrx_word' id='word_1_662' title='bbox 1668 1856 1714 1889; x_wconf 86' lang='lat' dir='ltr'><strong>se</strong></span> <span class='ocrx_word' id='word_1_663' title='bbox 1750 1845 1996 1890; x_wconf 86' lang='lat' dir='ltr'><strong>ostendunt.</strong></span> <span class='ocrx_word' id='word_1_664' title='bbox 2021 1844 2122 1890; x_wconf 85' lang='lat' dir='ltr'><strong>Ideo</strong></span> <span class='ocrx_word' id='word_1_665' title='bbox 2159 1841 2331 1902; x_wconf 83' lang='lat' dir='ltr'><strong>quoque</strong></span> <span class='ocrx_word' id='word_1_666' title='bbox 2364 1853 2407 1891; x_wconf 87' lang='lat' dir='ltr'><strong>et</strong></span> <span class='ocrx_word' id='word_1_667' title='bbox 2433 1848 2570 1891; x_wconf 83' lang='lat' dir='ltr'><strong>sacri-</strong></span> 
     </span>
     <span class='ocr_line' id='line_1_96' title="bbox 1316 1914 2578 1979; baseline 0.004 -22"><span class='ocrx_word' id='word_1_668' title='bbox 1316 1914 1416 1971; x_wconf 79' lang='lat' dir='ltr'><strong>legi,</strong></span> <span class='ocrx_word' id='word_1_669' title='bbox 1431 1916 1549 1972; x_wconf 81' lang='lat' dir='ltr'><strong>quia,</strong></span> <span class='ocrx_word' id='word_1_670' title='bbox 1573 1915 1676 1960; x_wconf 90' lang='lat' dir='ltr'><strong>dum</strong></span> <span class='ocrx_word' id='word_1_671' title='bbox 1701 1926 1771 1961; x_wconf 77' lang='lat' dir='ltr'><strong>res</strong></span> <span class='ocrx_word' id='word_1_672' title='bbox 1793 1915 1876 1964; x_wconf 79' lang='lat' dir='ltr'><strong>sibi</strong></span> <span class='ocrx_word' id='word_1_673' title='bbox 1897 1917 2151 1961; x_wconf 81' lang='lat' dir='ltr'><strong>monasterii</strong></span> <span class='ocrx_word' id='word_1_674' title='bbox 2170 1915 2328 1962; x_wconf 72' lang='lat' dir='ltr'><strong>&#39;illicite</strong></span> <span class='ocrx_word' id='word_1_675' title='bbox 2351 1918 2578 1979; x_wconf 79' lang='lat' dir='ltr'><strong>vindicare</strong></span> 
     </span>
     <span class='ocr_line' id='line_1_97' title="bbox 1316 1989 2571 2045; baseline 0.006 -15"><span class='ocrx_word' id='word_1_676' title='bbox 1316 1995 1599 2045; x_wconf 83' lang='lat' dir='ltr'><strong>praesumunt‚</strong></span> <span class='ocrx_word' id='word_1_677' title='bbox 1631 1990 1763 2034; x_wconf 86' lang='lat' dir='ltr'><strong>etiam</strong></span> <span class='ocrx_word' id='word_1_678' title='bbox 1801 1999 1973 2035; x_wconf 82' lang='lat' dir='ltr'><strong>sacrum</strong></span> <span class='ocrx_word' id='word_1_679' title='bbox 2018 1989 2072 2036; x_wconf 87' lang='lat' dir='ltr'><strong>dc</strong></span> <span class='ocrx_word' id='word_1_680' title='bbox 2107 2002 2234 2036; x_wconf 85' lang='lat' dir='ltr'><strong>sacro</strong></span> <span class='ocrx_word' id='word_1_681' title='bbox 2264 1991 2437 2037; x_wconf 87' lang='lat' dir='ltr'><strong>tollunt.</strong></span> <span class='ocrx_word' id='word_1_682' title='bbox 2471 1991 2571 2037; x_wconf 82' lang='lat' dir='ltr'><strong>idco</strong></span> 
     </span>
     <span class='ocr_line' id='line_1_98' title="bbox 1316 2061 2568 2121; baseline 0.006 -16"><span class='ocrx_word' id='word_1_683' title='bbox 1316 2061 1502 2118; x_wconf 85' lang='lat' dir='ltr'><strong>denique</strong></span> <span class='ocrx_word' id='word_1_684' title='bbox 1545 2068 1769 2119; x_wconf 62' lang='lat' dir='ltr'><strong>apostatas,</strong></span> <span class='ocrx_word' id='word_1_685' title='bbox 1809 2064 1912 2120; x_wconf 86' lang='lat' dir='ltr'><strong>quia</strong></span> <span class='ocrx_word' id='word_1_686' title='bbox 1951 2063 2076 2120; x_wconf 81' lang='lat' dir='ltr'><strong>juxta</strong></span> <span class='ocrx_word' id='word_1_687' title='bbox 2121 2063 2351 2121; x_wconf 76' lang='lat' dir='ltr'><strong>quemdum</strong></span> <span class='ocrx_word' id='word_1_688' title='bbox 2390 2064 2568 2113; x_wconf 87' lang='lat' dir='ltr'><strong>modum</strong></span> 
     </span>
     <span class='ocr_line' id='line_1_99' title="bbox 1310 2134 2568 2194; baseline 0.007 -18"><span class='ocrx_word' id='word_1_689' title='bbox 1310 2134 1400 2190; x_wconf 65' lang='lat' dir='ltr'><strong>‘Jam</strong></span> <span class='ocrx_word' id='word_1_690' title='bbox 1427 2134 1482 2178; x_wconf 87' lang='lat' dir='ltr'><strong>ad</strong></span> <span class='ocrx_word' id='word_1_691' title='bbox 1503 2136 1711 2180; x_wconf 78' lang='lat' dir='ltr'><strong>vomitum</strong></span> <span class='ocrx_word' id='word_1_692' title='bbox 1735 2136 1971 2188; x_wconf 83' lang='lat' dir='ltr'><strong>redierunt,</strong></span> <span class='ocrx_word' id='word_1_693' title='bbox 1995 2137 2098 2180; x_wconf 89' lang='lat' dir='ltr'><strong>dum</strong></span> <span class='ocrx_word' id='word_1_694' title='bbox 2120 2149 2206 2192; x_wconf 84' lang='lat' dir='ltr'><strong>res,</strong></span> <span class='ocrx_word' id='word_1_695' title='bbox 2225 2139 2384 2194; x_wconf 87' lang='lat' dir='ltr'><strong>quibus</strong></span> <span class='ocrx_word' id='word_1_696' title='bbox 2406 2140 2568 2186; x_wconf 88' lang='lat' dir='ltr'><strong>dudum</strong></span> 
     </span>
     <span class='ocr_line' id='line_1_100' title="bbox 1315 2208 2568 2272; baseline 0.006 -21"><span class='ocrx_word' id='word_1_697' title='bbox 1315 2208 1684 2261; x_wconf 78' lang='lat' dir='ltr'><strong>renuntiaverant,</strong></span> <span class='ocrx_word' id='word_1_698' title='bbox 1709 2209 1882 2262; x_wconf 89' lang='lat' dir='ltr'><strong>iterum,</strong></span> <span class='ocrx_word' id='word_1_699' title='bbox 1929 2214 1972 2254; x_wconf 89' lang='lat' dir='ltr'><strong>et</strong></span> <span class='ocrx_word' id='word_1_700' title='bbox 2006 2210 2158 2255; x_wconf 85' lang='lat' dir='ltr'><strong>eodem</strong></span> <span class='ocrx_word' id='word_1_701' title='bbox 2183 2213 2311 2256; x_wconf 86' lang='lat' dir='ltr'><strong>modo</strong></span> <span class='ocrx_word' id='word_1_702' title='bbox 2328 2227 2423 2270; x_wconf 24' lang='lat' dir='ltr'><strong>*quo</strong></span> <span class='ocrx_word' id='word_1_703' title='bbox 2445 2215 2568 2272; x_wconf 87' lang='lat' dir='ltr'><strong>prius</strong></span> 
     </span>
     <span class='ocr_line' id='line_1_101' title="bbox 1315 2282 2568 2343; baseline 0.006 -17"><span class='ocrx_word' id='word_1_704' title='bbox 1315 2282 1612 2339; x_wconf 77' lang='lat' dir='ltr'><strong>possederant,</strong></span> <span class='ocrx_word' id='word_1_705' title='bbox 1636 2283 1718 2326; x_wconf 87' lang='lat' dir='ltr'><strong>hoc</strong></span> <span class='ocrx_word' id='word_1_706' title='bbox 1757 2289 1824 2327; x_wconf 89' lang='lat' dir='ltr'><strong>est</strong></span> <span class='ocrx_word' id='word_1_707' title='bbox 1869 2282 1923 2327; x_wconf 89' lang='lat' dir='ltr'><strong>ad</strong></span> <span class='ocrx_word' id='word_1_708' title='bbox 1962 2297 2066 2329; x_wconf 90' lang='lat' dir='ltr'><strong>usus</strong></span> <span class='ocrx_word' id='word_1_709' title='bbox 2105 2286 2320 2341; x_wconf 68' lang='lat' dir='ltr'><strong>proprios,</strong></span> <span class='ocrx_word' id='word_1_710' title='bbox 2344 2288 2568 2343; x_wconf 86' lang='lat' dir='ltr'><strong>possidere</strong></span> 
     </span>
     <span class='ocr_line' id='line_1_102' title="bbox 1315 2355 2574 2417; baseline 0.008 -20"><span class='ocrx_word' id='word_1_711' title='bbox 1315 2355 1503 2399; x_wconf 82' lang='lat' dir='ltr'><strong>student.</strong></span> <span class='ocrx_word' id='word_1_712' title='bbox 1529 2355 1823 2400; x_wconf 86' lang='lat' dir='ltr'><strong>Caveamuse</strong></span> <span class='ocrx_word' id='word_1_713' title='bbox 1799 2369 1919 2412; x_wconf 85' lang='lat' dir='ltr'><strong>ergo,</strong></span> <span class='ocrx_word' id='word_1_714' title='bbox 1946 2356 2119 2409; x_wconf 33' lang='lat' dir='ltr'><strong>fratiffes</strong></span> <span class='ocrx_word' id='word_1_715' title='bbox 2144 2371 2198 2402; x_wconf 90' lang='lat' dir='ltr'><strong>ne</strong></span> <span class='ocrx_word' id='word_1_716' title='bbox 2222 2360 2315 2404; x_wconf 87' lang='lat' dir='ltr'><strong>sinc</strong></span> <span class='ocrx_word' id='word_1_717' title='bbox 2348 2361 2574 2417; x_wconf 78' lang='lat' dir='ltr'><strong>agnitione·</strong></span> 
     </span>
     <span class='ocr_line' id='line_1_103' title="bbox 1312 2427 2628 2488; baseline 0.004 -17"><span class='ocrx_word' id='word_1_718' title='bbox 1312 2427 1454 2472; x_wconf 75' lang='lat' dir='ltr'><strong>Panis</strong></span> <span class='ocrx_word' id='word_1_719' title='bbox 1479 2428 1615 2472; x_wconf 88' lang='lat' dir='ltr'><strong>nostri</strong></span> <span class='ocrx_word' id='word_1_720' title='bbox 1635 2429 1796 2485; x_wconf 87' lang='lat' dir='ltr'><strong>aliquid</strong></span> <span class='ocrx_word' id='word_1_721' title='bbox 1819 2434 2036 2474; x_wconf 84' lang='lat' dir='ltr'><strong>temereet</strong></span> <span class='ocrx_word' id='word_1_722' title='bbox 2054 2430 2203 2475; x_wconf 88' lang='lat' dir='ltr'><strong>illicite</strong></span> <span class='ocrx_word' id='word_1_723' title='bbox 2221 2431 2379 2476; x_wconf 86' lang='lat' dir='ltr'><strong>habere</strong></span> <span class='ocrx_word' id='word_1_724' title='bbox 2401 2445 2567 2488; x_wconf 78' lang='lat' dir='ltr'><strong>praesu</strong></span> <span class='ocrx_word' id='word_1_725' title='bbox 2623 2428 2628 2434; x_wconf 84' lang='grc'><strong>’</strong></span> 
     </span>
     <span class='ocr_line' id='line_1_104' title="bbox 1311 2501 2565 2560; baseline 0.005 -15"><span class='ocrx_word' id='word_1_726' title='bbox 1311 2515 1480 2547; x_wconf 86' lang='lat' dir='ltr'><strong>mamus</strong></span> <span class='ocrx_word' id='word_1_727' title='bbox 1513 2517 1525 2548; x_wconf 91' lang='lat'>:</span> <span class='ocrx_word' id='word_1_728' title='bbox 1561 2514 1617 2547; x_wconf 89' lang='lat' dir='ltr'><strong>ne</strong></span> <span class='ocrx_word' id='word_1_729' title='bbox 1644 2502 1822 2547; x_wconf 86' lang='lat' dir='ltr'><strong>Ananiae</strong></span> <span class='ocrx_word' id='word_1_730' title='bbox 1859 2508 1902 2546; x_wconf 90' lang='lat' dir='ltr'><strong>et</strong></span> <span class='ocrx_word' id='word_1_731' title='bbox 1937 2501 2132 2560; x_wconf 83' lang='lat' dir='ltr'><strong>Saphirae</strong></span> <span class='ocrx_word' id='word_1_732' title='bbox 2165 2504 2208 2548; x_wconf 88' lang='lat' dir='ltr'><strong>in</strong></span> <span class='ocrx_word' id='word_1_733' title='bbox 2241 2503 2422 2550; x_wconf 83' lang='lat' dir='ltr'><strong>crimine</strong></span> <span class='ocrx_word' id='word_1_734' title='bbox 2458 2507 2565 2557; x_wconf 83' lang='lat' dir='ltr'><strong>socii</strong></span> 
     </span>
     <span class='ocr_line' id='line_1_105' title="bbox 1312 2566 2561 2635; baseline 0.002 -15"><span class='ocrx_word' id='word_1_735' title='bbox 1312 2575 1465 2628; x_wconf 85' lang='lat' dir='ltr'><strong>simus,</strong></span> <span class='ocrx_word' id='word_1_736' title='bbox 1500 2587 1685 2632; x_wconf 85' lang='lat' dir='ltr'><strong>quorum</strong></span> <span class='ocrx_word' id='word_1_737' title='bbox 1722 2581 1840 2619; x_wconf 86' lang='lat' dir='ltr'><strong>certe</strong></span> <span class='ocrx_word' id='word_1_738' title='bbox 1876 2587 2005 2632; x_wconf 88' lang='lat' dir='ltr'><strong>quam</strong></span> <span class='ocrx_word' id='word_1_739' title='bbox 2042 2566 2187 2634; x_wconf 76' lang='lat' dir='ltr'><strong>gravis</strong></span> <span class='ocrx_word' id='word_1_740' title='bbox 2224 2579 2390 2622; x_wconf 82' lang='lat' dir='ltr'><strong>exstitit</strong></span> <span class='ocrx_word' id='word_1_741' title='bbox 2420 2579 2561 2635; x_wconf 83' lang='lat' dir='ltr'><strong>culpa,</strong></span> 
     </span>
     <span class='ocr_line' id='line_1_106' title="bbox 1310 2647 2564 2709; baseline 0.003 -18"><span class='ocrx_word' id='word_1_742' title='bbox 1310 2647 1939 2704; x_wconf 83' lang='lat' dir='ltr'><strong>subsequensinnotuitpoena.</strong></span> <span class='ocrx_word' id='word_1_743' title='bbox 1964 2647 2075 2701; x_wconf 89' lang='lat' dir='ltr'><strong>Non,</strong></span> <span class='ocrx_word' id='word_1_744' title='bbox 2104 2650 2297 2706; x_wconf 85' lang='lat' dir='ltr'><strong>inquam,</strong></span> <span class='ocrx_word' id='word_1_745' title='bbox 2325 2650 2418 2695; x_wconf 85' lang='lat' dir='ltr'><strong>sine</strong></span> <span class='ocrx_word' id='word_1_746' title='bbox 2441 2652 2564 2709; x_wconf 84' lang='lat' dir='ltr'><strong>agni·</strong></span> 
     </span>
     <span class='ocr_line' id='line_1_107' title="bbox 1310 2718 2563 2777; baseline 0.006 -15"><span class='ocrx_word' id='word_1_747' title='bbox 1310 2720 1426 2764; x_wconf 86' lang='lat' dir='ltr'><strong>tione</strong></span> <span class='ocrx_word' id='word_1_748' title='bbox 1454 2718 1598 2765; x_wconf 87' lang='lat' dir='ltr'><strong>Patris</strong></span> <span class='ocrx_word' id='word_1_749' title='bbox 1626 2721 1764 2764; x_wconf 89' lang='lat' dir='ltr'><strong>nostri</strong></span> <span class='ocrx_word' id='word_1_750' title='bbox 1790 2735 1800 2764; x_wconf 91' lang='lat'>:</span> <span class='ocrx_word' id='word_1_751' title='bbox 1828 2722 1927 2777; x_wconf 67' lang='lat' dir='ltr'><strong>qula</strong></span> <span class='ocrx_word' id='word_1_752' title='bbox 1963 2728 2005 2765; x_wconf 88' lang='lat' dir='ltr'><strong>et</strong></span> <span class='ocrx_word' id='word_1_753' title='bbox 2039 2722 2191 2766; x_wconf 85' lang='lat' dir='ltr'><strong>beatus</strong></span> <span class='ocrx_word' id='word_1_754' title='bbox 2222 2722 2479 2769; x_wconf 86' lang='lat' dir='ltr'><strong>Benedictus</strong></span> <span class='ocrx_word' id='word_1_755' title='bbox 2509 2725 2563 2769; x_wconf 89' lang='lat' dir='ltr'><strong>de</strong></span> 
     </span>
     <span class='ocr_line' id='line_1_108' title="bbox 1307 2793 2559 2854; baseline 0.005 -18"><span class='ocrx_word' id='word_1_756' title='bbox 1307 2793 1391 2838; x_wconf 80' lang='lat' dir='ltr'><strong>hoc</strong></span> <span class='ocrx_word' id='word_1_757' title='bbox 1413 2793 1478 2839; x_wconf 85' lang='lat' dir='ltr'><strong>sic</strong></span> <span class='ocrx_word' id='word_1_758' title='bbox 1496 2794 1648 2837; x_wconf 83' lang='lat' dir='ltr'><strong>scribit</strong></span> <span class='ocrx_word' id='word_1_759' title='bbox 1666 2809 1676 2837; x_wconf 90' lang='lat'><strong>:</strong></span> <span class='ocrx_word' id='word_1_760' title='bbox 1701 2793 1789 2837; x_wconf 84' lang='lat' dir='ltr'><strong>Nec</strong></span> <span class='ocrx_word' id='word_1_761' title='bbox 1806 2794 2031 2851; x_wconf 82' lang='lat' dir='ltr'><strong>quidquam</strong></span> <span class='ocrx_word' id='word_1_762' title='bbox 2055 2795 2150 2838; x_wconf 81' lang='lat' dir='ltr'><strong>licet</strong></span> <span class='ocrx_word' id='word_1_763' title='bbox 2173 2795 2337 2850; x_wconf 77' lang='lat' dir='ltr'><strong>habere,</strong></span> <span class='ocrx_word' id='word_1_764' title='bbox 2358 2797 2466 2854; x_wconf 80' lang='lat' dir='ltr'><strong>quod</strong></span> <span class='ocrx_word' id='word_1_765' title='bbox 2478 2811 2559 2842; x_wconf 81' lang='lat' dir='ltr'><strong>uon</strong></span> 
     </span>
     <span class='ocr_line' id='line_1_109' title="bbox 1309 2865 2559 2923; baseline 0.005 -14"><span class='ocrx_word' id='word_1_766' title='bbox 1309 2865 1439 2909; x_wconf 80' lang='lat' dir='ltr'><strong>abbas</strong></span> <span class='ocrx_word' id='word_1_767' title='bbox 1466 2873 1540 2910; x_wconf 83' lang='lat' dir='ltr'><strong>aut</strong></span> <span class='ocrx_word' id='word_1_768' title='bbox 1569 2865 1741 2920; x_wconf 80' lang='lat' dir='ltr'><strong>dederit,</strong></span> <span class='ocrx_word' id='word_1_769' title='bbox 1762 2874 1835 2909; x_wconf 81' lang='lat' dir='ltr'><strong>aut</strong></span> <span class='ocrx_word' id='word_1_770' title='bbox 1857 2868 2105 2923; x_wconf 77' lang='lat' dir='ltr'><strong>permiserit.</strong></span> <span class='ocrx_word' id='word_1_771' title='bbox 2141 2867 2226 2912; x_wconf 84' lang='lat' dir='ltr'><strong>Sed</strong></span> <span class='ocrx_word' id='word_1_772' title='bbox 2251 2875 2293 2914; x_wconf 88' lang='lat' dir='ltr'><strong>et</strong></span> <span class='ocrx_word' id='word_1_773' title='bbox 2325 2870 2407 2914; x_wconf 87' lang='lat' dir='ltr'><strong>ista</strong></span> <span class='ocrx_word' id='word_1_774' title='bbox 2443 2870 2559 2915; x_wconf 84' lang='lat' dir='ltr'><strong>beati</strong></span> 
     </span>
     <span class='ocr_line' id='line_1_110' title="bbox 1306 2940 2560 3000; baseline 0.003 -16"><span class='ocrx_word' id='word_1_775' title='bbox 1306 2940 1537 2997; x_wconf 80' lang='lat' dir='ltr'><strong>Augustini</strong></span> <span class='ocrx_word' id='word_1_776' title='bbox 1556 2941 1687 2985; x_wconf 80' lang='lat' dir='ltr'><strong>verba</strong></span> <span class='ocrx_word' id='word_1_777' title='bbox 1705 2946 1838 2986; x_wconf 84' lang='lat' dir='ltr'><strong>sunt:</strong></span> <span class='ocrx_word' id='word_1_778' title='bbox 1866 2940 1921 2984; x_wconf 80' lang='lat' dir='ltr'><strong>Ec</strong></span> <span class='ocrx_word' id='word_1_779' title='bbox 1939 2940 2216 2985; x_wconf 75' lang='lat' dir='ltr'><strong>distribuatur</strong></span> <span class='ocrx_word' id='word_1_780' title='bbox 2246 2944 2467 3000; x_wconf 82' lang='lat' dir='ltr'><strong>unicuique</strong></span> <span class='ocrx_word' id='word_1_781' title='bbox 2498 2958 2560 2988; x_wconf 79' lang='lat' dir='ltr'><strong>ve-</strong></span> 
     </span>
     <span class='ocr_line' id='line_1_111' title="bbox 1306 3015 2555 3072; baseline 0.002 -14"><span class='ocrx_word' id='word_1_782' title='bbox 1306 3021 1440 3058; x_wconf 78' lang='lat' dir='ltr'><strong>stram</strong></span> <span class='ocrx_word' id='word_1_783' title='bbox 1469 3027 1495 3057; x_wconf 86' lang='lat' dir='ltr'><strong>a</strong></span> <span class='ocrx_word' id='word_1_784' title='bbox 1515 3016 1736 3070; x_wconf 82' lang='lat' dir='ltr'><strong>proeposito</strong></span> <span class='ocrx_word' id='word_1_785' title='bbox 1763 3021 1898 3057; x_wconf 81' lang='lat' dir='ltr'><strong>vestro</strong></span> <span class='ocrx_word' id='word_1_786' title='bbox 1928 3015 2059 3059; x_wconf 73' lang='lat' dir='ltr'><strong>vic-tus</strong></span> <span class='ocrx_word' id='word_1_787' title='bbox 2084 3023 2123 3058; x_wconf 79' lang='lat' dir='ltr'><strong>et</strong></span> <span class='ocrx_word' id='word_1_788' title='bbox 2151 3023 2443 3072; x_wconf 65' lang='lat' dir='ltr'><strong>tegumentum.</strong></span> <span class='ocrx_word' id='word_1_789' title='bbox 2461 3017 2555 3061; x_wconf 85' lang='lat' dir='ltr'><strong>Non</strong></span> 
     </span>
     <span class='ocr_line' id='line_1_112' title="bbox 1306 3087 2554 3146; baseline 0.002 -14"><span class='ocrx_word' id='word_1_790' title='bbox 1306 3087 1465 3132; x_wconf 75' lang='lat' dir='ltr'><strong>divitiae</strong></span> <span class='ocrx_word' id='word_1_791' title='bbox 1485 3087 1613 3132; x_wconf 85' lang='lat' dir='ltr'><strong>nobis</strong></span> <span class='ocrx_word' id='word_1_792' title='bbox 1631 3100 1654 3130; x_wconf 87' lang='lat' dir='ltr'><strong>a</strong></span> <span class='ocrx_word' id='word_1_793' title='bbox 1672 3089 1901 3144; x_wconf 68' lang='lat' dir='ltr'><strong>praeposlto</strong></span> <span class='ocrx_word' id='word_1_794' title='bbox 1922 3094 2074 3132; x_wconf 86' lang='lat' dir='ltr'><strong>nostro</strong></span> <span class='ocrx_word' id='word_1_795' title='bbox 2096 3089 2404 3134; x_wconf 81' lang='lat' dir='ltr'><strong>distribuendae</strong></span> <span class='ocrx_word' id='word_1_796' title='bbox 2428 3099 2554 3146; x_wconf 68' lang='lat' dir='ltr'><strong>suntf,</strong></span> 
     </span>
     <span class='ocr_line' id='line_1_113' title="bbox 1304 3161 2554 3218; baseline 0.002 -13"><span class='ocrx_word' id='word_1_797' title='bbox 1304 3174 1390 3206; x_wconf 86' lang='lat' dir='ltr'><strong>non</strong></span> <span class='ocrx_word' id='word_1_798' title='bbox 1415 3162 1558 3218; x_wconf 85' lang='lat' dir='ltr'><strong>aliqua</strong></span> <span class='ocrx_word' id='word_1_799' title='bbox 1580 3161 1813 3218; x_wconf 83' lang='lat' dir='ltr'><strong>superflua,</strong></span> <span class='ocrx_word' id='word_1_800' title='bbox 1839 3161 1914 3206; x_wconf 86' lang='lat' dir='ltr'><strong>sed</strong></span> <span class='ocrx_word' id='word_1_801' title='bbox 1936 3163 2027 3207; x_wconf 73' lang='lat' dir='ltr'><strong>sola</strong></span> <span class='ocrx_word' id='word_1_802' title='bbox 2051 3163 2315 3207; x_wconf 69' lang='lat' dir='ltr'><strong>neccssaria.</strong></span> <span class='ocrx_word' id='word_1_803' title='bbox 2341 3161 2387 3206; x_wconf 89' lang='lat' dir='ltr'><strong>Si</strong></span> <span class='ocrx_word' id='word_1_804' title='bbox 2409 3170 2554 3208; x_wconf 84' lang='lat' dir='ltr'><strong>autem</strong></span> 
     </span>
     <span class='ocr_line' id='line_1_114' title="bbox 1304 3235 2555 3293; baseline 0.002 -15"><span class='ocrx_word' id='word_1_805' title='bbox 1304 3237 1461 3293; x_wconf 80' lang='lat' dir='ltr'><strong>quaeris</strong></span> <span class='ocrx_word' id='word_1_806' title='bbox 1484 3248 1680 3292; x_wconf 87' lang='lat' dir='ltr'><strong>quaenam</strong></span> <span class='ocrx_word' id='word_1_807' title='bbox 1705 3237 1775 3278; x_wconf 86' lang='lat' dir='ltr'><strong>illa</strong></span> <span class='ocrx_word' id='word_1_808' title='bbox 1800 3235 1908 3287; x_wconf 84' lang='lat' dir='ltr'><strong>siut,</strong></span> <span class='ocrx_word' id='word_1_809' title='bbox 1958 3236 2053 3291; x_wconf 87' lang='lat' dir='ltr'><strong>ipsa</strong></span> <span class='ocrx_word' id='word_1_810' title='bbox 2076 3241 2176 3278; x_wconf 89' lang='lat' dir='ltr'><strong>sunt</strong></span> <span class='ocrx_word' id='word_1_811' title='bbox 2206 3235 2362 3292; x_wconf 84' lang='lat' dir='ltr'><strong>quibus</strong></span> <span class='ocrx_word' id='word_1_812' title='bbox 2388 3237 2555 3285; x_wconf 77' lang='lat' dir='ltr'><strong>alamur</strong></span> 
     </span>
     <span class='ocr_line' id='line_1_115' title="bbox 1300 3305 2552 3364; baseline 0.001 -13"><span class='ocrx_word' id='word_1_813' title='bbox 1300 3308 1455 3364; x_wconf 80' lang='lat' dir='ltr'><strong>jejuni,</strong></span> <span class='ocrx_word' id='word_1_814' title='bbox 1480 3314 1522 3352; x_wconf 91' lang='lat' dir='ltr'><strong>et</strong></span> <span class='ocrx_word' id='word_1_815' title='bbox 1556 3308 1715 3364; x_wconf 88' lang='lat' dir='ltr'><strong>quibus</strong></span> <span class='ocrx_word' id='word_1_816' title='bbox 1740 3307 1975 3351; x_wconf 81' lang='lat' dir='ltr'><strong>vestiamur</strong></span> <span class='ocrx_word' id='word_1_817' title='bbox 1999 3307 2119 3350; x_wconf 88' lang='lat' dir='ltr'><strong>nudi.</strong></span> <span class='ocrx_word' id='word_1_818' title='bbox 2143 3305 2219 3351; x_wconf 75' lang='lat' dir='ltr'><strong>llis</strong></span> <span class='ocrx_word' id='word_1_819' title='bbox 2261 3308 2445 3364; x_wconf 87' lang='lat' dir='ltr'><strong>amplius</strong></span> <span class='ocrx_word' id='word_1_820' title='bbox 2470 3309 2552 3352; x_wconf 89' lang='lat' dir='ltr'><strong>im·-</strong></span> 
     </span>
     <span class='ocr_line' id='line_1_116' title="bbox 1303 3380 2554 3440; baseline 0.002 -16"><span class='ocrx_word' id='word_1_821' title='bbox 1303 3388 1489 3440; x_wconf 85' lang='lat' dir='ltr'><strong>portune</strong></span> <span class='ocrx_word' id='word_1_822' title='bbox 1509 3387 1551 3426; x_wconf 86' lang='lat' dir='ltr'><strong>et</strong></span> <span class='ocrx_word' id='word_1_823' title='bbox 1576 3381 1767 3437; x_wconf 85' lang='lat' dir='ltr'><strong>improbe</strong></span> <span class='ocrx_word' id='word_1_824' title='bbox 1791 3392 1876 3424; x_wconf 86' lang='lat' dir='ltr'><strong>non</strong></span> <span class='ocrx_word' id='word_1_825' title='bbox 1899 3392 2159 3437; x_wconf 77' lang='lat' dir='ltr'><strong>quaeramus,</strong></span> <span class='ocrx_word' id='word_1_826' title='bbox 2186 3380 2285 3435; x_wconf 85' lang='lat' dir='ltr'><strong>quia</strong></span> <span class='ocrx_word' id='word_1_827' title='bbox 2312 3380 2402 3423; x_wconf 82' lang='lat' dir='ltr'><strong>hoec</strong></span> <span class='ocrx_word' id='word_1_828' title='bbox 2428 3382 2554 3427; x_wconf 82' lang='lat' dir='ltr'><strong>nobis</strong></span> 
     </span>
     <span class='ocr_line' id='line_1_117' title="bbox 1306 3452 2554 3510; baseline -0.002 -10"><span class='ocrx_word' id='word_1_829' title='bbox 1306 3455 1500 3500; x_wconf 83' lang='lat' dir='ltr'><strong>sufficere</strong></span> <span class='ocrx_word' id='word_1_830' title='bbox 1517 3454 1690 3498; x_wconf 84' lang='lat' dir='ltr'><strong>debent.</strong></span> <span class='ocrx_word' id='word_1_831' title='bbox 1712 3453 1933 3497; x_wconf 85' lang='lat' dir='ltr'><strong>Sententia</strong></span> <span class='ocrx_word' id='word_1_832' title='bbox 1954 3453 2112 3508; x_wconf 83' lang='lat' dir='ltr'><strong>quippe</strong></span> <span class='ocrx_word' id='word_1_833' title='bbox 2129 3459 2196 3497; x_wconf 90' lang='lat' dir='ltr'><strong>est</strong></span> <span class='ocrx_word' id='word_1_834' title='bbox 2210 3452 2406 3509; x_wconf 84' lang='lat' dir='ltr'><strong>Apostoli</strong></span> <span class='ocrx_word' id='word_1_835' title='bbox 2425 3467 2554 3510; x_wconf 86' lang='lat' dir='ltr'><strong>super</strong></span> 
     </span>
     <span class='ocr_line' id='line_1_118' title="bbox 1305 3525 2553 3581; baseline -0.002 -8"><span class='ocrx_word' id='word_1_836' title='bbox 1305 3529 1403 3581; x_wconf 86' lang='lat' dir='ltr'><strong>hoc,</strong></span> <span class='ocrx_word' id='word_1_837' title='bbox 1428 3529 1544 3572; x_wconf 90' lang='lat' dir='ltr'><strong>hunc</strong></span> <span class='ocrx_word' id='word_1_838' title='bbox 1582 3527 1746 3571; x_wconf 86' lang='lat' dir='ltr'><strong>habens</strong></span> <span class='ocrx_word' id='word_1_839' title='bbox 1782 3527 1992 3570; x_wconf 86' lang='lat' dir='ltr'><strong>modum:</strong></span> <span class='ocrx_word' id='word_1_840' title='bbox 2027 3525 2235 3569; x_wconf 76' lang='lat' dir='ltr'><strong>Habentes</strong></span> <span class='ocrx_word' id='word_1_841' title='bbox 2261 3527 2477 3581; x_wconf 82' lang='lat' dir='ltr'><strong>alimenta,</strong></span> <span class='ocrx_word' id='word_1_842' title='bbox 2510 3535 2553 3571; x_wconf 76' lang='lat' dir='ltr'><strong>et</strong></span> 
     </span>
     <span class='ocr_line' id='line_1_119' title="bbox 1304 3599 2549 3659; baseline 0 -15"><span class='ocrx_word' id='word_1_843' title='bbox 1304 3601 1451 3658; x_wconf 75' lang='lat' dir='ltr'><strong>quibus</strong></span> <span class='ocrx_word' id='word_1_844' title='bbox 1491 3610 1693 3658; x_wconf 63' lang='lat' dir='ltr'><strong>traantur,</strong></span> <span class='ocrx_word' id='word_1_845' title='bbox 1743 3600 1806 3643; x_wconf 71' lang='lat' dir='ltr'><strong>luz</strong></span> <span class='ocrx_word' id='word_1_846' title='bbox 1830 3601 2009 3643; x_wconf 68' lang='lat' dir='ltr'><strong>reticenti</strong></span> <span class='ocrx_word' id='word_1_847' title='bbox 2045 3601 2178 3642; x_wconf 76' lang='lat' dir='ltr'><strong>simus</strong></span> <span class='ocrx_word' id='word_1_848' title='bbox 2203 3599 2245 3655; x_wconf 91' lang='grc'><strong>(1</strong></span> <span class='ocrx_word' id='word_1_849' title='bbox 2270 3600 2375 3643; x_wconf 85' lang='lat' dir='ltr'><strong>Tim.</strong></span> <span class='ocrx_word' id='word_1_850' title='bbox 2402 3612 2463 3653; x_wconf 74' lang='lat' dir='ltr'><strong>vt,</strong></span> <span class='ocrx_word' id='word_1_851' title='bbox 2489 3600 2549 3659; x_wconf 87' lang='lat'><strong>8).</strong></span> 
     </span>
     <span class='ocr_line' id='line_1_120' title="bbox 1304 3674 2550 3732; baseline 0 -16"><span class='ocrx_word' id='word_1_852' title='bbox 1304 3675 1431 3720; x_wconf 75' lang='lat' dir='ltr'><strong>‚lubet</strong></span> <span class='ocrx_word' id='word_1_853' title='bbox 1454 3676 1598 3732; x_wconf 78' lang='lat' dir='ltr'><strong>itaque</strong></span> <span class='ocrx_word' id='word_1_854' title='bbox 1620 3674 1822 3730; x_wconf 82' lang='lat' dir='ltr'><strong>Magister</strong></span> <span class='ocrx_word' id='word_1_855' title='bbox 1844 3679 2011 3725; x_wconf 78' lang='lat' dir='ltr'><strong>noster,</strong></span> <span class='ocrx_word' id='word_1_856' title='bbox 2036 3681 2082 3717; x_wconf 87' lang='lat' dir='ltr'><strong>nt</strong></span> <span class='ocrx_word' id='word_1_857' title='bbox 2105 3687 2132 3715; x_wconf 86' lang='grc' dir='ltr'><em>α</em></span> <span class='ocrx_word' id='word_1_858' title='bbox 2159 3674 2381 3730; x_wconf 67' lang='lat' dir='ltr'><strong>prtrposito</strong></span> <span class='ocrx_word' id='word_1_859' title='bbox 2410 3682 2550 3717; x_wconf 78' lang='lat' dir='ltr'><strong>nostro</strong></span> 
     </span>
     <span class='ocr_line' id='line_1_121' title="bbox 1305 3747 2550 3803; baseline -0.002 -11"><span class='ocrx_word' id='word_1_860' title='bbox 1305 3749 1583 3792; x_wconf 64' lang='lat' dir='ltr'><strong>distribuatur</strong></span> <span class='ocrx_word' id='word_1_861' title='bbox 1599 3748 1818 3803; x_wconf 80' lang='lat' dir='ltr'><strong>uuicuique</strong></span> <span class='ocrx_word' id='word_1_862' title='bbox 1832 3754 2019 3790; x_wconf 70' lang='lat' dir='ltr'><strong>nostrum</strong></span> <span class='ocrx_word' id='word_1_863' title='bbox 2032 3747 2160 3790; x_wconf 68' lang='lat' dir='ltr'><strong>rictus</strong></span> <span class='ocrx_word' id='word_1_864' title='bbox 2181 3753 2221 3789; x_wconf 80' lang='lat' dir='ltr'><strong>et</strong></span> <span class='ocrx_word' id='word_1_865' title='bbox 2243 3753 2519 3802; x_wconf 60' lang='lat' dir='ltr'><strong>tegumentum</strong></span> <span class='ocrx_word' id='word_1_866' title='bbox 2535 3759 2550 3789; x_wconf 82' lang='lat'><strong>.·</strong></span> 
     </span>
     <span class='ocr_line' id='line_1_122' title="bbox 1304 3819 2546 3874; baseline 0 -11"><span class='ocrx_word' id='word_1_867' title='bbox 1304 3822 1391 3871; x_wconf 87' lang='lat' dir='ltr'><strong>ille,</strong></span> <span class='ocrx_word' id='word_1_868' title='bbox 1412 3833 1467 3863; x_wconf 88' lang='lat' dir='ltr'><strong>ne</strong></span> <span class='ocrx_word' id='word_1_869' title='bbox 1488 3831 1567 3864; x_wconf 88' lang='lat' dir='ltr'><strong>nos</strong></span> <span class='ocrx_word' id='word_1_870' title='bbox 1586 3819 1726 3863; x_wconf 79' lang='lat' dir='ltr'><strong>inedia</strong></span> <span class='ocrx_word' id='word_1_871' title='bbox 1749 3825 1866 3873; x_wconf 87' lang='lat' dir='ltr'><strong>urat;</strong></span> <span class='ocrx_word' id='word_1_872' title='bbox 1893 3819 1974 3863; x_wconf 81' lang='lat' dir='ltr'><strong>hoc</strong></span> <span class='ocrx_word' id='word_1_873' title='bbox 1998 3825 2156 3868; x_wconf 82' lang='lat' dir='ltr'><strong>autem,</strong></span> <span class='ocrx_word' id='word_1_874' title='bbox 2181 3830 2235 3862; x_wconf 88' lang='lat' dir='ltr'><strong>nc</strong></span> <span class='ocrx_word' id='word_1_875' title='bbox 2248 3819 2383 3874; x_wconf 80' lang='lat' dir='ltr'><strong>frigus</strong></span> <span class='ocrx_word' id='word_1_876' title='bbox 2405 3819 2546 3863; x_wconf 80' lang='lat' dir='ltr'><strong>laedat.</strong></span> 
     </span>
     <span class='ocr_line' id='line_1_123' title="bbox 1308 3892 2550 3949; baseline -0.001 -14"><span class='ocrx_word' id='word_1_877' title='bbox 1308 3893 1404 3936; x_wconf 78' lang='lat' dir='ltr'><strong>Non</strong></span> <span class='ocrx_word' id='word_1_878' title='bbox 1433 3892 1662 3949; x_wconf 73' lang='lat' dir='ltr'><strong>oeqtiaiiter,</strong></span> <span class='ocrx_word' id='word_1_879' title='bbox 1684 3893 1837 3948; x_wconf 75' lang='lat' dir='ltr'><strong>inquit,</strong></span> <span class='ocrx_word' id='word_1_880' title='bbox 1859 3892 2045 3935; x_wconf 74' lang='lat' dir='ltr'><strong>omnibus</strong></span> <span class='ocrx_word' id='word_1_881' title='bbox 2063 3904 2076 3933; x_wconf 93' lang='lat'><strong>.·</strong></span> <span class='ocrx_word' id='word_1_882' title='bbox 2094 3895 2191 3948; x_wconf 77' lang='lat' dir='ltr'><strong>quia</strong></span> <span class='ocrx_word' id='word_1_883' title='bbox 2222 3905 2303 3934; x_wconf 83' lang='lat' dir='ltr'><strong>uon</strong></span> <span class='ocrx_word' id='word_1_884' title='bbox 2335 3892 2550 3948; x_wconf 74' lang='lat' dir='ltr'><strong>u’quaiiter</strong></span> 
     </span>
     <span class='ocr_line' id='line_1_124' title="bbox 1305 3963 2554 4020; baseline -0.002 -12"><span class='ocrx_word' id='word_1_885' title='bbox 1305 3965 1447 4008; x_wconf 67' lang='lat' dir='ltr'><strong>voletis</strong></span> <span class='ocrx_word' id='word_1_886' title='bbox 1466 3977 1620 4016; x_wconf 78' lang='lat' dir='ltr'><strong>omnes,</strong></span> <span class='ocrx_word' id='word_1_887' title='bbox 1640 3964 1710 4007; x_wconf 80' lang='lat' dir='ltr'><strong>scd</strong></span> <span class='ocrx_word' id='word_1_888' title='bbox 1726 3965 1945 4019; x_wconf 76' lang='lat' dir='ltr'><strong>uuicuique</strong></span> <span class='ocrx_word' id='word_1_889' title='bbox 1970 3964 2123 4018; x_wconf 84' lang='lat' dir='ltr'><strong>potius,</strong></span> <span class='ocrx_word' id='word_1_890' title='bbox 2148 3963 2254 4005; x_wconf 73' lang='lat' dir='ltr'><strong>sicut</strong></span> <span class='ocrx_word' id='word_1_891' title='bbox 2273 3963 2414 4020; x_wconf 79' lang='lat' dir='ltr'><strong>cuique</strong></span> <span class='ocrx_word' id='word_1_892' title='bbox 2446 3977 2554 4019; x_wconf 70' lang='lat' dir='ltr'><strong>opust</strong></span> 
     </span>
     <span class='ocr_line' id='line_1_125' title="bbox 1305 4036 2577 4095; baseline -0.001 -13"><span class='ocrx_word' id='word_1_893' title='bbox 1305 4038 1609 4095; x_wconf 74' lang='lat' dir='ltr'><strong>fuerit.Dehoc</strong></span> <span class='ocrx_word' id='word_1_894' title='bbox 1621 4036 2221 4082; x_wconf 71' lang='lat' dir='ltr'><strong>sanetusPaterBenedictus.</strong></span> <span class='ocrx_word' id='word_1_895' title='bbox 2242 4036 2338 4081; x_wconf 73' lang='lat' dir='ltr'><strong>Nou</strong></span> <span class='ocrx_word' id='word_1_896' title='bbox 2350 4037 2544 4089; x_wconf 78' lang='lat' dir='ltr'><strong>dicimus,</strong></span> <span class='ocrx_word' id='word_1_897' title='bbox 2575 4079 2577 4081; x_wconf 76' lang='grc'>,</span> 
     </span>
     <span class='ocr_line' id='line_1_126' title="bbox 1304 4109 2546 4167; baseline -0.002 -13"><span class='ocrx_word' id='word_1_898' title='bbox 1304 4111 1515 4167; x_wconf 79' lang='lat' dir='ltr'><strong>inquit‚ut</strong></span> <span class='ocrx_word' id='word_1_899' title='bbox 1531 4123 1817 4165; x_wconf 81' lang='lat' dir='ltr'><strong>personarum,</strong></span> <span class='ocrx_word' id='word_1_900' title='bbox 1842 4109 1950 4165; x_wconf 75' lang='lat' dir='ltr'><strong>quod</strong></span> <span class='ocrx_word' id='word_1_901' title='bbox 1965 4109 2097 4163; x_wconf 70' lang='lat' dir='ltr'><strong>absit!</strong></span> <span class='ocrx_word' id='word_1_902' title='bbox 2115 4111 2294 4165; x_wconf 77' lang='lat' dir='ltr'><strong>acceptio</strong></span> <span class='ocrx_word' id='word_1_903' title='bbox 2309 4111 2385 4159; x_wconf 57' lang='grc' dir='ltr'><strong>εἰη</strong></span> <span class='ocrx_word' id='word_1_904' title='bbox 2401 4110 2546 4153; x_wconf 76' lang='lat' dir='ltr'><strong>sedin-</strong></span> 
     </span>
     <span class='ocr_line' id='line_1_127' title="bbox 1305 4182 2584 4239; baseline 0 -13"><span class='ocrx_word' id='word_1_905' title='bbox 1305 4185 1553 4239; x_wconf 78' lang='lat' dir='ltr'><strong>firmitatum</strong></span> <span class='ocrx_word' id='word_1_906' title='bbox 1577 4183 1871 4226; x_wconf 75' lang='lat' dir='ltr'><strong>consideratio.</strong></span> <span class='ocrx_word' id='word_1_907' title='bbox 1900 4182 1978 4225; x_wconf 83' lang='lat' dir='ltr'><strong>Ubi</strong></span> <span class='ocrx_word' id='word_1_908' title='bbox 2001 4184 2071 4238; x_wconf 86' lang='lat' dir='ltr'><strong>qui</strong></span> <span class='ocrx_word' id='word_1_909' title='bbox 2092 4184 2226 4226; x_wconf 76' lang='lat' dir='ltr'><strong>miuus</strong></span> <span class='ocrx_word' id='word_1_910' title='bbox 2248 4183 2399 4239; x_wconf 69' lang='lat' dir='ltr'><strong>mdiqrt</strong></span> <span class='ocrx_word' id='word_1_911' title='bbox 2414 4215 2424 4235; x_wconf 94' lang='lat'>‚</span> <span class='ocrx_word' id='word_1_912' title='bbox 2447 4186 2584 4239; x_wconf 63' lang='lat' dir='ltr'><strong>aqut-2·</strong></span> 
     </span>
     <span class='ocr_line' id='line_1_128' title="bbox 1302 4256 2543 4314; baseline -0.001 -14"><span class='ocrx_word' id='word_1_913' title='bbox 1302 4258 1583 4314; x_wconf 66' lang='lat' dir='ltr'><strong>Deoqratias,</strong></span> <span class='ocrx_word' id='word_1_914' title='bbox 1603 4264 1740 4299; x_wconf 81' lang='lat' dir='ltr'><strong>etnou</strong></span> <span class='ocrx_word' id='word_1_915' title='bbox 1758 4257 2038 4300; x_wconf 76' lang='lat' dir='ltr'><strong>contristeiur.</strong></span> <span class='ocrx_word' id='word_1_916' title='bbox 2068 4256 2150 4309; x_wconf 87' lang='lat' dir='ltr'><strong>Qui</strong></span> <span class='ocrx_word' id='word_1_917' title='bbox 2180 4270 2271 4300; x_wconf 78' lang='lat' dir='ltr'><strong>vero</strong></span> <span class='ocrx_word' id='word_1_918' title='bbox 2307 4256 2400 4311; x_wconf 83' lang='lat' dir='ltr'><strong>plus</strong></span> <span class='ocrx_word' id='word_1_919' title='bbox 2435 4257 2543 4299; x_wconf 83' lang='lat' dir='ltr'><strong>indi—</strong></span> 
     </span>
     <span class='ocr_line' id='line_1_129' title="bbox 1303 4329 2542 4388; baseline -0.002 -14"><span class='ocrx_word' id='word_1_920' title='bbox 1303 4340 1382 4388; x_wconf 74' lang='lat' dir='ltr'><strong>qet‚</strong></span> <span class='ocrx_word' id='word_1_921' title='bbox 1398 4331 1635 4373; x_wconf 76' lang='lat' dir='ltr'><strong>humilietur</strong></span> <span class='ocrx_word' id='word_1_922' title='bbox 1647 4342 1721 4384; x_wconf 83' lang='lat' dir='ltr'><strong>pro</strong></span> <span class='ocrx_word' id='word_1_923' title='bbox 1739 4329 2009 4385; x_wconf 77' lang='lat' dir='ltr'><strong>iufirmitatc,·</strong></span> <span class='ocrx_word' id='word_1_924' title='bbox 2029 4343 2110 4372; x_wconf 85' lang='lat' dir='ltr'><strong>non</strong></span> <span class='ocrx_word' id='word_1_925' title='bbox 2127 4329 2354 4372; x_wconf 75' lang='lat' dir='ltr'><strong>extollatur</strong></span> <span class='ocrx_word' id='word_1_926' title='bbox 2369 4341 2442 4383; x_wconf 85' lang='lat' dir='ltr'><strong>pro</strong></span> <span class='ocrx_word' id='word_1_927' title='bbox 2466 4330 2542 4371; x_wconf 79' lang='lat' dir='ltr'><strong>mi-</strong></span> 
     </span>
     <span class='ocr_line' id='line_1_130' title="bbox 1303 4400 2539 4450; baseline -0.004 -1"><span class='ocrx_word' id='word_1_928' title='bbox 1303 4403 1544 4450; x_wconf 65' lang='lat' dir='ltr'><strong>sericordia.</strong></span> <span class='ocrx_word' id='word_1_929' title='bbox 1567 4402 1619 4446; x_wconf 82' lang='grc' dir='ltr'><strong>Ει</strong></span> <span class='ocrx_word' id='word_1_930' title='bbox 1637 4404 1696 4446; x_wconf 78' lang='lat' dir='ltr'><strong>ita</strong></span> <span class='ocrx_word' id='word_1_931' title='bbox 1713 4403 1851 4446; x_wconf 74' lang='lat' dir='ltr'><strong>onmia</strong></span> <span class='ocrx_word' id='word_1_932' title='bbox 1868 4401 2047 4446; x_wconf 73' lang='lat' dir='ltr'><strong>meeubra</strong></span> <span class='ocrx_word' id='word_1_933' title='bbox 2061 4409 2176 4447; x_wconf 80' lang='lat' dir='ltr'><strong>erunt</strong></span> <span class='ocrx_word' id='word_1_934' title='bbox 2197 4403 2238 4446; x_wconf 82' lang='lat' dir='ltr'><strong>in</strong></span> <span class='ocrx_word' id='word_1_935' title='bbox 2252 4415 2363 4446; x_wconf 74' lang='lat' dir='ltr'><strong>vace.</strong></span> <span class='ocrx_word' id='word_1_936' title='bbox 2379 4400 2539 4446; x_wconf 62' lang='lat' dir='ltr'><strong>videus.</strong></span> 
     </span>
    </p>
   </div>
  </div>
 </body>
</html>
