2924 4588
178 147 287 192 1¹85

885 139 1141 187 nis'roniA
1173 139 1566 185 scnoLASTiCA.
1595 165 1650 176 --
1681 142 1840 187 tiana
1869 131 2049 190 axoni.

2615 154 2723 198 1186

175 239 378 284 Hebraeus
402 236 529 282 habet
548 235 717 292 phurim
764 242 807 278 et
834 235 1025 278 thumim.
1051 233 1171 277 Unde
1193 238 1235 276 et
1257 232 1409 293 soi-tea,
1437 238 1470 282 Α
1498 232 1778 288 pendentem,
1821 236 2125 292 obliquandam
2166 239 2208 281 in
2238 246 2424 293 pectore,
2469 243 2582 295 quod
2627 243 2724 288 inde

172 312 215 355 ia
254 311 410 365 quibus
428 309 640 365 judicium
665 307 859 351 reritatis
901 304 1062 366 inquiri
1098 305 1222 354 solet,
1243 305 1411 359 phurim

171 382 336 426 dicunt.
372 374 569 423 Tradunt
595 386 736 421 autem
769 377 810 419 in
835 377 977 421 medio
1018 376 1244 420 rationalis
1280 375 1413 418 fuisse

172 453 357 509 lapidem
382 451 611 506 quadrum,
634 449 932 505 magnitudine
957 445 1140 493 duorum
1162 448 1307 503 digito.
1323 461 1411 498 uin,

172 526 215 575 in
257 535 343 579 quo
375 520 611 565 secundum
647 520 806 563 coloris
852 516 1134 563 mutationem
1179 520 1414 574 perpende-

161 595 274 638 bant
298 601 441 638 utrum
461 593 595 636 Deum
628 593 841 647 placatum
865 592 1086 645 baberent,
1105 605 1159 635 an
1182 592 1407 635 offensum.

171 667 386 723 losephus
400 666 504 712 dicit
522 665 809 716 sardonicem,
822 665 896 719 qui
913 664 1124 708 iii.dextro
1143 666 1322 708 humero
1341 676 1412 719 ge-

171 742 363 794 rebatur,
389 746 487 783 euni
518 737 784 783 sacr-ilicium
819 737 1038 792 pontilicis
1073 736 1158 780 Deo
1192 737 1410 792 placebat,

171 820 290 856 tanto
307 813 536 867 splendore
555 810 858 866 niicare,quod
875 809 1004 853 etiam
1018 809 1166 865 procul
1180 810 1330 864 positis
1339 823 1411 853 ra·

169 886 266 929 dius
287 883 382 941 ejus
408 892 651 940 appareret3
679 883 922 938 egressuris
943 895 1044 925 vero
1064 882 1114 924 ad
1137 881 1348 937 praelium,
1373 881 1409 925 si

169 956 284 1002 Deus
297 970 396 1002 cum
420 957 483 1001 eis
504 965 634 1010 esset,
661 962 806 999 tantus
828 955 968 1012 fulgor
986 956 1027 997 in
1046 954 1256 1011 lapidibus
1280 955 1411 999 ratio·

169 1031 279 1075 nalis
301 1030 548 1086 apparebat,
574 1035 621 1072 ut
643 1020 762 1073 omni
782 1030 903 1075 lieret
931 1027 1196 1070 multitudini
1228 1026 1410 1071 manife-

129 1103 133 1108 ”
169 1110 300 1157 stum,
325 1103 366 1147 in
392 1104 540 1147 eodem
566 1102 726 1146 auxilio
747 1101 879 1144 Deum
902 1101 1071 1153 adesse,
1086 1108 1126 1143 et
1147 1101 1202 1144 ob
1220 1101 1258 1142 id
1278 1101 1408 1144 ratio-

168 1174 265 1219 nale
286 1175 435 1231 judicii
465 1175 722 1229 nuncupari.
1142 1217 1147 1223 ‚

221 1247 388 1292 Assoi-it
406 1255 548 1290 autem
572 1245 786 1301 ,losepiius
812 1245 927 1288 hunc
953 1244 1224 1288 sardoiiICem
1257 1251 1299 1287 ct
1324 1242 1406 1287 sul-

1495 305 1558 347 sic
1587 318 1671 348 non
1697 307 1757 348 iit.

1761 378 1860 420 Cae.
1883 378 2008 423 LXV.
2040 379 2100 423 De
2121 381 2246 426 mitra
2267 389 2302 423 et
2327 383 2455 426 tiaroe.

1546 445 1752 490 Ultimum
1785 456 1876 491 erat
1913 450 2067 505 capitis
2105 461 2423 502 ornamentum,
2453 454 2567 507 qnod
2607 468 2730 499 com-

1495 519 1669 563 munius
1695 520 1819 571 tiara,
1848 521 1910 563 vei
1938 522 2063 588 mitra
2082 523 2164 568 diei
2196 531 2350 578 potest,
2369 525 2433 567 vel
2459 525 2610 578 insula,
2634 540 2727 582 spe-

1491 592 1644 637 elatius
1667 605 1766 636 vero
1786 594 2110 648 cidarisOExod.
2130 598 2294 652 xxviii).
2315 595 2501 652 Eratque
2528 599 2636 643 tiara
2671 602 2724 644 ad

1491 666 1666 709 modum
1698 666 1911 720 praedictae
1936 666 2065 718 saeta,
2105 678 2206 723 quoe
2254 670 2494 715 eommunis
2528 679 2622 716 erat
2654 685 2725 716 sa·

1491 737 1734 781 cerdotibus
1770 749 1899 792 super
1922 751 2049 794 quam
2074 747 2253 783 consuta
2291 748 2380 784 erat
2406 742 2486 787 alia
2510 749 2594 786 tora
2619 744 2725 800 hya-

1491 807 1708 859 cinthina,
1757 823 1854 865 quae
1891 811 2236 855 circumdabatur
2269 826 2399 856 aureo
2444 816 2608 859 circulo
2647 817 2725 859 tri·

1489 882 1571 925 bus
1593 882 1818 926 ordinibus
1849 883 1981 934 sacto,
2012 898 2140 940 super
2169 899 2295 940 quain
2334 887 2387 930 ab
2427 889 2606 943 occipite
2636 896 2727 932 sta-

1489 953 1591 996 bant
1625 953 1754 997 flores
1791 956 1908 999 aurei
1942 956 2177 1012 plantagini
2209 958 2373 1001 similes
2395 971 2420 1001 a
2453 969 2644 1016 tempore
2668 963 2724 1007 ad

1490 1032 1675 1080 teinpus.
1700 1025 1735 1068 A
1759 1023 1901 1070 fronte
1924 1041 2024 1070 vero
2054 1042 2181 1084 supra
2208 1030 2347 1074 stabat
2371 1031 2450 1075 ilos
2475 1044 2631 1077 auree-s
2665 1035 2726 1078 si-

1488 1098 1602 1141 milis
1622 1098 1779 1150 herbae,
1805 1111 1932 1155 quam
1956 1100 2090 1149 Graeci
2112 1104 2409 1158 Jusquiamum
2433 1106 2600 1158 dicunt,
2632 1120 2723 1151 ma-

1488 1169 1710 1225 ²gnitudine
1731 1170 1852 1226 digiti
1875 1171 2018 1216 unius.
2069 1172 2113 1215 ln
2167 1175 2379 1228 superiori
2416 1188 2515 1220 vero
2548 1178 2725 1232 planitie

1489 1243 1607 1286 tiarae
1629 1256 1682 1288 ex
1705 1244 1822 1287 omni
1849 1251 1968 1299 parte
1988 1244 2030 1287 in
2052 1245 2232 1290 circuitu
2255 1261 2392 1304 usque
2415 1250 2469 1292 ad
2489 1252 2722 1295 summita-

167 1332 312 1377 gorem
337 1319 577 1364 sardonicis
596 1317 840 1369 rationalis,
867 1329 1062 1364 cessasse
1080 1317 1221 1374 ¹antiis
1241 1318 1404 1362 dueen-
1434 1297 1464 1339 B
1490 1323 1572 1360 tem
1592 1317 1703 1371 eius,
1727 1330 1825 1373 quae
1857 1318 1900 1360 in
1929 1320 2227 1364 acutissimum
2248 1322 2472 1366 deficiebat
2490 1336 2717 1378 cacumen,

167 1393 239 1444 tis,
262 1397 490 1446 antequam
526 1389 619 1446 ipse
644 1388 890 1432 scripsisset
916 1389 1024 1440 haee,
1055 1378 1155 1431 cum
1177 1387 1290 1432 Deus
1313 1400 1408 1431 mo-

165 1463 271 1507 leste
297 1461 425 1507 ferret
457 1461 825 1517 transgressiones
867 1461 988 1516 legis.
1032 1459 1167 1529 Erant
1202 1462 1332 1503 etiam
1361 1460 1404 1504 in

31 1576 33 1583 ,
87 1564 95 1568 --
165 1543 351 1593 quatuor
391 1536 715 1581 summitatibus
759 1534 980 1579 rationalis
1026 1541 1212 1589 quatuor
1258 1534 1405 1577 annuli

165 1611 301 1662 aurei,
326 1621 509 1666 quorum
536 1609 704 1652 duobus
729 1607 944 1662 supremis
968 1607 1143 1650 insertae
1163 1614 1288 1651 crant
1311 1608 1412 1650 duae‘

165 1690 339 1728 catenae.
354 1694 494 1726 aureae
515 1681 597 1726 sibi
622 1681 804 1724 invicem
825 1672 1112 1733 cohaerentes,
1139 1680 1182 1723 id
1206 1687 1272 1724 cst
1295 1681 1406 1723 obii-

165 1764 306 1815 quatae
340 1756 392 1800 ad
424 1755 598 1798 modum
622 1755 778 1798 litterae
798 1752 837 1795 X
869 1754 952 1796 sibi
985 1754 1027 1796 in
1058 1751 1200 1798 medio
1220 1754 1403 1810 coitiun-

164 1837 260 1882 otte,
273 1830 342 1873 vei
353 1829 497 1886 potius
516 1828 718 1883 exprimit
733 1827 942 1872 facturam
969 1834 1131 1871 eatenae
1150 1830 1234 1880 ““,
1250 1829 1291 1869 in
1320 1841 1403 1883 qua

164 1902 344 1947 maculat
363 1900 548 1944 maculis
569 1900 802 1953 coiiaerent,
834 1912 912 1956 pro
931 1912 1018 1955 quo
1033 1899 1240 1944 Hebraeus
1259 1901 1401 1955 babet,

169 1987 184 2016 ι
211 1974 364 2031 plexas
389 1986 516 2030 opere
535 1974 753 2030 perplexo,
789 1988 802 2013 i
829 1972 1044 2028 Joscpiius
1065 1973 1169 2016 dicit
1192 1986 1263 2029 per
1283 1972 1405 2016 [ists-

163 2048 231 2092 las.
249 2048 485 2099 venientes,
507 2048 621 2103 quod
637 2047 760 2103 juxta
786 2046 1038 2090 Chaldaeum
1062 2052 1184 2089 sonat
1212 2048 1405 2088 termina-

164 2130 246 2174 tas,
267 2121 310 2165 id
338 2128 403 2165 est
427 2122 480 2164 ad
507 2121 793 2176 quantitatem
828 2119 955 2174 spatii
983 2115 1140 2174 in‘quo
1171 2120 1403 2174 protende-

161 2196 320 2242 bantur
359 2194 510 2248 fa‘ctas,
538 2205 635 2248 quae
674 2205 846 2239 sursum
895 2191 1143 2235 serebantur
1180 2205 1316 2247 usque
1347 2192 1400 2234 ad

162 2269 360 2325 scapulas
387 2267 622 2324 pontificis,
653 2279 783 2322 snper
807 2278 918 2333 quas
950 2265 1254 2308 inserebantur
1293 2264 1403 2306 duo-

1487 1389 1778 1443 particuiatim
1815 1402 1890 1444 per
1935 1391 2028 1433 ioca
2070 1393 2522 1447 erantmalagranata
2575 1407 2720 1449 aurea,

1487 1475 1586 1505 cuin
1611 1464 1798 1518 spinosis
1822 1464 2170 1508 extremitatibus
2191 1465 2282 1509 suis
2308 1465 2559 1510 fabrefacta.
2585 1466 2722 1523 Super
2790 1495 2792 1497 -

1488 1538 1671 1582 frontem
1699 1550 1800 1581 vero
1823 1537 2034 1593 pendebat
2069 1538 2232 1581 lamina
2267 1552 2420 1591 aurea,
2450 1552 2578 1594 quam
2604 1549 2721 1596 peta-

1486 1611 1573 1654 luni
1594 1611 1759 1663 dieunt,
1780 1611 2011 1654 admodum
2031 1612 2144 1654 lunae
2164 1610 2350 1654 dimidiae
2374 1610 2504 1662 iacta,
2531 1625 2625 1665 qum
2650 1625 2720 1655 ar-

1486 1683 1728 1727 cuationem
1756 1695 1929 1726 sursum
1966 1684 2147 1734 habens,
2174 1691 2215 1726 et
2250 1683 2293 1724 in
2332 1682 2472 1725 medio
2512 1684 2718 1727 annulum

1484 1769 1663 1801 aureum
1685 1758 1843 1800 uncino
1866 1770 1996 1800 aureo
2018 1758 2302 1806 inserebatur,
2338 1758 2412 1811 qui
2443 1756 2560 1798 tiarae
2585 1755 2719 1799 inser-

1486 1837 1555 1874 tus
1582 1837 1688 1873 erat.
1712 1829 1860 1884 inqua
1886 1830 2098 1884 sculptum
2130 1835 2223 1872 crat
2241 1816 2367 1871 Aioth
2400 1829 2586 1882 Adonai,
2603 1829 2718 1872 scili·

1485 1911 1548 1946 cet
1575 1909 1769 1946 sanctum
1807 1915 1961 1945 nomen
1999 1902 2186 1954 Domini,
2213 1902 2251 1944 ii
2292 1910 2356 1945 est
2396 1909 2719 1958 teti-agramma-

1486 1984 1576 2027 ton,
1603 1975 1717 2029 quod
1743 1974 1955 2017 ineffabile
1978 1974 2150 2023 dieitur.
2179 1987 2264 2017 non
2282 1976 2381 2029 quia
2405 1975 2486 2018 dici
2511 1987 2596 2016 non
2621 1986 2721 2029 pos·-

1484 2048 1553 2098 sit,
1578 2047 1650 2090 sed
1684 2046 1785 2101 quia
1821 2059 1910 2088 reni
1950 2046 2204 2088 ineffabilem
2241 2045 2468 2099 significat,
2502 2046 2614 2099 quod
2652 2046 2719 2088 liis

1482 2119 1634 2161 litteris
1678 2119 1877 2162 sei-ibitur
1936 2124 1951 2155 ³
2001 2118 2103 2170 iod,
2146 2126 2177 2164 rt
2226 2117 2311 2169 he,
2347 2126 2366 2163 *t
2393 2129 2499 2169 vau,
2537 2126 2568 2163 ,Ἴ
2612 2117 2715 2169 he·‚

1483 2204 1577 2246 qua:
1608 2199 1760 2235 sonant
1791 2191 2049 2246 principium
2090 2190 2193 2232 vitae
2224 2182 2440 2245 passionis
2478 2188 2577 2242 iste,
2600 2191 2718 2244 quod

1482 2272 1563 2315 est,
1582 2277 1658 2319 per
1683 2265 1930 2320 passionem
1961 2263 2107 2318 liujus,
2126 2273 2250 2319 quein
2275 2262 2520 2318 praefigurat
2547 2263 2618 2305 bic
2645 2275 2717 2307 sa-

162 2341 244 2385 bus
262 2341 431 2385 uncinis
453 2340 598 2385 aureis
615 2336 1183 2405 ‘superhumeralitirmiter
1206 2338 1402 2391 insertis,
1424 2354 1455 2398 C
1484 2340 1651 2389 cei-dos,
1683 2338 1975 2381 reinitiabitur
1999 2344 2040 2379 et
2064 2337 2387 2391 recuperabitur
2411 2338 2495 2380 vita
2523 2338 2563 2380 in
2582 2337 2717 2382 Adam

161 2415 332 2458 duobus
350 2427 452 2458 vero
477 2414 647 2458 atinulis
671 2412 949 2456 inferioribus
981 2418 1142 2456 assutte
1166 2417 1289 2456 erant
1307 2411 1403 2454 duae

159 2487 279 2531 vittae
301 2487 606 2542 hyacinthinae,
627 2498 722 2541 quae
753 2486 869 2528 circa
903 2485 1036 2527 latera
1065 2484 1205 2528 ductae
1232 2483 1404 2528 duobus

161 2559 334 2602 aimulis
377 2558 522 2602 aureis
570 2557 680 2616 inter
722 2556 922 2612 scapulas
960 2555 1284 2608 inserebantur,
1326 2554 1402 2610 qui

160 2633 243 2675 sub‘
268 2641 450 2687 utroque
495 2630 723 2675 sardonice
759 2631 800 2672 in
840 2630 978 2684 ephod
1021 2629 1094 2672 lixi
1137 2629 1326 2682 stabant,
1354 2638 1404 2673 ut

159 2705 340 2759 utraque
359 2705 543 2760 ligatura
568 2702 725 2758 ephod,
751 2709 793 2744 et
822 2701 965 2757 logsson
1003 2701 1084 2745 sibi
1117 2701 1299 2745 invicem
1329 2702 1401 2745 iir-

159 2777 285 2821 miter
321 2777 603 2819 cohaererent.
649 2773 786 2829 Super
828 2774 911 2817 hoc
946 2773 1048 2816 dicit
1077 2772 1292 2828 Josephus
1327 2786 1402 2817 zo·

159 2863 258 2895 nam
283 2863 336 2894 ex
363 2858 550 2906 quatuor
580 2848 816 2897 coloribus.
843 2854 886 2892 et
915 2860 1022 2892 auro
1057 2847 1322 2899 consertam,
1346 2859 1399 2891 ex

158 2932 341 2982 utroque
361 2926 492 2969 latere
520 2925 878 2977 circumductam,
906 2931 948 2966 et
974 2924 1130 2967 iterum
1156 2922 1397 2966 revolutam

158 3007 258 3044 ante
287 3007 435 3057 pectus
474 2999 516 3041 in
542 3006 724 3054 utraque
748 2999 996 3041 summitate
1021 2995 1133 3041 infra
1168 2997 1396 3053 pendente,

159 3073 386 3118 habentem
408 3086 459 3116 ex
494 3073 639 3115 aureis
681 3070 836 3115 tistulis
873 3071 1067 3115 fimbrias
1101 3070 1216 3117 miro
1242 3070 1397 3114 decore

157 3146 435 3201 compositas.
1351 3129 1355 3133 ⁵

211 3218 227 3235 “
250 3218 494 3262 Additio'i.
539 3217 629 3263 Etsi
671 3217 724 3260 ad
760 3217 946 3261 litteram
980 3229 1128 3261 verum
1167 3230 1252 3260 non
1301 3217 1394 3268 suit,

158 3293 276 3349 qued
295 3299 534 3339 moreretur
554 3291 757 3335 sacerdos
775 3303 873 3334 eum
906 3284 1041 3349 sonus
1074 3302 1161 3333 non
1195 3290 1397 3334 audieba-

158 3375 243 3420 tur,
266 3375 408 3410 tamen
429 3365 658 3422 allegorice
689 3377 762 3420 per
787 3364 870 3406 hoc
903 3362 1030 3405 datur
1060 3361 1255 3418 intelligi,
1282 3362 1395 3416 quod

1482 2414 1662 2469 perdita.
1683 2411 1743 2454 Ne
1768 2424 1868 2454 tero
1902 2424 2001 2454 cum
2024 2418 2267 2454 moveretur
2288 2410 2498 2466 pontifex,
2522 2423 2716 2455 inovere-

1483 2496 1570 2541 tur,
1592 2493 1635 2530 et
1660 2486 1819 2529 lamina
1844 2491 2008 2535 saneta,
2036 2495 2209 2527 sursum
2237 2484 2451 2538 ligabatur
2476 2485 2579 2527 vitta
2611 2486 2717 2541 hya·
2752 2471 2754 2473 θ

1482 2562 1676 2606 cinthina
1698 2558 2126 2615 perspicua,eeiatite
2173 2557 2376 2599 uncinum
2415 2564 2455 2599 et
2489 2559 2716 2610 annulum,

1483 2648 1579 2691 quae
1597 2633 1887 2676 circumducta
1917 2630 2065 2685 capiti,
2099 2638 2142 2672 ct
2179 2630 2306 2683 ligata
2343 2630 2384 2686 in
2414 2629 2609 2683 occipite,
2639 2630 2715 2672 de·

1482 2708 1714 2764 pendentes
1750 2704 2019 2750 summitates
2054 2710 2184 2758 super
2218 2703 2444 2762 humerum
2486 2710 2717 2757 utrumque

1481 2779 1763 2825 diffundebat.

1540 2851 1712 2895 Addicto
1735 2851 1775 2892 t.
1811 2847 1971 2890 Tamcn
2014 2847 2079 2890 liae
2117 2848 2266 2889 litterae
2297 2859 2382 2889 non
2411 2849 2716 2901 rem-msentant

1482 2937 1560 2971 sua
1588 2926 1797 2968 clementa
1823 2923 1865 2965 in
1892 2923 1964 2965 iiio
1989 2921 2180 2972 nomine,
2206 2921 2317 2963 sicut
2343 2929 2442 2962 tuuc
2479 2919 2714 2975 aliquanda

1479 3001 1693 3045 elementa
1709 3004 1877 3041 caetera.

1749 3069 1849 3112 Cat».
1872 3066 2017 3111 vat.
2047 3067 2104 3110 Dc
2127 3075 2223 3122 typo
2254 3069 2444 3108 vestium.

1535 3144 1611 3188 llis
1630 3143 1821 3186 vestibus
1855 3148 2034 3184 ornatus
2068 3139 2284 3194 pontifex,
2316 3139 2543 3194 imaginem
2579 3137 2710 3183 tutin}

1479 3218 1595 3262 orbis
1621 3229 1747 3272 super
1772 3228 1818 3259 se
1841 3204 2108 3271 praeiet-chatz
2159 3212 2392 3254 Feniinalia
2438 3212 2571 3263 enim,
2592 3218 2634 3255 et
2671 3211 2708 3253 i-

1478 3305 1558 3337 nea
1595 3293 1742 3335 stricta
1764 3323 1776 3344 ,
1813 3290 1913 3345 qui-a
1949 3288 2133 3345 byssana
2173 3292 2325 3338 era-nt,
2364 3293 2519 3328 terram
2553 3284 2710 3339 ligura·

1479 3368 1580 3410 bant
1595 3381 1604 3418 ;
1621 3365 1746 3408 baltei
1765 3375 1866 3407 vero
1881 3369 2089 3418 quotquot
2104 3369 2225 3404 erant
2238 3362 2270 3411 *,
2282 3357 2708 3402 circumvolutionem

157 3454 244 3484 non
268 3440 422 3484 debent
444 3446 540 3482 esse
561 3438 666 3480 muti
691 3438 954 3488 sacerdotes,
975 3437 1048 3491 qui
1068 3436 1223 3479 dehent
1248 3424 1396 3478 curam
1425 3428 1457 3470 D
1483 3440 1666 3491 θερμὴ
1705 3438 1845 3480 tunica
1883 3431 2154 3491 hyacinthina
2174 3444 2275 3482 ,aera
2314 3431 2405 3485 ipso
2437 3429 2578 3471 colore
2602 3439 2708 3482 prae·

155 3527 304 3571 gerere
328 3514 467 3571 gregis
490 3513 575 3566 sui,
603 3510 716 3554 unde
732 3509 890 3553 dicitur
914 3525 924 3552 ε
955 3525 970 3551 i
1003 3508 1076 3551 Vae
1099 3509 1196 3553 cani
1220 3522 1306 3551 non
1332 3510 1393 3551 la-

156 3588 305 3631 tranti.
328 3603 342 3630 i

209 3662 242 3678 “·
271 3660 444 3706 Addicto
469 3659 512 3702 2.
548 3659 741 3713 Palmus,
767 3659 825 3701 mi
843 3691 855 3711 ,
878 3664 1030 3714 quarta
1065 3663 1130 3701 est
1171 3669 1391 3705 mensura,

154 3747 251 3790 quae
273 3734 318 3777 sst
341 3741 501 3790 pugno,
522 3731 879 3788 extensopoiiice
897 3731 1078 3787 reliquis
1104 3730 1251 3786 digitis
1278 3742 1394 3772 eoni-

154 3807 324 3865 plicatis
345 3808 573 3851 continens
592 3805 821 3850 dimidium
846 3805 1014 3860 pedem.

209 3885 257 3900 “⁶
283 3882 456 3924 Addicto
477 3881 583 3925 5.1d
610 3887 691 3934 est,
711 3880 872 3924 litterisr
888 3886 930 3922 et
961 3877 1110 3932 figuris
1133 3875 1389 3931 quibusdam

154 3954 269 3998 notis
294 3945 628 4005 omnibus,su'nt
647 3946 922 4008 characteres
946 3950 1119 4005 quidam
1134 3950 1262 4003 vulgo
1282 3946 1388 3996 noti,

152 4027 310 4083 quibus
325 4027 454 4070 etiam
479 4026 576 4070 laici
602 4012 646 4069 in
673 4023 1071 4085 computationibus
1096 4022 1297 4065 dicuntur
1330 4020 1389 4061 uti

157 4104 206 4146 inv
236 4094 390 4160 digitis
418 4097 627 4156 Suis','vel
671 4102 958 4159 provinciales
1007 4101 1158 4143 litterae
1189 4099 1390 4143 dicuntur

150 4171 474 4238 AE'gyptiorum,
497 4189 606 4232 quas
646 4183 825 4231 propter
843 4174 1209 4228 cohabitationem
1240 4182 1388 4213 eorum

157 4257 384 4292 noverant.
411 4248 495 4292 Sed
526 4249 740 4311 sii-ehoe,
766 4247 856 4291 sive
891 4246 976 4290 alio
997 4246 1127 4288 modo
1160 4244 1387 4298 intelligas,

151 4322 297 4376 lingua
323 4322 499 4365 Hebraea
519 4311 642 4379 erant
665 4310 842 4376 scripta.

208 4396 274 4413 ····
308 4395 478 4439 Addicto
502 4396 546 4439 4.
570 4380 806 4453 Ad.„hi³si.i1s'
839 4388 1379 4440 catenaesimilitudinem,

146 4465 253 4512 dicit
275 4467 494 4527 magister,
517 4460 716 4528 exclama
750 4464 860 4510 colio
883 4475 932 4526 ex
957 4453 1140 4516 ,utraque
1164 4465 1283 4514 parte
1309 4457 1383 4500 de-

1476 3513 1667 3563 serebam
1702 3522 1775 3565 per
1804 3508 2095 3552 tintinnabula
2116 3540 2126 3559 ,
2155 3505 2323 3548 sonitu-s
2349 3503 2607 3551 tonitruum3
2635 3511 2707 3553 per

1476 3568 1793 3639 malagranata,
1814 3581 2136 3624 coruscationes
2158 3577 2525 3633 significabantur.
2556 3571 2706 3626 Epiio‘d

1475 3649 1573 3700 rero
1596 3656 1662 3699 sui
1694 3643 1915 3705 varietate,
1944 3652 2100 3695 coeium
2133 3650 2374 3699 siderenm3
2411 3646 2522 3700 quod
2564 3644 2706 3686 aureis

1474 3729 1690 3772 coloribus
1710 3728 1983 3769 intertextum
2008 3729 2116 3774 erat,
2141 3722 2352 3776 signifieat
2377 3718 2488 3773 (prod
2512 3717 2627 3763 calor
2649 3716 2707 3757 vi-

1475 3803 1571 3844 talis
1592 3806 1788 3855 penetrat
1829 3797 2044 3840 universa.
2078 3794 2170 3835 Duo
2196 3791 2460 3838 sardonices,
2494 3789 2625 3831 solem
2662 3794 2705 3829 et

1472 3877 1635 3930 lunam,
1657 3872 1722 3915 vel
1741 3872 1826 3914 duo
1847 3868 2132 3922 hemispheria
2151 3880 2163 3918 ;
2183 3864 2407 3907 duodecim
2433 3873 2609 3916 gemmae
2631 3871 2705 3914 pe-

1472 3946 1664 3996 ctoralis,
1689 3944 1916 3987 duodecim
1942 3944 2062 3997 signa
2086 3940 2129 3984 in
2165 3939 2357 3981 zodiaco.
2382 3934 2567 3977 Pulchre
2589 3932 2703 3987 quod

1472 4023 1515 4064 in
1562 4020 1707 4063 medio
1743 4024 1864 4067 erat,
1909 4014 2117 4058 rationale
2161 4011 2472 4067 appellabatur.
2518 4005 2706 4046 Ratione

1469 4093 1582 4136 enim
1607 4098 1761 4135 cuncta
1794 4096 1894 4133 sunt
1936 4089 2077 4143 plena,
2103 4092 2146 4128 et
2173 4091 2344 4126 terrena
2374 4080 2590 4122 adhaerent
2614 4087 2696 4118 ῥα»-

1469 4166 1663 4210 testibus.
1689 4166 1774 4206 imo
1795 4163 1902 4216 ratio
1922 4169 2190 4203 terrenorum
2213 4163 2254 4199 et
2272 4163 2529 4207 temporum,
2545 4146 2700 4190 caloris

1468 4243 1509 4279 et
1533 4235 1722 4292 frigoris,
1747 4241 1789 4275 et
1822 4232 1977 4285 duplex
2018 4230 2128 4271 inter
2163 4235 2346 4280 utraque
2376 4219 2622 4275 temperies,
2648 4215 2701 4257 de

1467 4312 1565 4355 coeli
1605 4320 1753 4359 cursu,
1779 4313 1821 4348 et
1845 4305 2016 4347 ratione
2055 4299 2288 4343 descendit.
2333 4294 2502 4339 cidaris
2543 4289 2698 4333 eoelum

1466 4392 1734 4438 empyreum,
1778 4378 1935 4420 lamina
1977 4372 2278 4429 superposita,
2324 4367 2456 4410 Deum
2501 4359 2701 4405 omnibus

1466 4454 1787 4516 praesidentem.
