2924 4588
61 0 172 41 ¹425
689 0 787 32 um
789 0 807 30 1
818 0 948 32 unm
980 0 1237 35 δυιιυωιδ
1239 0 1286 33 ι·ι

1287 0 1374 35 UA.
1402 15 1460 24 -
1484 0 1686 41 Ι31ΒΕΙ(Ι
1755 0 1946 38 REGUM

2499 0 2607 42 1426

61 85 337 134 deunixersis
349 78 492 133 terris.
509 74 564 134 3(1
575 94 684 138 quas
698 81 891 153 63661605
922 82 976 126 ad
999 83 1141 126 locum
1167 85 1297 127 istum
1319 90 1354 142 A
1377 84 1499 138 quit:
1522 67 1674 145 Nullus
1701 87 1808 129 sciat
1833 85 1962 129 verba
2004 85 2112 130 haec.
2139 84 2184 129 Sl
2216 87 2462 145 quaesierint
2498 101 2521 130 a
2550 96 2607 136 te,

61 152 107 207 et
126 159 378 203 habitabunt
396 156 679 210 confidenter,
697 160 741 200 et
754 154 827 199 ser
821 168 903 198 tam
925 167 1024 198 cum
1043 155 1106 200 eis
1127 163 1298 212 pactum

61 227 392 287 sempiternum.
419 241 433 270 ι

140 303 242 348 Cu>
280 300 432 344 xmtt..
447 300 506 343 De
532 299 712 343 secunda
734 278 944 342 obsidione
963 299 1213 344 Jerusalem.

119 391 134 416 ι
159 374 294 437 Porro
303 386 418 417 anno
432 384 544 416 nono
557 370 763 422 Sedeciae,
778 383 923 414 mense
937 371 1120 420 decimo,
1135 371 1299 416 decima
1358 364 1363 371 ¹

64 445 148 498 die,
166 448 266 489 luna
290 445 493 490 vicesima
513 443 718 496 secunda,
735 443 864 487 rediit
880 442 1164 487 Nabuzardan
1183 445 1301 500 prin-

61 513 163 576 ceps
186 521 402 564 exercitus
427 517 677 574 Rabylonis,
698 509 740 560 et
760 516 976 573 principes
1012 516 1301 561 Nabuchodo-

20 583 29 650 '-
62 581 192 636 bosor
216 604 314 634 cum
337 603 405 640 60,
428 598 470 634 61
486 588 860 633 circumdederunt
887 589 1140 640 Jerusalem,
1161 595 1203 632 et
1222 602 1300 633 ex-

26 661 35 670 “
62 659 384 705 struxerunt‘in
416 659 602 702 circuitu
647 658 742 712 eJ‘us
766 658 1047 706 munitiones,
1091 663 1133 701 et
1154 657 1302 701 clausa

60 725 126 774 'est
150 729 304 773 civitas
323 727 470 772 decem
493 734 537 771 et
550 733 650 770 octo
671 726 894 770 mensibus
917 726 956 782 (1
972 726 1002 768 V
1027 726 1126 782 lleq.
1153 725 1297 781 xxv).»

23 817 26 819 “
60 796 326 845 Perterritus
350 800 495 856 itaque
514 799 717 843 Sedecias
756 798 852 841 tulit
874 797 1099 841 Jeremiam
1125 801 1177 840 'de
1206 809 1303 840 car·-

24 871 36 929 ³ss
61 886 178 927 cere,
196 880 238 918 et
257 873 539 928 interrogavit
562 879 663 926 euni
694 872 738 924 in
765 871 894 915 domo
931 883 1007 914 sua
1026 876 1211 920 secreto,
1236 870 1294 926 di-

24 942 29 1010 [
61 945 167 991 cens
194 962 204 990 :
231 945 453 989 (Putasne
486 950 739 989 est=1ser1no
763 957 786 986 a
811 943 1017 993 Domino,
1042 943 1142 999 quia
1165 943 1303 1001 redie-

18 1015 30 1064 ſs
65 1026 165 1062 runt
187 1011 410 1062 Ctmtdaei?
432 1016 515 1068 Qui
538 1015 758 1072 respondit
777 1031 786 1058 :
814 1013 1010 1058 ln'manu
1030 1014 1143 1070 regis
1165 1013 1304 1070 Baby·

16 1084 26 1142 'f-
65 1091 177 1137 lonis
205 1090 405 1134 tiaderis.
425 1089 508 1133 Sed
533 1090 732 1139 obsecro,
769 1089 942 1132 domine
968 1090 1026 1131 mi
1053 1101 1145 1139 rex,
1165 1102 1218 1132 ne
1237 1100 1306 1132 re-

1377 157 1479 212 quid
1513 141 1680 202 1060105
1695 157 1844 201 esttibi
1861 158 1961 201 rex?
1983 157 2129 202 dices:
2140 140 2356 200 Prostravi
2382 170 2448 202 me
2466 171 2609 202 coram

1379 240 1494 285 rege,
1524 241 1580 272 ne
1600 230 1822 272 reduceret
1846 241 1915 274 me
1937 227 1980 271 in
2006 224 2222 271 carcerem
2246 227 2351 284 (Jer.
2385 229 2610 283 xxxmo.»

1475 299 1590 345 -Cn‘,
1615 299 1759 344 XLIV.
1786 300 1845 343 De
1879 300 1980 356 [uqa
2008 299 2206 350 Sedeciae,
2231 308 2352 355 capta
2387 300 2501 343 urbe.

1433 371 1568 416 Porro
1610 371 1856 418 defecerant
1876 371 2075 431 victualia
2120 372 2165 413 in
2199 371 2386 421 civitate,
2427 370 2533 414 adeo
2569 375 2615 412 ut

1379 445 1581 488 mulieres
1612 444 1886 488 comederent
1928 442 2130 498 parvulos
2166 429 2269 486 suos
2290 442 2341 485 ad
2367 453 2614 486 mensuram

1379 517 1526 573 palmi,
1547 517 1672 560 sicut
1680 516 1860 572 legitur
1851 529 1895 559 ιιι
1918 515 2101 558 Thronis
2118 514 2317 559 Jeremiae
2338 514 2439 570 (λεν.
2457 526 2613 565 xxnx:

1381 589 1409 633 1
1417 589 1446 632 V
1466 589 1568 646 Req
1594 579 1733 644 xxv)
1745 602 1759 629 (
1764 586 1918 652 Capta
1951 593 2017 633 est
2041 592 2183 630 autem
2206 587 2359 630 civitas
2390 586 2616 630 undecimo

1381 671 1494 705 aimo
1511 648 1855 715 regniSedeciae',
1880 665 2225 715 003110106056,
2249 668 2365 706 nona
2396 656 2464 699 die
2499 668 2618 698 men-

1382 733 1478 775 sis
1483 763 1495 783 ,
1523 747 1537 772 ι
1564 731 1819 776 secundum
1858 728 2091 785 Josepbum
2113 761 2125 780 ,
2168 736 2212 772 et
2250 728 2407 771 librum
2438 727 2615 783 Requm·

1383 803 1618 855 secundum
1645 798 2078 866 Hieronymutnverb
2118 800 2270 857 quinto
2293 800 2361 843 die
2385 806 2529 855 aperta
2555 805 2621 842 est

1381 875 1533 919 civitas
1564 876 1679 917 circa
1705 874 1888 917 mediam
1905 873 2089 932 noctem,
2109 879 2151 918 et
2184 872 2388 916 sederunt
2407 872 2620 929 principes

1382 948 1604 1004 Babylonii
1619 948 1672 990 iu
1693 952 1814 1003 porta
1828 947 1982 990 media.
1998 945 2122 999 Fugit
2134 953 2277 988 autem
2298 944 2503 987 Sedec'ias
2521 954 2621 985 cum

1385 1020 1504 1063 omni
1522 1020 1648 1063 domo
1672 1022 1750 1062 sua
1767 1021 1917 1080 00616,
1944 1016 2224 1072 61011061065
2255 1015 2383 1057 amici
2407 1011 2501 1070 eius
2524 1010 2628 1060 cum

1384 1105 1437 1136 eo
1462 1104 1537 1148 per
1558 1084 1668 1134 viam
1690 1089 1802 1141 horti
1837 1085 2043 1145 'regis'Et
2075 1088 2257 1143 ingressi
2291 1094 2390 1129 sunt
2422 1086 2474 1128 ad
2510 1087 2623 1127 viam

65 1165 211 1210 mittas
236 1175 305 1206 me
331 1163 373 1205 in
397 1174 615 1206 carcerem
640 1160 852 1212 Jonathae,
885 1173 940 1204 ne
965 1161 1126 1203 moriar
1149 1160 1227 1202 ibi.
1253 1159 1305 1203 Et
1330 1154 1363 1198 B
1386 1163 1563 1206 deserti.
1591 1154 1724 1214 Quod}
1755 1173 1853 1204 cum
1895 1151 2141 1202 'nuntiatum
2184 1164 2298 1203 esset
2317 1170 2341 1199 a
2364 1157 2623 1213 quibusdam

23 1238 267 1302 f--praecepit
297 1248 371 1279 rex
398 1241 443 1277 ut
467 1234 708 1278 traderetur
743 1235 788 1276 in
814 1233 1074 1278 vestibulum
1097 1232 1301 1282 carceris,

23 1313 31 1349 ζ’
63 1316 109 1355 et
131 1315 177 1353 ut
201 1310 380 1368 daretur
403 1308 442 1352 ei
468 1314 578 1351 torta
607 1309 733 1362 panis
771 1307 980 1362 quotidie,
1009 1311 1185 1362 excepto
1211 1305 1307 1360 pul-

66 1387 226 1430 mento,
246 1381 385 1425 donec
407 1385 767 1423 consumerentur
791 1391 940 1421 omnes
965 1389 1098 1433 panes
1122 1377 1175 1420 de
1201 1376 1308 1420 civi-
1336 1410 1337 1413 ,

30 1503 34 1507 ,
68 1461 172 1499 tate.
199 1455 250 1497 Et
275 1453 487 1498 clamabat
514 1452 721 1496 Jeremias
756 1452 800 1494 in
835 1450 1048 1494 vestibulo
1080 1449 1267 1492 carceris
1294 1461 1305 1489 ε

23 1523 37 1538 ’“
64 1529 151 1582 Qui
167 1528 453 1573 remanserint
490 1527 534 1568 in
558 1524 746 1576 civitate,
772 1524 883 1566 fame
904 1529 977 1566 aut
1007 1522 1159 1578 'gladio
1192 1522 1308 1577 peri-

68 1598 206 1652 bunt3
239 1598 313 1654 qui
351 1598 626 1652 confugerint
670 1595 723 1638 ad
765 1596 913 1638 hostes
938 1626 951 1646 ,
995 1591 1310 1648 quodammodo

70 1679 253 1718 mortem
277 1671 576 1715 declinabunt.
609 1668 663 1710 Et
694 1672 990 1712 convenerunt
1010 1666 1241 1721 principes,
1268 1670 1310 1708 et

14 1740 30 1761 ³
69 1747 263 1792 seniores
280 1746 469 1789 civitatis
495 1745 549 1787 ad
577 1756 736 1800 regent,
756 1743 950 1786 dicentes
974 1757 983 1786 ε
1012 1740 1230 1795 Rogamus
1249 1746 1308 1791 te,

29 1831 32 1834 ·
66 1822 121 1864 ut
141 1818 354 1863 moriatur
374 1817 504 1860 homo
541 1814 640 1868 iste;
665 1815 716 1858 de
742 1814 954 1858 industria
979 1813 1092 1856 enim
1116 1812 1313 1856 dissolvit

31 1891 48 1905 ⁸
69 1903 225 1936 manus
268 1887 461 1933 virorum
513 1887 763 1931 bellantium
788 1885 893 1940 (Jer.
918 1886 1101 1943 xxxvii).
1128 1902 1142 1927 ›
1182 1886 1314 1929 Plane

15 1959 36 2010 's'
72 1964 280 2008 mentitur
323 1974 422 2006 cum
461 1962 601 2004 dicit:
630 1960 832 2022 Sedecias
855 1961 1024 2003 vinctus
1052 1960 1233 2002 ducetur
1270 1959 1314 2001 in

69 2036 348 2092 Babylonem.
375 2033 570 2077 Ezechiel
594 2033 771 2077 enimin
791 2031 1006 2087 Babylone
1029 2031 1313 2086 prophetavit,

69 2109 222 2152 dicens
250 2120 260 2149 :
289 2107 493 2153 Sedecias
509 2115 598 2149 non
615 2105 777 2150 videbit
794 2103 1071 2160 Babylonem.
1097 2117 1110 2143 ‹
1139 2101 1190 2144 Et
1208 2100 1320 2144 dixit,
1342 2138 1347 2151 ,

32 2239 37 2241 -
74 2174 157 2226 τοι
173 2181 226 2224 ad
262 2193 337 2225 605
358 2193 369 2222 :
393 2181 504 2224 Ecce
541 2180 633 2235 ipsc
668 2179 713 2221 in
731 2177 930 2220 manibus
954 2177 1110 2219 vestris
1130 2181 1211 2225 est,
1234 2173 1316 2218 nec
1346 2199 1350 2208 ->

74 2256 188 2300 enim
216 2255 283 2298 135
308 2261 374 2298 est.
396 2266 540 2310 regem
580 2252 703 2297 vobis
727 2251 963 2307 quidquam
992 2261 1164 2304 negare.
1188 2242 1336 2303 Tule-v

14 2366 17 2368 ,
77 2332 178 2371 runt
201 2339 303 2382 ergo
339 2325 568 2370 Jercmiam
587 2356 598 2376 ,
622 2329 665 2367 et
690 2323 984 2378 deposuerunt
1008 2333 1104 2363 eum
1130 2332 1227 2363 cum
1254 2319 1321 2362 su-

35 2430 38 2434 ·
77 2400 207 2444 nibus
242 2400 286 2442 in
323 2399 470 2442 lacum
515 2396 725 2444 Melcbiae,
756 2396 800 2437 in
836 2406 922 2449 quo
961 2407 1046 2438 non
1074 2398 1318 2448 oratuque,

77 2474 155 2519 sed
179 2474 332 2534 lutum,
352 2465 602 2535 ’1011110116
618 2468 793 2526 propria
812 2468 1047 2513 suffocatus
1071 2467 1262 2522 periret:
1279 2473 1322 2509 et

73 2550 170 2591 erat
192 2545 472 2604 prophetata
500 2545 610 2594 luto,
642 2555 781 2598 usque
809 2542 862 2585 ad
899 2547 1062 2597 guttur,
1091 2538 1322 2595 quoderat
1349 2576 1351 2578 .

75 2617 118 2663 ci
131 2615 322 2662 amarius
338 2617 456 2660 omni
469 2623 622 2660 morte.
639 2631 652 2648 ¹
674 2615 794 2658 Tunc
806 2613 1087 2658 AbdcmeIech
1103 2611 1319 2668 AEthiops,

81 2690 146 2734 vir
162 2690 387 2752 eunuchus
405 2688 457 2733 de
474 2688 601 2732 domo
623 2688 754 2744 regis,
767 2690 933 2732 secreto
953 2686 1060 2729 dixit
1074 2686 1125 2728 ad
1147 2685 1290 2740 regem
1308 2699 1318 2727 :

78 2763 266 2808 Peccare
290 2770 330 2805 te
356 2761 550 2806 fecerunt
566 2761 649 2806 viri
674 2762 746 2806 isti
763 2759 1059 2816 graviter.Qui
1085 2757 1320 2814 respondit:

79 2835 201 2880 Tolle
244 2843 388 2879 tecum
426 2835 605 2890 triginta
631 2836 763 2886 viros,
803 2839 846 2877 et
875 2834 968 2876 leva
997 2832 1244 2888 prophetam
1271 2830 1324 2874 (16

80 2909 176 2952 lacu
196 2912 423 2962 antequam
450 2906 675 2950 moriatur.
701 2904 803 2958 Qui,
838 2903 1073 2959 assumptis
1086 2902 1191 2946 'viris
1225 2900 1324 2944 tulit

82 2981 249 3034 pannos
270 2984 437 3021 veteres
459 2975 513 3019 de
536 2976 668 3019 domo
687 2976 804 3031 regis
825 3007 835 3024 ,
867 2975 938 3029 qui
958 2977 1323 3027 computruerant,

80 3056 125 3098 et
148 3050 364 3095 summisit
385 3061 461 3092 605
486 3050 531 3094 in
548 3049 691 3091 lacum
718 3060 795 3104 per
818 3046 1049 3097 funiculos,
1076 3050 1117 3088 et
1140 3045 1246 3087 dixit
1271 3043 1323 3086 ad

81 3121 343 3168 Seremiam:
370 3120 489 3164 Pone
519 3131 686 3190 pannos
731 3124 897 3163 veteres
927 3117 1005 3161 suh
1040 3116 1187 3158 cubitu
1234 3126 1326 3157 ma·-

82 3207 216 3243 nuum
247 3200 448 3244 tuarum,
488 3198 531 3236 et
547 3187 683 3248 50061·
705 3190 847 3235 funes.
891 3191 985 3243 Quo
1014 3189 1145 3241 sacto,
1171 3189 1327 3232 eduxe-

32 3267 34 3269 ’
81 3272 184 3313 runt
203 3279 309 3310 eum
355 3267 407 3310 (16
438 3266 554 3316 1360,
591 3270 633 3308 et
677 3263 852 3322 vocavit
871 3275 968 3306 eum
991 3269 1053 3304 ter
1080 3268 1245 3304 secreto
1269 3259 1321 3302 ad
1348 3276 1381 3319 ι)
1404 3257 1797 3315 Nabuchodonosor
1814 3251 1946 3310 regis
1980 3248 2094 3303 Baby
2100 3247 2224 3296 10105,
2248 3296 2250 3298 ,

84 3339 245 3386 ostium
271 3338 462 3390 tertium,
489 3338 602 3394 quod
627 3343 725 3380 erat
745 3337 786 3379 in
798 3336 932 3380 domo
949 3334 1135 3382 Domini,
1160 3341 1202 3376 et
1233 3332 1319 3375 ait:

84 3410 307 3465 Interrogo
331 3415 387 3461 te,
416 3417 473 3453 ne?
496 3409 747 3453 abscondas
770 3420 794 3450 a
821 3419 889 3450 me
916 3396 1111 3465 valiquid.
1139 3403 1219 3455 Qui
1257 3415 1326 3447 re-

86 3481 299 3549 spondit:
335 3479 380 3524 Si
413 3474 641 3524 constitum
658 3475 816 3522 dedero
838 3479 914 3521 tibi
949 3489 1126 3521 nonme
1159 3476 1322 3519 audies.

88 3551 134 3596 si
159 3557 302 3595 autem
323 3543 578 3614 nuntiavero
614 3549 693 3592 tibi
728 3547 962 3591 interficies
982 3559 1064 3589 me.
1094 3545 1144 3586 Et
1164 3544 1326 3599 juravit

83 3624 126 3670 ei
143 3637 235 3675 rex,
258 3608 442 3667 dicens:
470 3621 586 3665 Vivit
623 3621 847 3671 Dominus,
895 3633 980 3663 non
1026 3617 1219 3660 occidam
1267 3622 1321 3671 te,

75 3709 168 3743 nec
186 3691 355 3740 tradam
377 3703 418 3740 te
435 3697 479 3739 in
502 3707 657 3739 manus
679 3694 888 3743 virorum,
914 3692 985 3747 qui
1012 3688 1211 3746 quaerunt
1239 3688 1328 3730 ani-

90 3783 203 3814 mam
227 3776 362 3821 tuam,
389 3770 505 3813 etait
524 3768 763 3814 Ieremias:
792 3767 836 3809 Si
861 3765 1017 3824 exieris
1031 3765 1088 3808 ad
1112 3763 1327 3819 principes

90 3831 338 3900 Babylonis,
361 3844 506 3887 salvus
523 3843 610 3886 eris
639 3849 703 3891 10,
746 3848 789 3884 61
819 3841 972 3885 domus
1004 3846 1091 3886 103,
1116 3843 1158 3879 et
1175 3835 1329 3879 civitas

89 3913 182 3959 baec
206 3927 291 3959 non
315 3914 629 3958 succendetur..
661 3912 711 3955 Si
730 3904 821 3955 ³non
841 3911 1014 3960 exieris,
1054 3908 1208 3951 civitas
1230 3917 1328 3950 suc-

36 3979 40 3982 *
90 3990 314 4038 condetur,
332 3994 374 4032 et
400 3995 444 4031 tu
468 4000 565 4032 cum
590 3977 823 4030 domo'tu'a
848 3997 933 4027 non
955 3982 1131 4037 effugies
1175 3990 1330 4022 manus

93 4072 262 4109 eorum.
281 4060 332 4102 Et
366 4061 426 4102 ait
441 4072 542 4103 rex:
572 4057 775 4101 Facerem
794 4054 907 4112 quod
941 4053 1068 4105 dicis,
1103 4052 1178 4095 sed
1201 4051 1331 4093 timeo

19 4151 27 4186 j
92 4133 371 4184 contribules,
397 4133 471 4188 qui
497 4131 761 4175 transierunt
785 4127 839 4171 ad
864 4125 1106 4175 Chaldaeos,
1132 4136 1186 4167 ne
1225 4122 1334 4166 forte

16 4203 19 4210 '
95 4211 299 4249 accusent
321 4217 405 4255 me,
430 4212 474 4247 et
496 4203 677 4247 tradar
667 4215 712 4249 tn
726 4213 865 4248 manu
891 4210 1057 4247 eorum,
1084 4202 1126 4239 et
1152 4195 1333 4238 illudant

97 4278 218 4330 mihi.
243 4277 295 4323 Et
317 4278 375 4321 ait
406 4276 644 4322 Jereniias:
669 4273 765 4320 Nou
799 4270 999 4318 traderis.
1026 4269 1147 4313 Tunc
1166 4280 1241 4310 rex
1267 4267 1334 4310 in-

1385 1234 1607 1277 tradititiis
1640 1232 1913 1301 principibus
1956 1230 2185 1286 Babylonis
2211 1258 2222 1280 ,
2249 1229 2484 1284 persecuti
2525 1233 2627 1271 sum

1383 1318 1485 1354 eum
1511 1323 1535 1353 a
1555 1297 1764 1371 diluculo,
1796 1315 1838 1352 et
1854 1304 2272 1370 comprehenderunt
2289 1316 2385 1346 eum
2409 1303 2455 1360 in
2475 1313 2627 1357 campo

1388 1381 1634 1428 solitudinis
1672 1379 1998 1424 Jerichontinae
2039 1377 2191 1419 Plures
2227 1381 2366 1418 autem
2387 1373 2626 1429 principum

1388 1454 1573 1511 dispersi
1593 1458 1709 1502 sunt,
1735 1459 1776 1496 ct
1802 1455 2073 1495 recesserunt
2092 1449 2149 1490 ab
2168 1459 2233 1490 eo
2249 1446 2389 1502 ipsum
2415 1456 2512 1488 (610
2529 1455 2627 1487 cum

1389 1526 1570 1581 reliquis
1595 1525 1785 1568 vinctum
1825 1513 2048 1578 traaeru¹11t
2073 1519 2124 1581 ad
2166 1522 2305 1572 regem
2329 1515 2556 1571 Babylonis
2583 1514 2629 1557 in

1390 1599 1616 1642 Reblatha.
1660 1595 1741 1648 Qui
1767 1587 1934 1638 locutus
1967 1598 2033 1636 cst
2054 1604 2148 1635 cunt
2173 1589 2459 1644 cojudicium,
2482 1587 2630 1630 dicens

1393 1684 1492 1716 eum
1515 1672 1730 1728 ingratum
1778 1667 1912 1711 fuisse
1955 1665 2139 1720 percepti
2184 1665 2236 1706 ab
2264 1675 2314 1706 60
2357 1660 2542 1715 imperii,
2586 1664 2630 1702 et

1392 1751 1547 1789 contra
1568 1741 1817 1786 munificum
1846 1739 2061 1781 hostiliter
2086 1737 2240 1790 egisse,
2267 1740 2318 1785 et¹
2331 1734 2553 1786 dejurasse
2586 1732 2631 1774 in

1394 1811 1548 1863 Deum,
1584 1816 1628 1855 et
1662 1809 1859 1853 addidit:
1883 1807 2058 1861 Magnus
2088 1804 2198 1847 Deus
2237 1799 2400 1846 habens
2422 1807 2537 1844 tuam
2556 1813 2632 1857 ne-

1395 1887 1574 1944 quitiam
1615 1883 1730 1931 odi0,
1765 1888 1807 1924 te
1848 1878 2044 1922 tradidit
2051 1878 2172 1928 inihi.
2195 1891 2211 1919 ‹
2238 1875 2289 1918 Et
2328 1874 2482 1917 occidit
2522 1872 2632 1920 lilios

1396 1959 1489 2014 ejus
1509 1967 1656 1998 corani
1687 1965 1755 2004 60,
1792 1958 1835 1995 61
1877 1949 2067 1992 Sat-aiam
2104 1958 2315 1990 summum
2359 1942 2630 1990 sacerdotem

1395 2032 1522 2086 cujus
1545 2029 1676 2072 tilium
1722 2025 1898 2069 ,1056066
1944 2023 2190 2068 reservavit.
2223 2020 2468 2074 Occiditque
2498 2029 2635 2061 eunu—

1395 2104 1542 2155 chum,
1566 2101 1640 2157 qui
1675 2108 1767 2144 erat
1808 2109 1938 2153 super
1965 2096 2080 2139 viros
2121 2094 2371 2142 bellatores,
2396 2089 2635 2146 etSophor

1397 2164 1636 2232 principem
1659 2171 1888 2218 exercitus,
1913 2169 1985 2223 qui
2022 2167 2228 2222 probabat
2255 2165 2431 2215 tirones,
2451 2169 2493 2206 et
2509 2162 2636 2218 quin«

1399 2260 1484 2304 que
1507 2246 1619 2289 viros
1630 2244 1771 2297 dehis
1793 2276 1802 2292 ,
1825 2241 1898 2297 qui
1917 2245 2126 2283 steterant
2155 2248 2301 2280 coram
2343 2247 2457 2291 rege,
2482 2240 2524 2278 et
2548 2243 2636 2278 tres

1401 2323 1452 2365 de
1473 2315 1717 2364 senioribus
1741 2314 1904 2370 templi,
1931 2319 1971 2355 et
1990 2325 2065 2356 sex
2086 2311 2201 2355 viros
2222 2311 2425 2366 probatos
2443 2308 2495 2352 de
2511 2306 2637 2363 vuigo

1392 2395 1468 2450 'vel
1528 2391 1750 2447 sexaginta
1799 2386 2035 2432 secundum
2080 2383 2308 2427 Ieremiam
2359 2380 2581 2436 (Jer.L11).
2616 2395 2631 2421 ι

1391 2455 1560 2510 ‘Oculos
1574 2475 1674 2508 vero
1692 2461 1881 2506 Sedeciae
1909 2458 2069 2507 effodit,
2091 2462 2132 2499 et
2158 2456 2321 2498 catenis
2355 2453 2489 2496 vinxit
2519 2464 2634 2502 eum,

1402 2547 1449 2583 ut
1466 2537 1697 2582 adduceret
1722 2533 1765 2576 in
1787 2518 2046 2587 Babylonem
2086 2520 2241 2570 etcum
2268 2538 2318 2568 eo
2327 2523 2536 2567 Josedec.
2577 2522 2631 2565 Et

1401 2611 1637 2660 redierunt,
1656 2606 1729 2662 qui
1756 2605 1967 2647 duxerunt
2002 2613 2074 2644 eos
2102 2600 2145 2642 in
2185 2597 2411 2648 Reblatha,
2438 2595 2490 2638 ad
2514 2607 2636 2645 exer-

1403 2686 1534 2728 citum
1557 2680 1811 2724 Jerusalem.

1457 2756 1473 2772 '
1491 2752 1658 2803 Additio
1685 2751 1722 2792 1.
1737 2749 1898 2800 Quarto
1916 2757 2061 2789 mense
2084 2743 2199 2786 ,iunii
2229 2748 2354 2798 capta
2370 2746 2436 2785 est
2462 2740 2632 2790 civitas,

1401 2827 1479 2872 sed
1514 2826 1735 2872 miserunt.
1759 2822 1934 2864 nuntios
1970 2820 2023 2861 ad
2048 2829 2188 2872 regem
2216 2816 2256 2858 in
2280 2803 2505 2864 Rehlatha,
2529 2811 2634 2868 quid

1402 2900 1528 2944 vellet
1552 2884 1641 2941 lieri
1662 2896 1716 2939 de
1737 2895 1858 2944 urbe,
1874 2899 1915 2936 et
1947 2889 2126 2948 proinde
2140 2888 2253 2931 servi
2273 2886 2427 2930 morati
2452 2892 2570 2936 sunt,
2591 2883 2635 2926 in

1403 2976 1522 3014 sexta
1544 2979 1690 3011 mense
1707 2955 1927 3008 destructa
1951 2966 2031 3004 est.

1403 3043 1504 3086 Cn.
1512 3027 1652 3096 XLV
1657 3037 1727 3085 126
1748 3034 1932 3078 incendio
1957 3031 2109 3086 tempii,
2128 3036 2163 3074 et
2184 3028 2367 3075 urbibus,
2385 3033 2422 3069 et
2446 3024 2633 3068 Godotia

1459 3114 1591 3188 Igitur
1611 3111 1667 3154 in
1680 3109 1908 3153 undecimo
1930 3116 2043 3148 anno
2081 3102 2280 3150 Sedecim,
2305 3111 2448 3142 mense
2471 3097 2584 3152 quin
2594 3107 2637 3146 o,

1405 3179 1584 3231 decimo
1577 3167 1667 3227 (116
1685 3180 1865 3231 mensis,
1889 3178 1980 3234 ipse
2012 3181 2076 3218 est
2107 3185 2243 3215 annus
2271 3171 2459 3214 decimus
2498 3178 2636 3210 nonus

2258 3240 2534 3284 Nabuzardan
2572 3238 2638 3279 in-

1405 3332 1548 3376 cendit
1586 3330 1757 3372 domtun
1796 3321 1981 3372 Domini,
2007 3326 2048 3363 et
2072 3305 2242 3362 domum
2269 3315 2395 3369 regis,
2425 3318 2465 3354 et
2489 3323 2637 3352 omnes

1403 3392 1553 3450 domos
1584 3401 1843 3465 Jerusalem
1870 3403 1914 3440 61
1934 3401 2066 3439 totum
2092 3393 2257 3433 murum
2295 3385 2524 3429 Jetusalem
2564 3393 2637 3434 per

1404 3477 1632 3522 circuitum
1657 3456 1881 3519 destruitis,
1907 3473 1947 3510 et
1977 3466 2071 3508 tulit
2094 3455 2234 3506 oninia
2254 3470 2353 3501 vasa
2379 3456 2529 3498 domus
2557 3453 2637 3493 Do-

1404 3549 1526 3596 mini,
1551 3554 1594 3590 ct
1619 3545 1842 3588 columnas
1873 3541 1995 3587 duas,
2023 3542 2063 3578 et
2087 3541 2398 3579 inareaenenm,
2419 3533 2459 3569 ct
2492 3525 2638 3578 ligavit

1405 3619 1623 3676 populum,
1647 3619 1692 3658 ut
1711 3613 1938 3655 adduceret
1960 3618 2054 3650 eum
2080 3606 2121 3647 in
2155 3601 2407 3645 Babvlonem
2433 3595 2568 3652 (JV
2537 3594 2634 3648 Rea,

1405 3706 1519 3745 xxv3
1547 3689 1634 3732 Jer
1663 3678 1749 3735 nni.
1777 3682 1829 3726 Et
1859 3673 1948 3725 isti
1957 3666 2146 3735 p'roprie'
2181 3675 2380 3726 dicuntur
2417 3669 2640 3723 captivitas

1404 3762 1538 3804 Judae.
1580 3759 1630 3800 Et
1669 3756 1762 3799 tulit
1800 3753 2023 3796 Jeremiam
2053 3750 2104 3791 de
2129 3744 2339 3789 vestibulo
2362 3740 2559 3787 cancris,
2586 3739 2639 3780 de

1407 3847 1491 3889 quo
1516 3831 1763 3901 mandatum
1789 3829 2012 3880 acceperat
2036 3817 2316 3863 Nabuzardan
2341 3815 2383 3856 in
2411 3814 2523 3853 hunc
2548 3823 2638 3851 ino«

1408 3906 1546 3948 dum-2
1577 3918 1592 3942 ‹
1621 3900 1739 3943 Tolle
1760 3899 1896 3947 illum,
1916 3900 1956 3937 ct
1976 3892 2083 3951 pone
2088 3890 2226 3945 50061·
2245 3899 2339 3931 eum
2365 3883 2511 3929 oculos
2521 3889 2634 3928 tuos,

1408 3983 1450 4021 et
1474 3983 1519 4017 ut
1543 3972 1725 4016 voluerit
1757 3968 1889 4012 facias
1908 3966 1947 4009 ei
1992 3981 2006 4005 »
2034 3961 2155 4006 Tunc
2188 3957 2380 4016 praefecit
2411 3962 2533 3997 terra:
2553 3952 2637 3994 Go-

1411 4049 1567 4092 doliam
1596 4046 1729 4088 filium
1766 4041 1963 4089 Aicham,
1989 4043 2035 4080 ut
2057 4039 2258 4092 praeesset
2283 4029 2537 4086 pauperibus
2563 4024 2639 4079 qui

1410 4119 1547 4165 relicti
1578 4122 1715 4166 erant,
1733 4122 1775 4157 et
1799 4110 2016 4168 agricolis,
2043 4113 2086 4151 et
2109 4103 2382 4150 finitoribus,
2419 4104 2464 4140 ut
2486 4097 2638 4139 redde-¹

1412 4196 1508 4234 rent
1534 4187 1714 4250 singulis
1735 4184 1857 4226 annis
1882 4178 2102 4234 vectigalia
2131 4174 2224 4230 regi
2244 4169 2483 4226 Babylonis
2520 4165 2638 4208 Sedit

1415 4270 1558 4307 autem
1581 4256 1871 4307 ‚Nahuzardan
1904 4255 1946 4296 in
1979 4251 2128 4300 Rama,
2164 4252 2208 4290 et
2242 4242 2516 4286 trahebantur
2541 4244 2638 4281 3010
