2924 4588
256 71 364 114 {5⁶27

1258 71 1420 118 PETRI
1448 71 1803 119 conestellis

2711 64 2837 123 itis*

250 178 349 211 eum
380 164 583 209 catenati.
610 164 662 206 Et
704 165 861 211 tollens
907 165 962 210 de
1002 166 1144 211 medio
1182 178 1334 214 eorum
1378 166 1733 215 lere-Alatione
1751 179 1962 211 annorum
1995 178 2144 222 regum
2158 165 2284 215 Iuda,
2304 172 2346 209 et
2366 177 2510 221 regum
2533 163 2686 216 lsrael,
2726 181 2821 223 (μιν,
2868 182 2875 188 ⁴

251 240 400 289 miam,
424 238 531 281 dixit
552 238 603 280 ad
623 250 721 280 eum
750 251 762 281 z
790 251 804 277 ι
830 235 937 281 Veni
958 251 1126 283 meeum
1146 240 1189 283 in
1213 238 1492 296 Babylonem,

251 310 293 355 et
313 311 604 354 honorabote.
622 310 744 362 Quod
770 311 806 354 si
831 310 1032 365 displicet
1051 311 1146 365 tibi,
1165 312 1321 356 reside.
1344 311 1495 356 Omnis

249 393 364 428 terra
387 386 430 427 in
455 390 688 439 conspectu
717 389 790 425 ιω
826 389 909 434 εει,
936 382 1086 426 habita
1105 383 1220 439 apud
1246 382 1491 435 Godoliam,

248 467 292 504 et
316 470 576 514 quocunque
600 457 789 501 volueris
812 458 920 501 vade
944 456 1051 509 (Jer.
1077 458 1167 512 xij).
1195 472 1209 499 i
1242 457 1295 501 Et
1317 457 1494 501 tradidit

246 534 284 575 ei
309 531 601 574 Nabuzardafl
632 531 812 581 cibaria,
853 535 898 575 et
936 531 1215 580 munuscula,
1260 535 1303 573 et
1328 530 1493 576 dimisit

244 620 359 650 euni.
388 604 596 648 Similiter
618 610 661 648 et
683 603 943 648 Rechabitas
979 603 1140 647 liberos
1163 604 1284 646 abire
1309 603 1489 647 dimisit.

247 679 369 722 Sedit
395 678 539 733 itaque
565 677 791 728 Jeremias‚
827 682 871 720 et
899 676 1067 719 Baruch
1111 676 1308 720 notarius
1331 676 1427 732 eius
1446 676 1492 719 in

243 752 387 797 medio
409 751 573 806 populi,
599 751 672 807 qui
694 750 872 794 relictus
890 749 1049 793 fuerat.
1074 748 1366 794 Nabuzardan
1391 761 1492 795 vero

242 825 347 866 abiit
388 824 431 869 in
475 823 753 880 Babylonem,
789 822 971 866 trahens
1002 833 1152 865 secum
1176 821 1491 877 captivitatem.

240 897 318 940 liic
345 896 424 939 suit
442 897 582 940 exitus
599 895 720 951 regni
741 893 1039 938 nebi-morum.
1074 892 1125 936 Et
1143 900 1369 950 regnatum
1405 900 1488 953 εει,

239 970 475 1015 secundum
495 968 747 1024 Iosephum,
774 967 819 1010 in
831 980 880 1011 eo
905 969 1030 1010 annis
1052 966 1300 1023 quingentis
1317 972 1361 1011 et
1383 978 1492 1022 qna-

239 1044 478 1087 tnordecim
506 1049 547 1086 ct
575 1043 800 1086 mensibus
824 1055 917 1086 sex.
943 1041 1095 1084 diebus
1125 1040 1292 1084 decem.
1325 1037 1491 1083 Semn-

239 1117 340 1158 ‹lum
367 1115 521 1157 librum
548 1127 653 1158 vero
693 1113 878 1170 Regum,
900 1126 986 1156 non
1012 1114 1138 1169 piene
1160 1111 1426 1169 quingentis,
1447 1115 1490 1154 et

236 1190 413 1234 fuerunt
436 1191 478 1232 in
498 1202 547 1233 eo
568 1202 689 1244 reges
714 1201 737 1230 a
755 1188 887 1231 David
911 1187 1058 1243 viginti
1083 1192 1126 1231 et
1143 1198 1273 1229 unus.
1298 1185 1364 1229 Ab
1386 1183 1491 1229 aedi-

236 1263 437 1306 ficatione
480 1274 581 1306 vero
621 1261 767 1316 templi
801 1260 1011 1306 fluxerant
1053 1258 1156 1302 anni
1183 1255 1489 1314 quadringenti

237 1335 509 1393 septuaginta
519 1342 560 1378 et
584 1346 753 1377 menses
773 1345 863 1383 sex,
888 1341 930 1376 et
946 1332 1040 1376 dies
1058 1328 1299 1376 decem.Ab
1310 1341 1489 1385 egressu

236 1415 379 1451 autem
394 1407 539 1463 populi
573 1406 627 1448 ab
662 1406 849 1462 AEgypto
876 1407 981 1448 anni
1015 1405 1151 1456 mille,
1185 1409 1228 1448 et
1264 1404 1490 1458 sexaginta

235 1483 342 1533 duo,
361 1490 402 1525 et
430 1493 602 1524 menses
628 1493 700 1524 sex
725 1486 766 1523 et
791 1479 884 1522 dies
908 1478 1075 1523 decem.
1114 1475 1310 1520 Fuerunt
1344 1483 1488 1520 autem

236 1557 280 1597 in
318 1555 478 1610 templo
498 1566 574 1610 per
599 1553 924 1596 successionem
949 1549 1200 1607 quindecim
1227 1552 1385 1594 summi
1417 1562 1489 1595 sa-

235 1627 435 1671 cerdotes
451 1660 463 1680 ,
489 1638 512 1669 a
538 1627 677 1682 primo
708 1625 864 1674 sadoc,
889 1636 1018 1681 quem
1052 1621 1242 1669 Instituit
1263 1624 1484 1675 Salomon,

236 1701 441 1757 usquead
463 1706 630 1758 patrem
652 1698 851 1752 Iosedec,
883 1709 1012 1754 quem
1059 1696 1278 1742 interiecit
1310 1710 1386 1744 rex
1406 1698 1487 1740 Ba-

233 1773 422 1826 hvlonis,

476 1848 580 1894 Can.
604 1848 751 1898 xcvi.
780 1847 843 1892 De
869 1856 1001 1893 morte
1025 1848 1224 1894 Sedeciae.

288 1921 425 1968 Porro
438 1921 840 1967 Nabuchodonosor
860 1935 958 1967 cum
995 1923 1202 1967 intrasset
1221 1921 1484 1978 Babylonem

234 2009 333 2040 cum
360 1997 595 2053 triumpho,
633 1997 834 2042 victimas
876 1997 1096 2041 solemnes
1139 1995 1378 2039 immolavit
1402 1993 1486 2037 diis

233 2071 344 2120 suis,
371 2075 414 2113 et
437 2069 737 2114 solemnizavit
760 2082 859 2128 cum
885 2069 1005 2115 omni
1030 2068 1189 2125 populo
1217 2067 1364 2112 decem
1390 2066 1485 2111 die-

233 2141 333 2184 bus.
351 2140 546 2197 Cumque
570 2141 874 2187 recumberent
907 2141 1158 2194 exhilarati,
1185 2140 1388 2197 praecepit
1411 2152 1489 2184 rex

235 2218 284 2256 ut
327 2212 618 2256 adduceretur
661 2210 866 2257 Sedecias
903 2211 947 2255 in
974 2212 1183 2263 medinm,
1206 2218 1248 2256 et
1268 2211 1403 2268 aliqui
1433 2211 1486 2255 de

233 2286 488 2330 cantoribus
531 2286 680 2342 templi
717 2298 815 2330 eum
855 2299 923 2338 eo,
961 2287 1036 2343 qui
1069 2287 1304 2344 psallerent
1336 2298 1483 2334 coram

234 2358 567 2404 convivantibus
591 2360 636 2405 in
667 2361 848 2404 musicis
873 2361 1191 2411 instrumentis,
1217 2365 1260 2405 et
1282 2366 1487 2407 canerent

233 2430 419 2487 hymnos
442 2432 495 2476 de
526 2432 709 2480 canticis
737 2431 858 2477 Sion.
894 2433 1103 2478 Bihebant
1127 2439 1271 2478 autem
1297 2433 1488 2481 convivae

233 2501 280 2544 in
302 2503 418 2547 vasis
431 2503 587 2550 domus
618 2502 806 2556 Domini,
827 2517 1012 2561 quorum
1031 2505 1228 2561 quaedam
1257 2503 1489 2550 Nabucho-

235 2576 428 2621 donosor
459 2577 734 2623 consecravit
770 2577 915 2630 idolis,
944 2580 1143 2634 quaedam
1171 2591 1272 2623 vero
1300 2561 1400 2622 sibi'
1418 2590 1488 2623 re·

237 2650 440 2698 servavit.
459 2649 657 2709 Cumque
692 2653 847 2697 darent
869 2652 1155 2708 psallentibus
1178 2657 1343 2708 potum,
1367 2652 1487 2696 clan-

236 2724 335 2767 culo
359 2725 561 2780 praecepit
599 2737 674 2769 rex
723 2732 770 2768 ut
799 2723 990 2768 Sedeciae
1011 2724 1189 2770 daretur
1215 2733 1344 2782 potus
1366 2725 1487 2768 laxa-

235 2798 369 2841 tivus.
411 2797 464 2840 Et
487 2810 633 2841 coram
655 2798 859 2842 omnihus
885 2798 1174 2855 ignominiose
1212 2798 1383 2843 laxatus
1400 2803 1484 2850 est,

235 2875 278 2919 et
301 2870 478 2914 irrisum
497 2870 763 2915 reduxerunt
780 2872 825 2916 in
846 2883 1084 2915 carcerem.
1104 2872 1186 2925 Qui
1215 2872 1353 2916 nimio
1378 2872 1486 2916 affii-

235 2951 333 2989 ctus
355 2944 519 2997 dolore,
541 2952 638 3000 post
662 2956 824 3000 paucos
846 2946 956 3004 dies,
986 2953 1186 2992 mortuus
1213 2952 1298 2991 est.
1333 2946 1384 2989 Et
1406 2958 1487 2993 au·

235 3015 361 3062 diens
374 3015 780 3063 'Nabuchodonosor
798 3030 975 3062 causam
1017 3019 1172 3062 mortis
1191 3019 1303 3075 ejus,
1334 3025 1484 3066 extra-

235 3091 344 3140 hens
361 3105 459 3137 eum
482 3092 536 3139 de
556 3104 746 3142 carcere,
770 3105 867 3136 cum
884 3093 1051 3140 honore
1073 3095 1190 3149 regio
1213 3093 1425 3151 sepelivit,

732 3163 984 3211 Invidentia.

304 3238 355 3283 ln
379 3239 533 3288 diebus
557 3237 746 3283 Sedeciae
780 3237 943 3283 sactum
983 3244 1050 3282 est
1079 3237 1382 3282 exterminium
1410 3250 1483 3283 re-

236 3311 307 3368 gni
348 3308 613 3361 Judaeorum,
645 3317 689 3354 et
730 3311 954 3354 exordium
997 3311 1148 3354 habuit
1172 3313 1321 3367 quinta
1358 3317 1480 3361 aetas,

1515 1233 1549 1278 B

1577 240 1836 296 quandoque
1860 237 2141 281 determinari
2175 245 2373 292 possunt.
2409 237 2488 280 Ubi
2524 250 2624 281 vei-o
2645 253 2731 282 non
2753 240 2826 283 iu·-

1574 317 1747 359 venitur
1785 312 2106 362 determinatio,
2148 312 2256 355 vitio
2292 314 2554 366 scriptorum
2601 313 2820 357 credimus
2875 357 2882 371 ,

1574 388 1657 433 hoc
1678 386 1908 435 accidisse,
1932 387 2006 441 qui
2032 386 2074 427 in
2099 385 2286 440 propriis
2306 384 2573 437 nominibus,
2599 391 2644 428 et
2676 397 2822 430 nume-

1575 460 1637 503 ris
1661 470 1773 514 saepe
1812 456 2037 500 falluntur.
2081 454 2293 506 Belicam,
2336 462 2376 498 et
2422 454 2647 499 Jeroboam
2693 456 2820 511 primi
2880 460 2885 514 J

1574 535 1949 587 conregnaverunt
1982 529 2108 572 annis
2145 520 2477 583 septemdecim,
2519 529 2626 571 alter
2661 530 2705 571 in
2741 527 2820 571 Ju-
2879 516 2885 544 ‘³

1573 604 1681 654 daea,
1723 603 1833 647 alter
1854 602 1896 645 in
1929 601 2077 646 lsrael.
2124 600 2227 643 Post
2252 600 2446 645 Roboam
2477 605 2607 656 coepit
2641 613 2823 655 regnare
2883 645 2884 650 ,

1572 676 1680 720 Abia
1701 676 1814 720 lilius
1840 675 1935 731 ejus
1966 674 2012 718 in
2053 671 2313 718 Jerusalem.
2365 673 2413 716 ln
2459 673 2628 718 decimo
2669 680 2824 719 octavo

1572 762 1685 794 anno
1700 749 1929 794 Jeroboam
1953 748 2029 806 qui
2054 748 2204 804 viginti
2222 754 2263 792 et
2281 747 2452 791 duobus
2477 749 2603 791 annis
2627 748 2823 804 regnavit

1572 821 1615 865 in
1642 821 1791 872 lsrael,
1818 821 2099 876 conregnavit
2122 819 2244 871 Abia,
2270 818 2498 863 Jeroboam
2524 820 2662 864 tribus
2694 820 2823 866 annis

1555 894 1685 954 ‚quod
1726 893 2040 949 synecdochice
2077 891 2242 935 (lictum
2288 899 2371 942 est,
2419 893 2500 936 hoc
2541 898 2606 935 cst
2649 892 2823 940 duobus
2882 918 2885 924 ·

1571 967 1715 1017 annis,
1736 975 1776 1010 et
1795 966 1940 1021 aliqua
1959 971 2081 1020 parte
2111 965 2248 1011 tertii.
2281 964 2354 1020 qui
2379 969 2473 1007 erat
2496 964 2729 1009 vicesimus
2750 963 2822 1009 Je-

1571 1042 1765 1085 roboam.
1792 1039 1846 1083 Et
1870 1040 1916 1084 in
1941 1040 2107 1096 reliqua
2139 1045 2263 1096 parte
2305 1040 2409 1082 anni
2451 1040 2646 1096 eiusdem
2689 1041 2822 1097 coepit

1570 1125 1751 1170 regnare
1767 1112 1851 1156 Asa
1875 1111 1990 1155 filius
2012 1111 2138 1164 Abia,
2166 1119 2208 1155 et
2231 1111 2518 1167 quadraginta
2538 1120 2581 1156 et
2606 1125 2689 1156 uno
2707 1125 2821 1157 anuo

1571 1187 1768 1243 regnavit
1791 1186 1832 1230 in
1858 1185 2113 1233 Jerusalem.
2146 1185 2271 1228 Anno
2294 1184 2488 1228 secundo
2521 1185 2608 1229 Asa
2628 1187 2823 1240 regnavit

1575 1261 1618 1305 in
1644 1259 1778 1304 Israel
1814 1258 1965 1303 Nadab
1995 1259 2107 1303 silius
2145 1257 2373 1303 Jeroboam
2404 1259 2572 1303 duobus
2597 1262 2737 1310 annis,
2779 1258 2838 1305 id*

1571 1339 1750 1376 estune
1790 1343 1923 1383 anno,
1956 1336 1999 1374 et
2035 1331 2178 1387 aliqua
2202 1338 2324 1386 parte
2366 1331 2467 1374 anni
2515 1333 2709 1383 secundi,
2746 1332 2822 1391 qui

1570 1402 1712 1447 adhuc
1733 1408 1829 1447 erat.
1846 1402 2005 1445 tertius
2033 1402 2138 1455 Asa,
2173 1408 2216 1446 et
2246 1401 2404 1446 occidit
2448 1415 2546 1446 eum
2590 1403 2744 1448 Baasa.
2770 1405 2822 1449 Et

1570 1476 1700 1531 coepit
1740 1487 1922 1531 regnare
1946 1476 1988 1518 in
2019 1474 2151 1520 lsrael
2182 1487 2261 1530 pro
2287 1487 2338 1518 eo
2363 1488 2478 1519 anno
2506 1477 2635 1520 tertio
2659 1477 2760 1529 Asa,
2780 1484 2824 1523 et

1568 1548 1764 1605 regnavit
1781 1549 1958 1605 triginta
1981 1554 2022 1591 et
2041 1555 2227 1604 quatuor
2248 1550 2390 1601 annis,
2406 1556 2644 1594 nontamen
2666 1551 2822 1607 plenis,

1568 1623 1667 1678 qnia
1704 1627 1807 1666 tunc
1827 1628 2052 1678 regnasset
2080 1634 2218 1678 usque
2241 1621 2293 1664 ad
2317 1623 2570 1666 vicesimum
2594 1625 2825 1679 septimum

1568 1710 1729 1741 annum
1740 1697 1842 1748 Asa,
1859 1698 1934 1741 sed
1948 1710 2032 1740 non
2050 1695 2241 1753 regnavit
2256 1696 2339 1740 nisi
2360 1697 2559 1752 usquead
2571 1698 2825 1752 vigesimum

1569 1780 1757 1817 sextum.
1771 1773 1876 1818 Heia
1892 1774 2052 1830 itaque,
2075 1771 2189 1815 iilius
2202 1771 2356 1822 Baasa.
2373 1774 2503 1829 coepit
2516 1786 2697 1830 regnare
2713 1775 2753 1817 in
2769 1771 2827 1818 ls-

1569 1849 1659 1893 rael
1676 1861 1791 1893 anno
1805 1848 2012 1892 vicesimo
2027 1854 2149 1892 sexto
2161 1847 2265 1901 Asa,
2279 1847 2451 1892 duobus
2465 1850 2590 1892 annis
2610 1850 2822 1905 regnavit,

1567 1925 1610 1968 id
1634 1929 1701 1968 est
1726 1936 1814 1968 uno
1846 1935 1976 1974 anno,
2016 1928 2059 1966 et
2081 1922 2226 1979 aliqua
2249 1927 2373 1978 parte
2401 1920 2721 1968 secundi-anni,
2748 1922 2824 1975 qui

1568 2003 1659 2042 erat
1705 1997 1941 2050 vicesimus
1990 1998 2204 2053 septimus
2244 1996 2348 2048 Asa,
2378 1997 2482 2040 etin
2513 1996 2663 2040 eodem
2707 2009 2824 2042 anno

1570 2071 1715 2114 Zamri
1755 2069 1978 2114 interfecit
2004 2069 2126 2118 Hela,
2159 2075 2202 2113 ct
2222 2070 2420 2125 regnavit
2445 2083 2522 2126 pro
2567 2081 2619 2112 eo
2659 2073 2824 2125 septem

1567 2144 1736 2188 diebus.
1762 2143 1856 2195 Quo
1878 2148 2051 2186 mortno
2073 2133 2240 2186 divisus
2262 2150 2327 2186 est
2346 2142 2550 2198 populus.
2580 2141 2687 2186 Pars
2708 2155 2825 2198 (μνω-

1569 2218 1667 2262 dam
1710 2217 1973 2273 sequebatur
1997 2215 2182 2266 Thebni‚
2215 2216 2350 2258 altera
2399 2216 2661 2271 sequebatur
2685 2215 2820 2267 Amri,

1568 2297 1611 2335 et
1629 2290 1855 2347 praevalu't
1892 2291 2029 2341 Auni,
2065 2297 2108 2333 et
2137 2290 2331 2345 regnavit
2356 2288 2586 2332 duodecim
2627 2290 2755 2332 annis
2778 2290 2822 2332 in

1570 2362 1719 2409 lsrael.
1738 2362 1814 2406 llic
1840 2361 2077 2406 notandum
2102 2367 2185 2413 est,
2211 2360 2326 2418 quod
2359 2361 2582 2405 contentio
2603 2361 2657 2405 de
2686 2373 2821 2418 regno

1570 2439 1682 2481 inter
1707 2437 1825 2480 Aniri
1875 2442 1918 2480 et
1953 2435 2119 2479 'l'hehni
2146 2435 2314 2479 dinavit
2359 2449 2436 2492 per
2463 2443 2550 2479 tres
2595 2447 2752 2487 annos,
2780 2441 2823 2479 ct

1571 2513 1701 2562 ultra,
1729 2512 1832 2568 quia
1857 2510 2003 2554 statim
2025 2509 2130 2553 dicit
2151 2509 2392 2566 Scriptura,
2414 2508 2529 2565 quod
2555 2507 2672 2551 Ami-i
2692 2508 2823 2564 coepit

1567 2597 1751 2640 regnare
1804 2584 2030 2639 trigesimo
2058 2595 2144 2626 uno
2191 2594 2306 2627 anuo
2343 2581 2662 2638 regniAsa..Si
2706 2582 2821 2627 enim

1568 2665 1741 2703 mortuo
1763 2655 1926 2707 Zamri,
1958 2657 2104 2700 statim
2129 2656 2332 2711 coepisset
2352 2666 2535 2712 regnare
2565 2654 2701 2705 Anu-i,
2723 2667 2820 2699 cum

1569 2731 1859 2784 electusl'uit,
1891 2743 1994 2787 ergo
2027 2742 2210 2787 regnare
2236 2729 2439 2786 coepisset
2463 2730 2667 2775 vicesimo
2685 2728 2822 2786 septi·

1568 2817 1640 2853 mo
1657 2817 1789 2856 anno,
1816 2804 1886 2848 vel
1912 2810 2065 2847 octavo
2084 2803 2204 2860 regni
2226 2803 2326 2848 Asa.
2347 2801 2820 2860 Verumtamen'postea

1567 2879 1674 2925 dicit
1701 2877 1944 2935 Scriptura,
1974 2890 2071 2921 eum
2117 2879 2302 2934 etr-pisse
2336 2889 2518 2933 regnare
2539 2877 2582 2920 in
2606 2877 2689 2922 hoc
2705 2889 2823 2922 anno

1567 2965 1657 2998 suae
1674 2952 1916 3003 electionis,
1935 2963 2033 2995 cum
2058 2951 2162 2994 dicit
2188 2952 2326 2994 tilium
2352 2952 2448 3007 eJ‘us
2467 2952 2618 2996 Achab
2634 2952 2822 3008 coepisso

1567 3037 1750 3082 regnare
1799 3024 2013 3070 vicesimo
2063 3030 2218 3069 octavo
2274 3036 2389 3069 anno
2437 3027 2557 3082 regni
2611 3026 2710 3068 Asa.
2771 3023 2818 3068 Si

1567 3099 1685 3145 enim
1716 3098 1945 3142 duodecim
1992 3098 2119 3142 annis
2145 3099 2341 3154 regnavit
2359 3098 2496 3150 Amri,
2525 3103 2568 3142 ct
2602 3098 2819 3143 inchoavit

1565 3183 1747 3230 regnare
1777 3171 1989 3216 vicesimo
2044 3173 2184 3227 primo
2223 3171 2326 3223 Asa,
2384 3179 2426 3216 et
2453 3172 2538 3216 Asa
2592 3185 2678 3216 nnn
2732 3171 2819 3216 nisi

1566 3246 1852 3303 quadraginta
1878 3251 1920 3287 et
1937 3258 2024 3289 uno
2050 3256 2166 3289 anno
2191 3245 2402 3302 regnavit,
2436 3246 2575 3301 palam
2605 3252 2671 3290 est
2701 3244 2817 3303 quod

1567 3318 1688 3362 Amri
1717 3319 1953 3375 supervixit
1977 3317 2061 3362 Asa
2102 3330 2178 3374 per
2230 3331 2362 3361 unum
2387 3331 2565 3364 annum.
2592 3318 2818 3372 Quomodo

236 3382 363 3437 ‘'UJ'US
406 3394 520 3425 ”¹¹⁰⁰
543 3381 735 3427 secundo
763 3381 874 3425 sacia
900 3388 967 3426 ⁰5¹
990 3383 1095 3427 SORS
1124 3382 1326 3435 desectio,
1353 3396 1479 3439 (luam
1509 3407 1544 3451 D
1566 3404 1670 3448 ergo
1712 3391 1861 3435 Achab
1919 3390 2156 3435 succedens
2207 3391 2320 3446 patri
2371 3392 2588 3436 inchoavit
2634 3403 2818 3448 regnare

237 3453 395 3500 Thales
418 3454 612 3500 Milesius
646 3455 904 3511 praedixerat
943 3456 985 3499 in
1024 3457 1176 3499 diebus
1202 3456 1482 3512 captivitatis.

236 3523 530 3570 Romanorum
562 3534 712 3572 sextus
750 3539 826 3571 rex
877 3526 1071 3576 Servius.
1117 3529 1275 3573 nobilis
1306 3530 1487 3585 captivae

237 3597 374 3652 filius,
398 3607 487 3644 tres
507 3607 676 3645 montes
691 3600 799 3645 Urbi
823 3601 1005 3652 addidit,
1032 3601 1321 3654 Quirinalem,
1348 3601 1486 3646 Vimi-

237 3674 396 3727 nalem,
422 3673 690 3730 Aquilinum.
713 3674 874 3721 Fossae
908 3676 1026 3719 circa
1052 3689 1202 3720 muros
1220 3677 1357 3728 duxit,
1383 3689 1487 3721 cen-

238 3758 317 3792 sus
336 3746 629 3793 Romanorum
655 3750 813 3794 civium
838 3750 1028 3806 primum
1052 3751 1258 3796 instituit.
1293 3750 1484 3795 Tandem

238 3821 411 3867 occisus
433 3830 497 3866 est
520 3835 544 3867 a
562 3822 799 3879 Tarquinio
838 3823 1034 3880 Superbo
1055 3857 1066 3873 .
1095 3823 1234 3869 Prisci
1259 3824 1485 3881 Tarquinii

238 3893 344 3944 silio.
384 3894 446 3939 Eo
485 3901 680 3950 tempore
722 3897 838 3951 apud
864 3896 1038 3942 Graecos
1067 3903 1233 3953 septem
1268 3898 1485 3954 sapientes

239 3974 343 4012 sunt
363 3969 580 4025 appellati.
602 3967 651 4012 ‘ln
675 3969 757 4013 hoc
778 3970 875 4014 loco
906 3971 1082 4026 dignum
1117 3971 1324 4014 duximus
1346 3973 1484 4016 inter-

239 4054 401 4098 ponere
414 4043 747 4086 contrarietates
778 4043 832 4085 de
854 4043 1086 4087 collatione
1104 4055 1317 4087 antimum
1336 4057 1484 4099 regum

208 4146 211 4147 γ
238 4113 350 4158 luda
372 4119 415 4158 et
453 4126 603 4170 regum
635 4113 784 4167 lsrael,
814 4121 857 4159 et
885 4115 1270 4162 determinationes
1316 4128 1483 4170 earum,

239 4199 336 4243 qnae
354 4187 480 4230 nobis
503 4195 804 4242 occurrerunt,
829 4193 878 4232 ut
893 4188 1067 4232 tandem
1091 4201 1242 4234 earum
1259 4189 1485 4233 historiam

243 4260 485 4316 expeditius
509 4273 824 4316 prosequamur

419 4331 526 4379 Car.
551 4332 713 4379 xtvtl.
739 4333 910 4378 Sedatio
927 4337 1288 4381 contrarietatum.

302 4403 346 4457 ll!
371 4403 483 4455 libro
512 4404 673 4466 Regum
692 4413 919 4471 emergunt
942 4409 1276 4457 contrarietates
1309 4408 1361 4455 de
1391 4409 1484 4454 cal·

1566 3464 1787 3522 trigesimo
1811 3469 1962 3509 octavo
1993 3475 2107 3508 anno
2167 3465 2289 3519 regni
2324 3462 2407 3508 Asa
2427 3465 2444 3506 ἱ)
2463 3463 2578 3520 qnod
2618 3465 2682 3508 sic
2707 3464 2817 3509 solvi

1566 3542 1711 3592 potest
1754 3550 1766 3581 ε
1815 3535 1997 3589 Quando
2031 3534 2258 3592 Scriptura
2305 3536 2411 3580 dicit
2463 3538 2583 3582 Amri
2630 3539 2819 3594 coepisse

1565 3622 1748 3665 regnare
1784 3610 2007 3666 trigesimo
2045 3611 2184 3666 primo
2214 3623 2328 3654 anno
2360 3611 2461 3656 Asa.
2493 3612 2816 3668 intelligendum

1566 3690 1649 3736 est,
1673 3684 1772 3739 quia
1799 3689 1902 3727 tunc
1933 3685 2069 3735 solus,
2098 3689 2141 3727 et
2180 3696 2310 3740 super
2337 3690 2471 3727 totum
2491 3684 2620 3728 Israel
2647 3691 2818 3730 mortuo

1567 3755 1734 3799 Thebni
1757 3755 1888 3811 coepit
1905 3769 2102 3812 regnare.
2127 3755 2309 3808 Quando
2327 3761 2470 3799 autem
2491 3756 2818 3812 dicits-egnasse

1566 3839 1664 3870 eum
1688 3825 2045 3882 vigintiduobus,
2074 3827 2181 3870 alias
2210 3826 2436 3870 duodecim
2472 3826 2613 3879 annis,
2648 3838 2672 3870 a
2702 3828 2817 3871 vice-

1568 3902 1678 3944 simo
1701 3906 1856 3947 octavo
1880 3912 1995 3944 anno
2020 3901 2104 3945 Asa
2127 3908 2341 3950 numerat,
2365 3899 2540 3955 quando
2562 3898 2694 3944 lsrael
2715 3911 2816 3944 eum

1565 3974 1692 4029 elegit
1714 3974 1758 4018 in
1780 3986 1942 4031 regem,
1965 3973 2087 4026 Quod
2112 3979 2279 4029 tempus
2306 3974 2566 4025 extenditur,
2588 3986 2726 4030 usque
2761 3973 2816 4018 ad

1567 4048 1818 4093 vicesimum
1834 4054 2032 4094 octavum
2052 4060 2212 4091 annum
2228 4048 2346 4103 regni
2363 4048 2464 4098 Asa,
2479 4047 2651 4103 quando
2668 4046 2816 4090 Achab

1565 4132 1748 4175 regnare
1781 4122 1925 4175 coepit.
1958 4118 2070 4163 Huic
2108 4119 2332 4163 sententiae
2371 4130 2555 4175 sequens
2589 4117 2813 4175 Scriptura
2881 4159 2897 4164 ,.

1565 4198 1794 4243 consonat,
1818 4205 1915 4248 quae
1943 4198 2092 4236 narrat
2119 4191 2327 4248 Josaphat
2362 4192 2494 4237 tilium
2519 4191 2606 4235 Asa
2636 4202 2815 4247 regnare
2888 4224 2890 4228 -

1565 4266 1751 4322 coepisse
1772 4271 1929 4322 quarto
1959 4277 2073 4309 anno
2095 4265 2212 4320 regni
2249 4264 2415 4314 Achab,
2439 4265 2511 4319 qni
2539 4263 2618 4307 suit
2637 4265 2813 4310 ultimus

1566 4338 1666 4389 Asa,
1693 4338 2052 4395 quadragesimus
2070 4338 2236 4385 scilieet
2252 4338 2433 4393 primus.
2457 4335 2592 4381 Porro
2608 4335 2814 4393 Josaphat

1560 4413 1760 4475 regnavit
1792 4413 1836 4458 in
1857 4411 2094 4458 Jerusalem
2117 4411 2267 4471 viginti
2293 4411 2483 4470 quinque
2519 4410 2660 4463 annis,
2687 4410 2813 4467 cujus,
