2924 4588
321 140 432 186 1519

297 289 383 351 'vit
408 312 552 347 arcem
572 293 1075 347 &contaminationibuffi
1095 300 1138 337 et
1158 290 1335 335 intravit
1351 296 1448 334 eam
1471 299 1571 332 cum

323 374 501 419 musicis
526 369 845 419 instrumentis,
877 366 1050 423 hymnis
1080 370 1122 408 et
1149 362 1283 407 ramis
1314 361 1571 416 palmarum,

322 454 514 492 statuens
549 450 598 486 ut
631 441 835 486 omnibus
864 438 991 482 aunis
1013 441 1213 492 ageretur
1235 434 1330 477 haee
1354 434 1447 477 dics
1474 439 1573 476 cum

322 518 506 563 laeti'tia'.
524 516 577 559 Et
602 514 709 558 ndu
728 512 875 556 Simon
897 508 1111 554 «ioannem
1131 508 1265 551 tilium
1288 517 1432 555 suum,
1457 503 1575 560 quod

322 592 389 634 vir
412 595 527 633 esset
548 586 701 643 praelii.
720 584 772 628 Et
787 583 934 638 posuit
955 587 1055 625 eum
1078 580 1160 624 sub
1185 591 1231 624 se
1249 578 1420 628 ducem,
1441 582 1484 620 et
1497 575 1576 619 de·-

323 664 385 707 dit
402 662 442 706 ei
466 661 627 704 Gazam
649 658 704 703 ad
722 655 1025 701 habitandum.
1050 652 1175 696 Tunc
1202 648 1479 707 congregavit
1498 658 1576 692 rex

322 734 567 781 Demetrius
589 731 847 783 exercitum,
890 734 935 772 et
978 726 1158 770 intravit
1186 723 1367 769 Mediam
1392 723 1447 766 ad
1475 732 1578 765 con·

321 805 532 851 trahenda
558 805 640 850 sibi
662 802 840 853 auxilia,
873 806 920 844 ut
940 800 1206 855 expugnaret
1237 794 1512 859 Tryphonem
1532 793 1578 850 (Ι

326 878 519 924 Machab.
546 877 653 933 xiv).
682 875 766 919 Sed
787 874 989 924 Arsaces,
1004 885 1081 916 rex
1102 870 1296 915 Persidis
1334 874 1375 912 ct
1411 863 1575 919 Mediae,

322 955 443 998 misit
466 963 601 995 unum
634 949 688 994 de
733 943 1008 1004 principibus
1031 946 1143 997 suis,
1171 943 1250 1000 ‘qui
1271 941 1491 998 percussit
1502 951 1580 984 ca-

324 1034 417 1071 stra
447 1021 669 1074 Demetrii,
694 1027 736 1065 et
761 1010 1088 1075 comprehendit
1109 1028 1209 1061 eum
1231 1018 1393 1064 vivum,
1434 1018 1476 1058 et
1506 1024 1581 1069 po-

324 1102 411 1144 suit
452 1109 552 1142 cum
591 1096 779 1140 Arsaces
816 1094 863 1136 in
900 1091 1161 1136 custodiam.
1199 1102 1215 1130 ι
1244 1085 1296 1132 Et
1320 1089 1439 1133 siluit
1462 1085 1580 1129 terr'a

324 1172 435 1216 suda
459 1171 502 1215 in
531 1169 684 1214 diebus
698 1163 904 1219 Simonis,
934 1179 950 1206 ι
973 1165 1047 1220 qui
1071 1163 1172 1208 fecit
1205 1162 1287 1207 'sibi
1314 1160 1494 1217 Joppem
1534 1159 1580 1203 in

326 1250 516 1302 portum,
542 1248 584 1286 et
600 1239 826 1285 introitum
849 1237 896 1282 in
917 1236 1072 1281 insulis
1088 1239 1243 1279 maris.
1264 1237 1284 1275 ἰ
1315 1233 1369 1278 Ει
1386 1233 1580 1277 dilatavit

324 1320 433 1362 lines
457 1316 597 1373 gentis
619 1325 724 1365 suae,
749 1318 792 1357 et
826 1312 1006 1356 abstulit
1027 1308 1365 1359 immunditiam,
1394 1312 1438 1351 et
1467 1305 1580 1352 sedit
1604 1281 1641 1329 B
1660 1306 1872 1351 lescentia
1909 1318 2050 1363 usque
2083 1306 2129 1350 in
2155 1306 2272 1350 hunc
2295 1306 2426 1351 diem.
2459 1304 2584 1352 Nunc
2606 1318 2750 1354 autem
2772 1308 2896 1357 senui

326 1391 627 1446 unusquisque
650 1387 731 1432 sub
754 1387 841 1430 vite
872 1397 969 1437 sua,
995 1388 1037 1428 et
1059 1383 1142 1428 sub
1162 1382 1248 1425 ficu
1271 1393 1368 1433 sua,
1392 1387 1473 1424 nc'c
1489 1385 1584 1423 erat

324 1465 399 1520 qui
423 1475 499 1507 eos
514 1462 728 1506 terreret.
753 1476 767 1502 ›
789 1457 844 1502 Et
866 1458 985 1502 misit
1008 1456 1159 1500 Simon
1187 1455 1244 1499 ad
1263 1452 1505 1511 Spartiata's
1528 1454 1583 1497 ad

326 1536 618 1581 innovandam
648 1532 978 1576 fraternitatem.
1023 1527 1233 1572 Romanis
1265 1534 1438 1584 quoque
1464 1527 1584 1571 misit

326 1610 525 1665 elypeum
560 1617 739 1649 aureum
763 1615 989 1647 menarum
1019 1602 1152 1653 mille,
1181 1605 1224 1645 et
1257 1600 1505 1645 statuerunt
1541 1601 1583 1644 ei

324 1678 511 1723 Romani
532 1678 793 1726 libertatem,
840 1681 884 1718 et
912 1674 1184 1730 scripserunt
1205 1672 1250 1716 in
1275 1672 1435 1716 tabulis
1458 1673 1582 1716 aereis

325 1751 468 1796 soedus
488 1782 498 1802 ,
526 1762 620 1804 quae
650 1750 800 1804 positae
830 1753 930 1792 sunt
958 1748 1002 1790 in
1028 1747 1168 1790 titulis
1198 1745 1244 1789 in
1278 1752 1427 1791 monte
1459 1745 1580 1791 Sion.

383 1824 574 1868 ‘Additio
601 1825 641 1867 l.
669 1822 720 1865 Et
747 1822 811 1866 sic
840 1822 923 1865 tria
949 1821 1058 1865 festa
1081 1821 1266 1880 legimus
1288 1821 1334 1865 in
1357 1821 1470 1866 libro
1492 1820 1583 1864 Ma-

327 1898 604 1941 chnbaeorum
633 1895 856 1939 :Primum
898 1895 1055 1938 festum
1097 1894 1392 1939 mundationis
1416 1895 1581 1951 tempii,

327 1972 380 2015 de
397 1982 483 2027 quo
513 1981 660 2025 supra,
679 1980 775 2024 cap.
801 1969 844 2020 5,
871 1967 1155 2024 Toties'iqitur
1171 1969 1306 2012 victis.
1334 1966 1581 2012 Secundum

327 2045 425 2096 fuit,
446 2043 590 2087 occiso
612 2042 839 2093 Nicanore,
863 2042 917 2085 de
937 2054 1024 2097 quo
1042 2053 1191 2096 supra,
1213 2042 1310 2098 cap.
1333 2039 1372 2094 6,
1397 2039 1460 2084 Eo
1478 2048 1582 2084 tem-

326 2131 440 2173 pore.
468 2115 664 2161 Tertium
696 2115 830 2157 hahes
849 2115 919 2157 liic
947 2126 956 2154 :
984 2116 1149 2158 nullum
1179 2117 1323 2158 tamen
1343 2113 1584 2158 ho‘rut'n'le-

329 2191 422 2247 gale
446 2190 543 2233 fuit.

495 2262 598 2307 Car.
619 2260 729 2306 xiv.
758 2261 817 2304 De
838 2261 1043 2305 Antiocho
1071 2261 1270 2306 Demetrii
1294 2263 1403 2319 filio.

384 2334 445 2379 Eo
472 2342 665 2390 tempore
698 2335 830 2378 exivit
857 2333 1114 2386 Antiochus,
1150 2334 1265 2379 filius
1286 2334 1511 2386 Demetrii,
1538 2335 1581 2378 in
1602 2352 1640 2400 ῃ

327 2415 488 2453 terram
513 2415 682 2464 patrum
704 2419 899 2459 suorum,
925 2413 967 2450 et
989 2413 1284 2452 convenerunt
1302 2407 1470 2453 adeum
1489 2419 1584 2451 om-

329 2483 399 2526 nis
420 2482 655 2532 exercitus,
685 2482 741 2523 ita
767 2489 813 2523 ut
838 2481 963 2536 pauci
986 2486 1132 2524 essent
1155 2493 1254 2524 cum
1283 2479 1514 2538 Tryphone
1538 2481 1580 2538 (1

329 2554 526 2597 Maclmb.
551 2554 638 2610 xv).
661 2551 714 2595 Et
737 2553 911 2607 scripsit
935 2553 1175 2597 Antiochus
1201 2552 1384 2605 Simoni,
1409 2559 1451 2597 et
1463 2554 1580 2609 genti

327 2626 575 2670 ludaeorum
598 2624 747 2669 dicens
774 2637 785 2666 :
813 2642 829 2667 ‹
856 2623 1008 2669 Statuo
1045 2625 1168 2670 vobis
1208 2626 1353 2669 omnia
1377 2637 1580 2680 quaecun-

327 2712 413 2755 que
446 2699 709 2741 remiserunt
742 2697 866 2741 vobis
889 2709 1014 2753 reges
1037 2703 1138 2741 ante
1160 2702 1245 2747 me,
1289 2704 1332 2740 et
1374 2698 1582 2753 permitto

326 2772 450 2816 vobis
474 2771 614 2814 facere
637 2782 941 2826 percussuram
961 2770 1124 2826 proprii
1148 2770 1426 2815 numismatis
1450 2769 1495 2815 ln
1512 2781 1582 2816 re-

328 2846 454 2901 gione
479 2850 638 2888 vestra.
683 2844 876 2900 Cumque
895 2844 1125 2888 obtinuero
1150 2856 1346 2899 regnum,
1382 2845 1582 2902 magnili-

325 2918 436 2961 cabo
465 2923 634 2974 gentem
653 2925 858 2969 vestram,
879 2924 921 2961 et
945 2917 1150 2973 ternplum
1176 2919 1218 2960 in
1243 2917 1382 2974 gloria
1407 2929 1577 2974 magna.

325 2990 464 3034 Porro
508 2990 715 3047 Tryphon
755 2988 923 3044 fugiens
963 2990 1221 3034 Antiochum
1262 3003 1339 3046 per
1364 2991 1581 3034 maritima

327 3061 489 3117 recepit
526 3074 572 3106 sc
613 3062 658 3103 in
690 3059 858 3106 Doram.
904 3061 955 3104 Et
974 3062 1196 3106 insecutus
1218 3069 1400 3107 csteum
1430 3062 1581 3107 Antio-

327 3134 454 3184 chus,
488 3141 531 3176 et
555 3135 724 3178 obsedit
753 3135 971 3177 civitatem
1000 3140 1114 3178 terra
1153 3142 1194 3178 et
1219 3137 1346 3179 mari.
1381 3134 1450 3178 'Eo
1472 3141 1581 3179 tem-

327 3219 432 3262 pore
465 3206 627 3252 Lucius
660 3209 814 3252 consul
839 3207 1137 3251 Romanorum
1182 3209 1358 3264 scripsit
1384 3209 1576 3265 regibus.

327 3284 371 3323 et
400 3280 648 3335 regionibus
685 3281 741 3334 in⁸
763 3279 955 3331 Oriente,
980 3294 1033 3324 ne
1056 3280 1266 3324 inferrent
1288 3282 1399 3324 mala
1419 3280 1579 3325 Judaeis

328 3351 480 3395 amicis
523 3352 631 3402 suis,
669 3364 750 3395 nec
773 3365 899 3408 opem
927 3351 1089 3396 scri-ent
1115 3352 1414 3406 inserentibus,
1443 3355 1516 3399 scd
1540 3356 1579 3400 si

325 3423 401 3478 qui
426 3425 676 3478 pestilentes
712 3437 764 3469 ex
789 3423 950 3469 Iudaeis
985 3425 1267 3483 confligerent
1298 3425 1352 3470 ad
1372 3439 1463 3479 eos,
1487 3434 1577 3471 tra·
1603 3426 1867 3496 „jugulavit
1916 3430 1993 3488 ¹[al.
2040 3433 2312 3493 vinculavit}
2352 3435 2406 3480 Et
2451 3441 2627 3496 scripsit
2696 3441 2879 3489 Antiocli
2909 3487 2911 3497 ὲ

326 3496 477 3541 derent
499 3509 574 3541 eos
597 3498 762 3541 Simoni
783 3499 967 3555 principi
989 3500 1276 3551 sacerdotum,
1318 3507 1365 3544 ut
1382 3500 1578 3547 vindica-

325 3574 393 3612 ret
416 3569 459 3612 in
478 3581 569 3621 eos,
597 3570 836 3614 secundum
856 3572 992 3627 legem
1007 3584 1144 3616 suam.
1169 3572 1409 3618 Antiochus
1432 3585 1575 3619 autem

325 3650 402 3681 rex
423 3638 590 3682 obsedit
617 3637 773 3683 Duram
809 3640 1016 3692 secundo,
1054 3647 1097 3686 et
1131 3642 1344 3688 conclusit
1378 3643 1575 3702 Trypho·

326 3720 422 3751 nem
440 3720 494 3751 ne
515 3710 781 3763 procederet.
804 3710 855 3754 Et
879 3714 997 3757 misit
1019 3715 1059 3758 ei
1083 3714 1229 3758 Simon
1253 3716 1339 3759 duo
1354 3718 1488 3762 millia
1514 3720 1579 3762 vi-

325 3789 473 3821 rorum
501 3780 545 3822 in
569 3781 791 3834 auxilium,
818 3791 860 3827 et
880 3792 1122 3841 argentum,
1149 3793 1377 3840 etam-um,
1402 3798 1443 3834 et
1471 3803 1575 3835 vasa

327 3848 518 3903 eopiosa.
545 3851 626 3903 Qui
652 3854 790 3896 noluit
814 3867 864 3898 ea
888 3860 1099 3912 accipere,
1128 3858 1203 3902 sed
1227 3859 1352 3916 fregit
1378 3862 1572 3916 pactum,

326 3918 622 3977 quodsecerat
649 3937 745 3968 eum
765 3940 832 3979 eo,
859 3934 901 3972 et
937 3932 1054 3974 misit
1080 3933 1133 3975 ad
1152 3945 1248 3976 cum
1267 3932 1573 3989 Athenobium,

325 3991 536 4039 mandans
549 3996 605 4047 ei,
631 4003 675 4039 ut
695 3998 890 4043 redderet
914 4003 949 4044 ei
975 4015 1135 4054 arcem,
1154 4017 1250 4060 quae
1261 4013 1327 4052 est
1345 4007 1388 4051 in
1407 4007 1579 4054 Jerusa-

328 4064 430 4117 lem,
450 4071 493 4110 et
515 4066 710 4124 Joppem,
732 4076 774 4115 et
795 4072 970 4128 Gazam,
992 4082 1035 4120 et
1058 4078 1219 4123 tributa
1242 4079 1453 4134 locorum,
1479 4082 1576 4138 qui·

327 4135 410 4181 bus
429 4137 676 4185 dominatus
692 4141 857 4199 fuerat3
883 4146 1073 4204 atioquin
1089 4152 1269 4204 veniret,
1295 4159 1338 4197 et
1359 4166 1575 4212 expugna·

326 4211 396 4253 ret
414 4219 530 4253 eum.
562 4209 614 4253 Et
646 4212 752 4257 vidit
773 4214 1041 4264 Athenobius
1067 4220 1110 4264 in
1129 4219 1366 4267 Jerusalem
1389 4224 1571 4281 gloriam

1322 119 1488 169 PETRI
1516 117 1868 167 coMEs'roms

322 236 514 284 dextras,
538 232 583 274 et
605 226 722 273 dedit
743 225 846 279 illis,
873 232 915 268 et
937 222 1059 277 ejecit
1081 231 1157 265 eos
1180 217 1297 270 inde,
1324 222 1366 262 et
1387 215 1571 259 munda-
1596 218 1627 261 Α
1652 212 1862 264 Simonis,
1900 210 1943 254 εἰ
1964 215 2219 266 apparatum
2240 208 2483 266 copiosum,
2507 217 2550 256 et
2575 211 2832 257 affluentiam
2858 215 2892 259 i

1650 4157 1710 4201 'Et
1754 4158 1896 4229 [act-us
1936 4166 2003 4205 est
2038 4163 2258 4220 princeps,
2285 4168 2561 4216 sacerdotum
2601 4178 2701 4229 post
2736 4170 2903 4231 pau-eui

2790 103 2913 167 1520*

1654 291 1760 328 auro
1782 289 1826 328 et
1845 288 2043 339 argento,
2069 286 2111 324 et
2134 280 2372 336 obstupuit.
2398 280 2452 325 Et
2475 284 2698 339 respoudit
2721 279 2871 330 Simon
2890 320 2906 333 .

1659 374 1673 399 ‹
1696 357 1874 400 Terram
1896 355 2080 398 alienam
2102 365 2190 396 nun
2205 354 2491 409 sumpsimus,
2514 356 2592 400 sed
2614 357 2862 404 haereditate
2890 373 2908 397 ι·

1653 440 1824 489 patrum
1861 436 2130 479 nostrornm,
2157 439 2252 483 qnae
2278 427 2441 484 injuste
2461 429 2517 473 ab
2533 430 2724 476 inimicis
2744 433 2917 476 nostr?

1655 504 1803 560 aliquo
1821 508 2015 558 tempore
2034 502 2238 558 possessa
2264 509 2344 546 est.
2375 516 2390 542 ι
2416 501 2618 564 Ειῐεᾶίἰῑ
2640 503 2914 550 Athenobiu

1656 578 1711 621 ad
1741 582 1902 634 regem,
1935 582 1977 620 et
2005 574 2271 621 renuntiavit
2293 576 2335 619 ei
2358 575 2488 620 verba
2515 576 2722 630 Simonis,
2756 585 2796 621 et
2829 597 2837 629 ¹.
2871 597 2878 617 ι
2907 566 2916 600 Ῑ

1653 650 1767 693 'riam
1792 649 1904 706 ejus.
1931 648 1982 692 Et
2007 649 2147 694 iratus
2167 655 2232 694 est
2262 654 2338 694 rex
2361 649 2425 693 ira
2440 661 2617 706 magna.
2638 649 2776 696 Porro
2798 650 2887 710 Try
2909 685 2917 701 2

1654 724 1773 771 phou
1792 723 1899 779 sugit
1922 724 2090 780 navigio
2111 722 2157 767 in
2178 721 2455 768 orthosiada.
2481 722 2571 767 Rex
2595 730 2740 769 autem
2765 737 2819 782 ps
2850 744 2854 762 ff
2911 743 2921 788 3

1655 804 1797 850 quens
1833 793 2127 852 Try-ptionem
2170 794 2399 840 constituit
2433 794 2720 842 Cendebacum
2757 797 2858 843 duc

1658 869 1942 920 maritimum,
1969 873 2014 912 et
2035 869 2214 924 reliquit
2231 869 2271 912 ei
2293 868 2550 920 exercitum,
2575 877 2622 913 ut
2649 875 2846 928 expugna

1658 939 1830 984 ludam.
1877 939 1931 983 Et
1971 940 2202 985 'aedificavit
2228 941 2498 986 cendebaeus
2527 941 2755 998 chorem·‚
2778 944 2921 989 coll

1660 1024 1766 1058 cans
1784 1014 1827 1057 in
1843 1025 1894 1058 ea
1914 1013 2096 1063 milites,
2127 1018 2174 1056 ut
2204 1021 2428 1058 vastarent
2454 1014 2560 1059 fines
2591 1013 2766 1062 Judaeae.
2790 1015 2844 1070 Q
2869 1038 2875 1054 ι
2897 1043 2899 1046 .

1659 1099 1759 1131 cum
1776 1087 2023 1144 accepisset
2044 1085 2199 1131 Simon
2237 1088 2408 1131 vvocavit
2430 1089 2540 1134 duos
2566 1090 2680 1135 filios
2710 1102 2815 1137 suos
2855 1124 2861 1129 x
2908 1087 2910 1091 '

1659 1161 1824 1212 mores,
1865 1159 2021 1204 {udam
2045 1166 2089 1204 et
2116 1158 2348 1205 loannem.
2382 1161 2437 1209 Et
2462 1163 2520 1205 ait
2542 1162 2629 1206 illis
2654 1179 2667 1207 ι
2699 1177 2714 1204 c
2743 1162 2851 1222 Ego,

1661 1237 1705 1277 et
1740 1230 1899 1276 fratres
1920 1233 2006 1276 mei
2021 1233 2367 1290 expugnavimus
2386 1234 2535 1279 hostes
2559 1232 2708 1287 lsrael,
2732 1235 2788 1280 ab
2810 1235 2924 1297 ado-gt

1662 1380 1739 1424 sed
1767 1383 1908 1424 estote
1929 1380 2024 1424 l'oco
2041 1383 2142 1433 mei,
2164 1387 2211 1424 et
2240 1388 2484 1438 expugnate
2507 1392 2585 1439 pro
2605 1390 2732 1441 gente
2752 1339 2924 1476 vesti-aq

1661 1449 1882 1497 Auxilium
1901 1461 2005 1498 vero
2027 1453 2081 1497 de
2104 1454 2220 1498 coelo
2255 1454 2480 1499 vobiscum
2500 1455 2573 1500 sit.
2606 1470 2623 1499 ι
2651 1454 2693 1513 (1
2716 1447 2924 1506 Maenuba

1662 1525 1771 1582 xvi.)
1808 1525 1859 1569 Et
1883 1522 2002 1570 dedit
2028 1526 2115 1570 iliis
2153 1526 2308 1583 viginti
2345 1529 2479 1572 millia
2518 1535 2826 1586 pugnatorum,
2848 1540 2877 1560 -·

1663 1603 1846 1655 equites.
1886 1598 1940 1642 Et
1965 1598 2148 1655 profecti
2174 1606 2277 1644 sunt
2296 1599 2509 1647 adversus
2535 1602 2840 1650 Cendebaeum.

1662 1680 1757 1718 crat
1793 1671 1953 1718 fluvius
1991 1678 2166 1717 torrens
2200 1674 2427 1726 intereos,
2459 1681 2503 1720 ct
2544 1677 2691 1721 timuit
2728 1679 2863 1735 p'opul

1662 1747 1869 1799 transire,
1893 1752 1936 1792 et
1953 1747 2156 1790 transivit
2172 1745 2363 1793 Ioannes
2387 1750 2580 1806 primus3
2601 1758 2643 1795 et
2659 1753 2796 1801 secuti
2812 1762 2838 1798 's
2891 1759 2894 1761 ’

1662 1825 1761 1860 eum
1789 1827 1958 1861 omnes.
1977 1816 2028 1860 Et
2047 1818 2337 1863 insonuerunt
2359 1819 2497 1864 sacris
2518 1821 2648 1875 tulus,
2670 1828 2714 1868 et
2736 1832 2844 1870 conv
2865 1831 2868 1834 ’
2899 1830 2902 1834 ’

1664 1901 1739 1935 sus
1766 1891 1894 1934 estin
1917 1891 2063 1948 fugam
2095 1891 2379 1946 Cendebaeu‘s,
2405 1897 2448 1939 e't
2465 1902 2610 1941 castra
2640 1899 2751 1954 ejus,
2778 1906 2823 1946 et
2843 1914 2868 1946 c
2902 1890 2908 1894 ”

1663 1966 1865 2010 ciderunt
1901 1977 1954 2010 ex
1983 1967 2049 2024 eis
2086 1967 2212 2011 multi
2235 1969 2466 2014 vulnerati.
2489 1969 2750 2020 vnlneratus
2772 1982 2840 2021 est

1661 2037 1796 2085 Judas
1824 2038 1961 2084 frater
1981 2039 2179 2093 Joanni's.
2205 2047 2248 2085 et
2275 2041 2502 2088 insecutus
2531 2051 2599 2089 est
2630 2045 2822 2094 Joannes
2854 2050 2884 2096 li

1663 2115 1847 2171 gientes,
1870 2117 2010 2171 usque
2033 2114 2086 2159 ad
2110 2112 2371 2162 Cedronem.
2412 2116 2465 2161 Et
2491 2120 2746 2167 ceciderunt
2775 2136 2826 2169 ex
2850 2125 2888 2170 e’

1662 2185 1750 2230 duo
1781 2185 1920 2230 millia
1957 2186 2170 2240 virorum,
2204 2187 2519 2247 redieruntque
2555 2191 2635 2237 filii
2662 2193 2852 2244 Simonis
2871 2183 2901 2242 i*

1663 2271 1787 2316 paee.

1946 2332 2050 2377 Car.
2080 2333 2173 2379 XV.
2198 2334 2261 2379 De
2280 2343 2416 2381 'niorte
2440 2337 2638 2386 Simonis.

1714 2402 1853 2450 Porro
1869 2404 2127 2454 Ptolemaeus
2142 2408 2253 2455 iilius
2272 2411 2426 2463 Abobi,
2446 2415 2815 2462 constitutus‘erat
2828 2419 2883 2464 du

1661 2480 1704 2523 in
1730 2491 1882 2535 campo
1903 2479 2073 2525 iericho
2093 2482 2135 2539 (Ι
2153 2482 2350 2528 Maenali.
2377 2486 2486 2545 xvi).
2528 2488 2630 2532 Erat
2653 2491 2767 2535 enim
2785 2505 2891 2550 gene

1661 2553 1824 2597 summi
1849 2554 2108 2607 sacerdotis,
2149 2562 2192 2600 et
2227 2557 2415 2603 habebat
2445 2569 2670 2619 argentum
2694 2571 2736 2610 et
2759 2578 2882 2612 aurun

1660 2626 1862 2670 multum.
1886 2620 1940 2671 Et
1962 2628 2175 2673 elevatum
2202 2637 2270 2675 est
2302 2644 2378 2677 coi·
2401 2635 2510 2689 ejus,
2548 2642 2591 2679 et
2619 2626 2894 2698 volebatoht'x

1661 2713 1764 2744 nere
1792 2701 2031 2757 regionem,
2057 2708 2100 2747 et
2122 2704 2340 2760 cogitabat
2365 2706 2511 2752 dolum
2544 2709 2755 2757 adversus
2771 2712 2894 2758 Simo

1660 2777 1775 2818 nem.
1816 2785 1858 2819 et
1891 2775 2002 2821 lilios
2038 2778 2151 2834 eJus,
2179 2786 2226 2822 ut
2255 2780 2424 2826 tolleret
2448 2795 2539 2828 eos.
2578 2783 2728 2830 Simon
2765 2793 2866 2832 aute

1660 2849 1991 2904 perambulabat
2030 2851 2227 2897 civitates
2250 2854 2456 2911 regionis,
2481 2868 2637 2911 gerens
2656 2856 2889 2905 sollici'tudi

1661 2935 1761 2967 nem
1785 2926 1952 2967 earum.
1993 2923 2045 2969 Et
2084 2924 2308 2971 descendit
2344 2929 2390 2974 in
2412 2928 2585 2975 Jericho
2617 2944 2716 2976 cum
2739 2931 2850 2978 suda
2890 2941 2893 2944 “

1661 2993 1899 3039 mathathia
1934 2997 2032 3042 liliis
2062 2998 2174 3055 ejus,
2198 3007 2239 3043 et
2260 3003 2452 3059 suscepit
2480 3017 2556 3050 eos
2581 2993 2845 3054 Plotanaeus
2867 3003 2892 3051 i·

1659 3067 2039 3122 munitiunculam,
2066 3075 2196 3127 quam
2227 3074 2513 3120 aedificaverat
2537 3078 2580 3120 in
2603 3072 2718 3131 dolo,
2742 3083 2789 3125 et·
2811 3081 2909 3134 sec-i

1659 3136 1724 3180 eis
1747 3139 1993 3183 convivium
2016 3148 2237 3197 magnum,
2278 3150 2320 3186 et
2356 3144 2582 3189 abscondit
2618 3147 2678 3193 ibi
2711 3152 2847 3203 viros,
2882 3149 2887 3153 ’

1660 3208 2091 3256 intravitconvivIum
2111 3226 2207 3258 cuin
2230 3219 2426 3270 armatis,
2440 3225 2482 3262 ct
2498 3220 2657 3264 occidit
2671 3211 2902 3268 Simonem'

1658 3286 1701 3323 et
1723 3280 1833 3324 duos
1851 3281 1963 3326 filios
1987 3284 2100 3340 eJus,
2120 3293 2163 3329 et
2185 3286 2374 3333 reddidit
2394 3291 2507 3333 mala
2529 3303 2607 3347 pro
2629 3292 2783 3347 bonis;
2808 3305 2863 3338 na
2882 3293 2903 3345 '⁷

1658 3359 1701 3396 et
1720 3361 1896 3399 uxorem
1922 3356 2112 3403 Simonis
2137 3372 2235 3403 cum
2253 3362 2422 3409 duobus
2440 3363 2538 3410 {iliis
2557 3365 2652 3420 ejus
2670 3367 2856 3414 minorib
2890 3365 2895 3418 {

1659 3502 1770 3558 regi,
1800 3509 1848 3547 ut
1866 3505 2056 3549 mitteret
2078 3509 2315 3553 exercituin
2335 3511 2379 3554 In
2400 3513 2622 3564 auxilium,
2650 3514 2694 3559 e't
2719 3493 2913 3565 tradet-eff

1660 3578 1700 3621 ei
1729 3578 1968 3634 regionem,
2007 3589 2049 3625 et
2074 3583 2289 3637 civitates,
2320 3593 2362 3630 et
2383 3587 2560 3634 tributa.
2596 3585 2711 3635 Misit
2734 3566 2912 3662 quoqu‘qdz

1661 3653 1840 3695 nuntios
1863 3652 1916 3695 ad
1941 3654 2154 3709 trihunoS‚
2175 3664 2221 3700 ut
2242 3659 2436 3704 venirent
2464 3661 2518 3705 ad
2542 3675 2604 3713 se,
2635 3673 2677 3708 et
2699 3665 2821 3710 daret
2842 3666 2912 3725 eid

1660 3732 1901 3781 argentum,
1930 3733 1970 3769 et
1993 3739 2162 3784 aurum,
2187 3737 2230 3774 et
2254 3732 2391 3788 dona3
2418 3735 2612 3791 aliosque
2634 3739 2750 3783 misit
2775 3720 2924 3785 occu-'3

1660 3809 1763 3853 pare
1785 3798 2041 3854 Jerusalem,
2066 3808 2109 3845 et
2131 3810 2318 3848 montem
2339 3808 2502 3864 templi.
2527 3808 2663 3855 Porro
2693 3813 2802 3857 alios
2825 3815 2887 3859 mi
2921 3770 2924 3839 1

1657 3869 1714 3912 sit
1748 3871 1792 3912 in
1815 3867 1996 3925 Gazara,
2037 3879 2083 3915 ut
2115 3873 2405 3920 inter-licerent
2434 3877 2659 3932 Joannem,
2697 3885 2771 3928 sed
2794 3836 2924 3941 praa}

1657 3947 1836 3986 currens
1857 3942 2033 3998 quidam
2051 3945 2096 3989 in
2117 3945 2298 4000 Gazara,
2329 3948 2540 3995 nuntiavit
2556 3951 2711 3998 Joanni
2732 3970 2823 4012 quae
2846 3957 2908 4013 l'a·¹

1655 4020 1725 4057 cta
1772 4013 1961 4060 fuerant.
1997 4015 2051 4059 Et
2091 4019 2184 4074 ipse
2216 4019 2437 4067 festinavit
2476 4025 2691 4081 occupare
2729 4027 2905 4074 Jerusa-

1656 4087 1768 4138 lem,
1816 4095 1859 4132 et
1894 4087 2054 4133 occidit
2093 4103 2170 4136 eos
2208 4094 2283 4150 qui
2319 4102 2528 4140 venerant
2571 4110 2668 4143 eum
2706 4080 2910 4168 perdereZ

1656 4243 1803 4280 suum.
1831 4237 1836 4240 '

2910 4350 2924 4588 l
