2924 4588
241 93 352 147 ¹205

244 258 377 300 millia
423 253 634 311 quinginti
685 254 1024 310 qunquaginta,
1065 254 1158 309 sin·
1147 254 1247 297 ulis
1284 253 1475 308 jubilaeis

241 342 315 384 per
340 322 663 384 quinquagenos
682 338 818 369 antius
837 326 1066 381 deputatis.
1093 287 1336 368 Scocundum
1362 324 1475 366 Lxx

239 413 366 451 ι’,ιιιο
408 401 531 454 longe
554 399 698 453 plures
722 398 824 441 atini
847 398 1060 441 fluxerant
1081 399 1135 440 ab
1160 398 1282 441 initio
1306 398 1474 441 mundi.

240 472 352 514 Beda
390 482 562 525 quoque
601 470 646 512 in
681 468 900 511 &ironicis
930 470 1021 513 suis
1059 483 1223 524 ponens
1245 482 1473 512 numerum

239 552 471 591 annorum,-
495 539 733 582 secuudum
768 537 1022 582 Hebraieam
1049 541 1269 583 veritatem
1286 573 1296 591 ‚
1323 541 1477 594 probat

240 611 293 653 de
309 611 511 665 proedicta
530 623 700 654 summa
719 623 931 654 annorum
952 619 1115 667 septem
1134 625 1272 656 annos
1287 612 1476 656 defuisse

241 682 301 740 [o.
322 683 587 740 defluxisseJ.

409 755 509 799 Car.
538 754 609 798 tv.
630 755 691 798 De
709 757 1024 799 circumcisione
1037 758 1081 801 in
1096 757 1302 814 Gatqatis.

296 827 355 871 Eo
378 834 568 882 tempore
587 840 639 872 ex
669 838 882 885 praecepto
902 830 1074 874 Domini
1102 832 1373 876 circumcidit
1391 827 1471 875 ’.Ιο-

239 914 316 945 sue
342 901 544 956 populum
570 902 758 945 secundo
800 916 816 942 ι
847 905 996 946 cultris
1020 905 1199 959 lapideis
1225 906 1335 958 (Jos.
1361 909 1422 963 v),
1455 925 1469 949 ι

240 981 377 1015 tamen
398 970 600 1016 Hebraeus
624 973 748 1016 babet
774 989 787 1013 ι
815 977 1033 1020 novaculis
1048 978 1200 1030 acutis,
1218 994 1234 1020 ι
1257 991 1334 1022 nec
1351 980 1477 1023 iutel-

239 1045 451 1097 ligentlum
492 1051 556 1086 est
578 1046 691 1099 qumi
713 1045 823 1088 idem
852 1047 981 1090 bomo
1006 1048 1161 1091 iterum
1189 1050 1473 1094 circumcide-

238 1121 375 1166 rvtur;
412 1114 485 1157 sed
524 1117 707 1170 parvuli,
727 1118 799 1171 qui
831 1118 918 1178 nati
944 1117 1115 1162 fucrant
1143 1119 1186 1162 in
1211 1122 1379 1166 deserto
1397 1132 1474 1178 per

237 1186 516 1241 quadraginta
539 1197 674 1231 annos
695 1190 984 1233 incircumcisi
1015 1199 1155 1242 crant,
1178 1193 1251 1235 alii
1275 1206 1326 1236 ex
1351 1207 1474 1238 man--

1228 86 1401 132 ,PETnt
1431 84 1781 132 COMESTORIS

239 182 374 238 l‘aeos;
405 183 551 239 (μιιιεβ
567 182 793 228 fluxissent
827 182 882 224 ab
915 180 1036 224 initio
1077 181 1224 224 mundi
1251 181 1351 223 anni
1388 181 1480 224 duo
1498 185 1536 228 Α
1559 188 1600 223 ct
1623 181 1824 224 universa
1850 179 2132 235 ejusl'aceret
2151 181 2380 226 anatliema

2672 90 2781 136 ⁵262

2404 182 2416 199 ⁶
2441 197 2453 226 ι
2478 183 2720 236 anatliema,
2747 185 2790 228 iel

1558 260 1623 294 est
1650 253 1703 294 ab
1746 265 1827 295 usu
1867 253 2093 296 bominum·
2127 265 2324 297 seorsum
2370 265 2550 297 remota.
2597 254 2792 312 Cumque
2860 308 2862 312 Ι

1555 324 1777 367 adorasset
1793 316 1924 368 losue
1947 336 2113 380 pronus·
2128 324 2181 367 ad
2205 331 2377 376 terram,
2394 325 2501 369 dixit
2523 327 2562 369 ei
2583 329 2757 382 angelus
2773 340 2788 370 ε

1562 412 1575 437 ‹
1605 395 1731 440 Solve
1753 396 2093 440 calceamentum
2117 388 2169 440 de
2206 398 2386 452 pedibus
2410 397 2513 446 tuis.
2532 398 2653 442 locus
2675 399 2790 443 enim

1556 468 1598 510 in
1619 470 1706 522 qno
1730 475 1819 512 stas
1855 471 2030 512 sanctus
2053 476 2136 521 est,
2159 484 2175 510 ι
2205 470 2318 524 quod
2348 470 2667 525 intelligendum
2707 477 2792 524 est,

1558 540 1850 583 sanctificatus
1873 546 1955 583 est.
1974 540 2054 592 Qui
2081 541 2194 584 enim
2219 541 2408 595 pollutus
2435 549 2527 585 erat
2558 541 2600 585 in
2625 541 2795 587 habita·

1555 613 1670 656 tione
1690 612 1900 665 gentium,
1919 613 1971 655 ad
1998 613 2268 667 praesentiam
2287 612 2458 656 Domini
2499 626 2574 668 per
2593 615 2794 670 angelum

1557 685 1850 727 sanctificatus
1876 692 1957 728 est.
1980 684 2116 728 Porro
2163 697 2237 740 per
2278 685 2512 728 nuditatem
2562 685 2718 740 pedum
2747 685 2792 731 in
2870 675 2872 678 ¹

1557 756 1802 810 hujusmodi
1826 757 1931 798 locis
1955 757 2133 807 sanctis,
2165 762 2207 799 et
2228 755 2272 798 in
2291 755 2615 812 poeuitcutibus,
2649 765 2794 814 potest
2869 775 2873 783 ·

1555 829 1693 872 notari
1711 819 1974 878 innocentia,
1996 841 2093 883 quae
2112 829 2268 873 talibus
2286 830 2502 885 congruit.
2531 828 2636 873 Eam
2675 830 2792 874 enim
2868 830 2876 872 ’ἑ

1557 904 1799 954 habuerunt
1822 904 1948 959 primi
1996 913 2194 959 parentes
2232 905 2351 948 nudi.
2395 903 2589 948 Diluculo
2631 907 2792 957 autem,
2851 897 2854 900 ⁴

1551 974 1675 1030 juxta
1701 975 1930 1019 consilium
1955 974 2112 1029 angeli,
2140 983 2301 1029 septem
2331 974 2592 1027 sacerdotes,-
2631 979 2794 1029 septem

1554 1048 1750 1091 buccinis
1774 1047 2031 1103 clangebant
2053 1054 2152 1090 ante
2168 1058 2331 1099 arcam,
2349 1047 2578 1101 omnisque
2611 1045 2798 1102 populus
2869 1059 2873 1061 ·

1556 1129 1748 1165 armatus
1777 1119 2045 1176 praecedebat.
2066 1132 2229 1171 arcam,
2250 1126 2292 1162 et
2311 1119 2523 1174 reliquum
2552 1119 2707 1175 vulgus
2728 1126 2797 1162 se-

1509 1239 1513 1241 .
1555 1195 1766 1250 quebatur
1800 1205 1924 1245 eam·,
1960 1191 2354 1247 circumieruntque
2395 1192 2612 1235 civitatem
2655 1191 2799 1247 primo

235 1258 335 1301 dato
377 1258 565 1312 Domini,
603 1261 673 1302 alii
717 1274 816 1304 vero
854 1274 907 1305 ex
945 1264 1201 1319 negligentia
1228 1274 1472 1320 parentum,
1500 1248 2071 1321 ¹3‹lieAzymot·un1semel,
2111 1270 2153 1307 et
2180 1263 2260 1307 sub
2284 1263 2475 1314 silentio,
2511 1270 2554 1305 et
2578 1263 2800 1308 redierunt

234 1335 308 1378 alii
331 1348 431 1378 vcro
450 1349 500 1378 ex
526 1337 774 1380 eorumdem
813 1338 994 1390 cautela,
1018 1350 1070 1380 ne
1114 1337 1222 1381 forte
1268 1352 1366 1382 mox
1388 1339 1476 1382 cir·

233 1407 438 1451 cumcisis
471 1409 738 1451 attolleretur
786 1410 937 1460 nubes,
968 1418 1010 1454 et
1050 1422 1228 1455 necesse
1268 1413 1476 1456 baberent

235 1482 450 1535 progredi,
476 1488 517 1523 et
548 1481 609 1524 sic
644 1482 992 1536 periclitarentur
1024 1484 1208 1538 parvuli.
1235 1483 1366 1528 Facta
1393 1499 1474 1529 au-

224 1560 320 1600 tem
344 1554 672 1598 circumcisione
702 1555 809 1598 dixit
837 1555 1045 1600 Dominus
1069 1557 1121 1600 ad
1146 1556 1275 1602 Josue
1302 1571 1312 1598 :
1343 1574 1356 1599 ι
1384 1558 1474 1602 Ho-

233 1625 303 1668 die
329 1626 484 1669 abstuli
522 1637 544 1668 a
591 1626 711 1671 vobis
746 1628 1024 1683 opprobrium
1050 1629 1240 1685 AEgypti‚
1277 1646 1291 1671 »
1319 1631 1362 1674 id
1408 1640 1476 1676 est

233 1696 503 1758 praeputium,
528 1697 645 1753 quod
680 1700 791 1753 apud
832 1698 1035 1744 Hebraeos
1058 1709 1152 1744 erat
1193 1703 1472 1757 opprobrium

232 1763 513 1829 immunditiae
538 1767 744 1822 gentium.
771 1767 834 1811 Ob
869 1771 961 1814 boc
983 1780 1180 1815 vocatum
1213 1781 1278 1816 est
1317 1786 1472 1818 nomen

232 1836 312 1879 loci
337 1838 456 1882 illius
484 1839 607 1886 collis
626 1843 953 1895 primoum-um,
994 1844 1060 1887 vel
1088 1842 1264 1901 Galgala
1286 1850 1316 1899 ⁸,
1342 1847 1384 1890 id
1408 1855 1475 1890 est

231 1911 439 1962 revelatio,
466 1913 589 1966 quasi
612 1908 1161 1968 sanctiticati05secundutn
1183 1917 1285 1961 illud
1314 1931 1324 1960 ε
1355 1934 1371 1959 c
1394 1918 1424 1961 F
1426 1929 1475 1963 a·

228 1991 299 2034 ,cta
321 1991 386 2028 est
407 1984 552 2029 Judaea
590 1987 873 2032 sanctificatio
899 1990 994 2044 eJus
1020 1989 1156 2044 (Psoi.
1182 1994 1323 2047 extu).
1353 2007 1368 2032 ›
1392 1991 1476 2037 Po-

230 2066 312 2100 test
337 2066 476 2102 tamen
503 2060 604 2114 dici,
635 2062 914 2117 opprobrium
945 2064 1086 2115 abeis
1108 2064 1317 2114 ablatum,
1342 2066 1476 2108 servi·

231 2140 302 2176 tus
329 2132 518 2190 AEgypti,
545 2142 587 2178 et
610 2135 731 2178 labor
750 2136 924 2184 deserti.
945 2137 1058 2191 quod
1080 2139 1293 2192 congruit,
1319 2151 1475 2181 seeun-

231 2204 333 2247 dum
359 2205 485 2248 aliani
511 2208 698 2251 nominis
726 2208 1136 2263 interpretationem.
1168 2209 1476 2264 Interpretatur

231 2278 344 2318 enim
397 2277 570 2333 Galgala
614 2278 803 2323 libertas.
830 2281 966 2324 Porro
1010 2282 1170 2326 mansit
1208 2283 1470 2341 populusin
1495 2301 1530 2349 C

231 2357 473 2392 castrorum
502 2352 595 2394 loco
616 2351 753 2396 donec
777 2362 1020 2406 sanai-etur,
1058 2362 1100 2398 et
1121 2354 1314 2398 lecerunt
1334 2355 1474 2400 phase

231 2430 384 2474 quarta
433 2421 598 2467 det-ima
654 2423 725 2467 die
766 2426 817 2468 ad
862 2438 1084 2482 vesperam
1137 2428 1177 2470 in
1222 2428 1475 2482 campestri-

230 2493 311 2536 bus
346 2493 540 2547 Jvrfcho,
583 2498 697 2552 quod
747 2489 935 2541 nondum
977 2499 1152 2544 nisibis
1193 2499 1352 2544 sactum
1380 2500 1474 2547 sue-

230 2574 299 2611 rat
325 2583 334 2610 2
360 2570 500 2622 primo
526 2571 568 2613 ιιι
595 2572 751 2615 tinibus
769 2571 940 2628 AEgypti
982 2575 1099 2618 circa
1122 2573 1364 2629 Ramasse;
1402 2588 1474 2619 se*

225 2641 371 2683 cundo
421 2642 474 2683 ad
518 2642 704 2686 radicem
756 2644 915 2686 montis
972 2645 1091 2696 Sina,
1130 2648 1318 2690 secundo
1354 2660 1472 2691 anno

230 2714 504 2769 egressionis.
544 2714 604 2758 Ex
635 2722 738 2759 tune
764 2716 1060 2761 intermissum
1083 2718 1238 2772 suerat,
1267 2733 1366 2764 cum
1389 2722 1476 2765 cir·

230 2785 511 2840 cumcisione,
540 2798 677 2841 usque
715 2789 768 2831 ad
810 2795 968 2832 terram
1008 2791 1326 2845 promissionis.
1371 2807 1387 2833 ι
1425 2792 1476 2838 Et

231 2858 508 2901 comederunt
545 2847 597 2902 de
625 2859 839 2904 fructibus
862 2869 987 2904 terrae
1004 2862 1075 2906 die
1114 2865 1250 2907 altero
1298 2877 1474 2922 azymos

231 2943 379 2985 panes,
399 2939 443 2975 ct
458 2933 673 2987 polentam
693 2933 885 2989 ejusdem
910 2936 1029 2978 anni.
1048 2951 1076 2976 .›
1118 2936 1193 2980 Est
1227 2945 1371 2982 autem
1397 2951 1475 2994 po·

230 3003 344 3046 lenta
370 3016 500 3059 grana
526 3011 651 3055 tosta,
674 3013 715 3048 et
733 3006 933 3050 manibus
955 3005 1192 3051 confricata
1216 3003 1475 3053 admodum

231 3076 350 3131 grani
378 3077 463 3130 pilo
495 3077 594 3120 tusi.
622 3076 675 3120 Et
711 3077 866 3121 dicitur
902 3079 1090 3134 polenta,
1114 3080 1238 3134 quasi
1262 3081 1474 3135 polrenta.

233 3149 414 3200 Quidam
456 3154 598 3192 tamen
640 3150 814 3192 tradunt
853 3150 1066 3205 polentam
1113 3163 1208 3195 esse
1244 3155 1384 3207 pultes
1422 3154 1475 3198 de

231 3221 534 3277 purgatissima
578 3221 715 3265 farina
752 3222 901 3269 tactas,
943 3222 996 3265 Et
1038 3224 1196 3268 dictam
1238 3227 1474 3281 polentam,

229 3294 355 3347 quasi
378 3294 622 3348 pollentam,
659 3306 682 3337 a
727 3295 884 3348 polline
920 3295 1036 3351 quod
1060 3304 1127 3340 est
1166 3298 1472 3351 purgatissima

1555 1339 1597 1382 in
1623 1345 1764 1382 castra
1793 1337 1900 1394 (Jos.
1925 1336 2003 1392 ιι.)
2027 1336 2099 1381 Sic
2122 1337 2316 1380 fecerunt
2337 1348 2409 1382 sex
2429 1336 2600 1380 diebus.-
2621 1332 2694 1380 Die
2714 1347 2798 1381 au-

1556 1420 1639 1454 tem
1678 1411 1859 1466 septimo
1901 1409 2060 1464 septies
2083 1421 2178 1452 eam
2206 1409 2530 1460 circumierunt,
2566 1417 2609 1452 et
2643 1410 2686 1452 in
2707 1410 2798 1452 cir·

1554 1484 1717 1524 cumitu
1743 1481 1925 1536 septimo
1947 1480 2054 1523 dixit
2072 1478 2204 1523 Josue
2237 1480 2291 1523 ad
2329 1480 2551 1535 populum.
2580 1491 2595 1522 ι·
2625 1479 2798 1525 Vocife-

1555 1555 1728 1606 ramini,
1747 1563 1788 1598 et
1807 1555 2042 1606 ascendite,
2066 1553 2208 1610 sitque
2231 1553 2321 1598 liaec
2343 1554 2495 1598 civitas
2524 1554 2795 1605 anathema.»
2867 1541 2876 1549 ⁴

1555 1627 1680 1682 quasi
1702 1614 1900 1670 devotata
1923 1628 1967 1670 in
1994 1633 2194 1679 mortem,
2219 1634 2373 1683 praeter
2394 1635 2564 1679 aurum,
2586 1634 2630 1672 et
2643 1640 2799 1684 argen-

1556 1706 1664 1751 tum,
1682 1706 1724 1745 et
1747 1711 1822 1751 ωε,
1847 1706 1889 1742 et
1908 1698 2087 1751 ferrum,
2110 1700 2223 1754 quod
2249 1701 2574 1744 conservabitur
2615 1699 2801 1745 Domino

1555 1771 1598 1814 ιιι
1637 1771 1853 1827 primitias
1887 1783 2068 1827 operum
2110 1779 2379 1826 nostrorum,
2413 1773 2504 1818 sola
2527 1773 2675 1817 Rabab
2697 1783 2797 1817 cuin

1554 1846 1648 1888 suis
1662 1845 1916 1892 salvabitur.
1942 1843 2075 1900 igitur
2097 1843 2362 1889 vociferante
2398 1845 2573 1906 populo,
2605 1853 2646 1891 et
2679 1846 2799 1890 clan-

1554 1918 1754 1974 gentibus
1772 1917 2073 1962 sacerdotibus
2108 1930 2207 1962 cum
2233 1918 2448 1972 buccinis,
2475 1935 2489 1960 ι
2519 1920 2630 1963 muri
2654 1919 2801 1966 sundi-

1557 1998 1626 2035 tus
1646 1997 1918 2034 corruerunt.
1951 1990 2001 2032 Et
2024 1990 2218 2034 ascendit
2240 1991 2426 2046 quisque
2449 2003 2524 2047 per
2550 1991 2800 2049 locum,qui

1555 2068 1703 2105 contra
1726 2074 1773 2105 se
1803 2069 1913 2114 erat,
1934 2069 1978 2104 ct
2011 2061 2321 2106 interfecerunt
2354 2075 2483 2107 omne
2515 2064 2663 2108 vivens
2686 2062 2727 2106 in
2748 2075 2801 2108 ca

1554 2140 1597 2177 et
1623 2132 1956 2176 combusserunt
1976 2146 2087 2182 eain,
2109 2141 2151 2178 et
2173 2146 2343 2178 omnent
2364 2135 2667 2189 supellectilem
2689 2133 2732 2178 in
2749 2145 2796 2178 es

1556 2204 1598 2247 in
1634 2203 1848 2246 tumulum
1891 2202 2074 2247 Domino
2102 2194 2428 2260 sempiternum.
2461 2220 2478 2247 ι
2514 2204 2665 2250 Raliab
2698 2217 2803 2251 vero

1556 2276 1812 2319 honoratam
1837 2277 2105 2331 muneribus,
2139 2291 2237 2322 cum
2256 2278 2374 2323 omni
2397 2280 2527 2322 domo
2548 2287 2643 2332 sua,
2681 2288 2803 2324 reco-

1554 2354 1711 2400 perunt
1734 2347 1776 2388 in
1810 2346 1938 2391 lsrael
1981 2348 2022 2391 in
2066 2356 2338 2405 perpetuum.
2374 2348 2511 2402 Quam
2546 2349 2803 2405 procedente

1558 2426 1749 2476 tempore
1783 2421 1908 2465 duxit
1947 2423 2122 2466 Salmon
2143 2426 2173 2440 ··
2216 2424 2258 2466 ιιι
2301 2412 2490 2467 uxorem
2515 2426 2716 2480 princeps
2757 2425 2802 2470 ιιι

1558 2492 1669 2535 tribu
1705 2492 1838 2536 duda.
1883 2493 2006 2538 Tunc
2049 2494 2310 2550 imprecatus
2346 2502 2412 2538 est
2445 2494 2577 2540 Josue
2617 2496 2800 2543 dicens:

1561 2579 1575 2605 ι
1611 2564 1881 2616 Maledictus,
1907 2567 1981 2622 qui
2012 2567 2336 2612 reaedilicaverit
2359 2567 2532 2612 Jericbo
2558 2568 2599 2612 in
2635 2570 2802 2625 primo-

1555 2639 1700 2694 genito
1719 2650 1799 2682 suo
1823 2638 2102 2684 fundamenta
2127 2641 2243 2684 illius
2261 2641 2413 2696 jaciat,
2436 2647 2478 2684 et
2501 2641 2542 2690 ιιι
2563 2643 2804 2686 novissimo

1555 2712 1791 2755 liberorum
1821 2719 1954 2768 ponat
1978 2725 2125 2769 portas
2146 2717 2257 2769 ejus,
2292 2730 2308 2755 ›
2337 2713 2453 2770 quod
2477 2715 2700 2771 impletum
2718 2726 2804 2771 est,
2855 2747 2859 2750 >

1555 2791 1604 2830 ut
1623 2793 1717 2840 post
1742 2786 1937 2841 liquebit.

1611 2862 1626 2877 ·
1642 2859 1815 2902 Αάάιιὶο
1837 2859 2145 2910 1.,Αιι3ιιιθιιι3
2173 2861 2333 2905 dicitur
2351 2893 2363 2915 ,
2393 2861 2515 2915 quasi
2546 2869 2803 2917 separatum.

1555 2930 1678 2976 Unde
1698 2924 1926 2976 anatliema
1948 2933 2172 2977 dicebatur
2197 2934 2365 2987 civitas,
2399 2934 2572 2990 quando
2594 2946 2804 2990 quancun-

1554 3017 1640 3060 que
1661 3017 1762 3049 cum
1783 3018 1835 3049 ea
1855 3006 2154 3061 capiebantur,
2175 3007 2541 3051 comburebantur
2563 3009 2708 3057 onmia
2725 3039 2736 3058 .
2759 3013 2805 3051 et

1556 3078 1684 3121 tiebat
1705 3079 1865 3122 cineris
1892 3078 2096 3122 cumulus
2119 3088 2319 3134 acceptus
2338 3079 2520 3122 Domino
2540 3093 2552 3132 ς
2574 3080 2680 3123 nibil
2699 3080 2820 3126 inde,

1554 3150 1857 3204 separabatur,
1880 3159 2037 3206 practer
2050 3163 2122 3203 ea,
2142 3163 2241 3207 quae
2259 3152 2522 3194 transierunt
2539 3163 2614 3207 per
2639 3151 2804 3207 iguem,

1556 3235 1653 3278 qua*
1673 3235 1757 3266 non
1779 3224 2088 3278 incinerantur,
2113 3225 2185 3268 sed
2204 3225 2347 3280 potius
2371 3227 2412 3267 in
2434 3225 2532 3281 igne
2546 3233 2802 3282 purgantur,

1557 3307 1653 3350 quae
1684 3295 1813 3340 etiam
1854 3297 2021 3348 eadem,
2048 3298 2089 3340 in
2132 3299 2229 3353 igue
2271 3304 2468 3352 purgata,
2514 3298 2557 3340 ιιι
2583 3311 2710 3341 usum
2736 3308 2800 3343 ta·

233 3365 399 3415 t'arina,
430 3363 557 3422 cuius
575 3368 866 3413 nominativus
906 3376 975 3411 est
1001 3368 1161 3425 pollen,
1194 3370 1260 3412 vel
1285 3370 1468 3424 pollens.
1497 3374 1532 3418 D
1556 3365 1777 3411 hornacuti
1802 3374 1846 3409 et
1870 3369 2034 3421 templi,
2060 3375 2102 3410 et
2116 3379 2317 3409 vasorum
2338 3366 2682 3420 reservabantur,
2703 3378 2800 3412 om-

234 3430 476 3489 Statimque
498 3435 653 3478 ‹lel'ecit
667 3436 732 3479 eis
756 3449 932 3491 marma,
950 3449 1037 3493 quo
1061 3439 1153 3483 aliti
1173 3439 1342 3483 fuerant
1363 3453 1474 3496 qua·

231 3506 427 3563 draginta
446 3508 585 3553 annis.

291 3578 482 3625 'Additio
506 3584 541 3626 l.
564 3580 671 3627 Nota
693 3586 808 3640 quod
834 3585 1043 3642 Galgalis,
1070 3588 1330 3644 quandoque
1347 3589 1474 3644 poni-

237 3661 306 3695 ιιιι·
329 3654 644 3708 indeclinabile,
674 3659 933 3714 quandoque
962 3661 1111 3715 primae
1153 3660 1474 3712 declinationis,

237 3731 291 3771 ut,
311 3724 485 3781 Galgala
506 3727 988 3787 Galgalae,qu·anduque
1013 3732 1155 3777 neutri
1201 3733 1390 3788 genet-is,
1434 3740 1477 3775 et

235 3810 380 3842 secunx
384 3800 434 3842 1ae
453 3800 773 3855 declinationis,
798 3810 845 3846 ut
873 3803 1044 3861 Galgala
1067 3805 1362 3863 Galgalorum.

261 3886 362 3934 Cn.
390 3888 441 3932 V.
471 3889 527 3933 De
562 3891 709 3947 anqeco
737 3901 962 3991 apparente
988 3894 1134 3949 Josue,
1164 3902 1204 3937 et
1239 3897 1451 3939 eversione

791 3949 903 3991 eracli
908 3962 930 3992 o

291 4017 447 4063 Eadem
476 4027 599 4064 nocte
615 4032 717 4064 cum
739 4019 855 4066 esset.
876 4021 1045 4067 Josue
1034 4036 1077 4066 ιιι
1106 4036 1210 4080 agro
1227 4023 1398 4068 ⁸iericho
1422 4026 1475 4068 ad

234 4091 560 4148 explorandum,
575 4107 590 4133 ι
604 4092 710 4135 vidit
725 4093 863 4138 virum
874 4100 1057 4137 stantem
1072 4102 1221 4138 contra
1235 4107 1280 4138 se
1297 4111 1312 4136 ι
1327 4095 1474 4152 ovagio

235 4152 339 4207 nato
354 4164 511 4219 gladio,
537 4179 551 4205 ι
570 4170 612 4207 et
633 4166 692 4209 ait
720 4165 747 4208 i·
761 4163 916 4210 Noster
938 4178 1003 4217 es,
1025 4178 1081 4209 an
1102 4166 1478 4212 adversariorum?

236 4235 319 4289 Qui
338 4228 585 4293 respondit}
605 4237 902 4294 Nequaquam,
920 4240 996 4285 sed
1016 4241 1215 4297 prlnceps
1234 4253 1330 4286 sum
1353 4252 1475 4283 exer-

238 4308 350 4350 citus
371 4306 557 4360 Domini,
577 4316 620 4352 et
636 4322 750 4353 nune
766 4310 892 4356 venio
914 4310 1022 4368 (Jfos.
1038 4313 1126 4361 vl.»
1153 4311 1206 4355 Et
1217 4311 1362 4355 docuit
1374 4323 1475 4356 eum

244 4378 420 4432 angelus
450 4380 501 4424 de
524 4382 652 4429 modo
672 4382 866 4437 capiendi
895 4382 1130 4439 civitatem,
1154 4390 1194 4427 et
1218 4383 1333 4440 ouod
1360 4395 1475 4433 eam.

1558 3437 1630 3481 nia
1670 3438 1832 3482 scilicet
1861 3439 2097 3482 metallina.

1614 3533 1647 3550 ⁰
1667 3530 1843 3574 Addicto
1861 3531 1904 3573 2.
1930 3530 2011 3582 Qui
2033 3530 2180 3587 genuit
2202 3529 2342 3582 Booz,
2383 3543 2511 3574 avum
2550 3530 2665 3574 illius
2685 3524 2800 3576 Βοοι

1551 3604 1630 3660 qui
1655 3604 1799 3660 genuit
1817 3602 1971 3647 Obetli.
1995 3602 2102 3646 Tres
2124 3604 2238 3645 enim
2267 3603 2478 3656 continui,
2503 3610 2638 3659 pater,
2665 3602 2798 3657 lilius,

1558 3688 1692 3732 nepos
1724 3677 1826 3720 dieti
1867 3684 1967 3719 sunt
1991 3675 2138 3729 Booz,
2167 3684 2207 3719 et
2239 3676 2334 3720 ideo
2389 3675 2615 3721 Matthaeus
2663 3687 2800 3720 unum

1556 3755 1724 3792 tantuin
1767 3750 1911 3805 posuit
1932 3747 2105 3802 (Mutua.
2138 3752 2189 3802 t.)

1810 3851 1912 3899 Cir.
1934 3852 2003 3901 vl.
2031 3853 2094 3897 De
2111 3853 2371 3910 lapidatione
2391 3854 2547 3898 Aelior.

1611 3944 1746 3987 Porro
1769 3943 1927 3995 Achor,
1939 3942 2002 3986 vel
2021 3941 2163 3986 Achar
2181 3942 2457 4002 [al.Achim]‚
2474 3941 2588 3985 tilius
2603 3940 2800 4002 Charini,

1556 4022 1608 4064 de
1627 4020 1758 4063 Tribu
1777 4019 1907 4073 luda,
1928 4019 2024 4063 tulit
2039 4017 2200 4074 aliquid
2218 4017 2271 4060 de
2287 4014 2559 4058 anathemate
2573 4011 2680 4069 (Ios.
2701 4014 2796 4068 vn),

1556 4095 1816 4139 chlamidem
1857 4093 2024 4139 scilicet
2062 4090 2310 4135 coccineam
2362 4094 2606 4133 contextam
2655 4099 2764 4131 auro
2782 4118 2796 4141 ,

1557 4167 1806 4217 habentem,
1825 4165 2061 4218 seeundum
2078 4161 2335 4226 losephum,
2378 4160 2473 4204 auri
2500 4158 2668 4214 pondus
2700 4170 2796 4202 ma-

1557 4252 1669 4289 zam,
1691 4240 1732 4282 id
1753 4245 1819 4293 est
1841 4251 2028 4288 naasson,
2047 4235 2089 4281 id
2112 4242 2179 4279 est
2196 4235 2412 4278 ducentos
2430 4232 2584 4283 siclos,
2605 4230 2791 4285 tulitque

1557 4312 1734 4356 totidem
1751 4310 1882 4365 siclos
1906 4309 2088 4373 argenti,
2113 4306 2394 4364 regulamque
2418 4314 2611 4355 auream,
2637 4299 2703 4344 vel
2737 4301 2792 4344 11-

1556 4383 1700 4440 gulam
1719 4381 2032 4439 quinquaginta
2055 4379 2281 4424 sictut-m
2306 4375 2507 4432 misitque
2523 4372 2657 4418 losue
2676 4370 2798 4418 titos
