2924 4588
314 118 333 159 t
341 116 421 161 599

300 262 415 328 eam,
444 279 483 321 et
504 278 558 320 ob
584 265 687 331 qus
720 276 777 318 ita
820 287 1046 319 commune
1075 276 1346 331 obsequium,
1371 278 1546 333 quidam

303 364 395 393 eam
422 350 578 392 dictam
604 347 869 405 subjiigaaem
903 355 1069 404 putant,
1095 351 1218 406 quasi
1239 352 1437 394 omniunt
1468 353 1547 395 do-

304 423 438 464 minio
480 424 732 478 expositam.
779 421 862 466 Sed
891 421 1083 466 Graecum
1116 437 1270 468 nomen
1300 431 1367 468 est
1402 427 1548 482 stcbju-

303 493 426 546 yatis.
450 493 582 535 Asina
605 490 718 537 &tim
743 492 909 547 Latine,
931 494 1077 540 Graece
1110 497 1270 540 dicitnr
1292 498 1542 555 sabjuqatis.

304 567 356 608 Et
380 572 607 625 utrumque
629 580 785 611 nomen
809 569 864 613 ob
879 569 1071 613 eamdem
1095 582 1273 615 causam
1299 571 1547 617 institutum

303 647 382 684 est.
414 639 502 684 lloc
528 642 641 684 enim
674 642 916 696 iumentum
938 644 1123 699 primum
1155 645 1312 689 insedit
1336 646 1480 701 bomo,
1504 655 1547 692 et

304 726 328 755 α
352 712 527 756 sedendo
545 716 712 758 asinum
739 713 917 760 Latinus
936 716 1060 767 dixit,
1085 724 1130 760 et
1152 717 1327 763 Graecus
1349 720 1547 778 subjuya-

302 784 396 827 lem.
425 785 473 827 lli
517 792 659 829 autem
696 784 779 830 duo
816 788 937 831 missi
971 787 1110 832 fuisse
1134 789 1545 839 credunturPetrus

301 863 341 898 et
362 856 599 912 Philippus,
642 857 694 900 ad
740 860 1087 916 significandum,
1122 866 1222 921 quia
1252 865 1332 920 ipsi
1357 867 1544 922 primum

301 928 571 971 adduxerunt
599 936 747 985 gentes
778 933 830 975 ad
850 932 1015 988 lesum,
1039 935 1192 982 Petrus
1220 939 1482 992 Cornelium,
1503 946 1546 984 et

300 998 471 1042 domum
498 1002 607 1056 ejus,
631 1001 853 1059 Philippus
878 1005 1116 1052 Samariam
1143 1009 1247 1067 (50).
1269 1009 1319 1053 In
1352 1011 1433 1055 hoc
1472 1012 1545 1054 iti·

299 1083 402 1113 nere
426 1072 524 1114 dum
550 1074 799 1118 ascenderet
819 1074 1072 1133 Jerusalem,
1099 1087 1301 1136 putamus
1324 1094 1420 1126 eum
1445 1096 1544 1126 esu-

299 1145 441 1192 riisse¹
467 1153 508 1187 ct
538 1148 773 1192 accessisse
795 1149 848 1192 ad
880 1150 1023 1203 ticum,
1049 1160 1090 1196 et
1119 1167 1214 1196 cum
1242 1167 1326 1198 non
1352 1155 1543 1200 invenis-

298 1218 419 1259 setin
448 1230 495 1260 ea
514 1219 594 1262 nisi
616 1219 732 1271 solia,
757 1228 798 1264 et
824 1235 907 1265 non
925 1222 1126 1277 fructum,
1151 1227 1238 1270 ait:
1267 1242 1283 1268 ι
1311 1226 1539 1283 Nunquam

297 1290 480 1344 amplius
501 1304 550 1334 ex
577 1297 617 1335 te
641 1300 762 1336 exeat
785 1294 977 1350 n·uetus;
996 1304 1037 1341 et
1055 1300 1199 1341 statim
1224 1302 1352 1345 aruit.
1375 1317 1389 1342 »
1418 1303 1541 1355 Quod

295 1364 461 1402 tantam
487 1362 529 1403 in
554 1363 722 1418 signum
742 1363 828 1422 Syn
847 1368 1250 1422 ·gogae‚'ntaledictae
1269 1375 1541 1427 etarefactae,

295 1444 323 1487 p
351 1445 510 1477 rrcrsae
553 1436 715 1480 scilicet
752 1440 1069 1493 nendacitatis,
1114 1442 1216 1486 fecit
1263 1443 1404 1490 Jcsus.
1452 1447 1542 1490 Non

295 1505 409 1549 enim
429 1510 646 1563 quaerebat
669 1509 835 1556 tructus
858 1526 909 1557 cx
940 1527 990 1558 ea
1026 1528 1125 1559 cum
1160 1518 1350 1562 nondum
1377 1526 1544 1576 tempus

297 1579 452 1624 licuurn
478 1588 585 1632 erat,
607 1586 720 1639 quod
748 1586 845 1630 licet
871 1588 983 1642 apud
1007 1588 1252 1634 Mattbaeum
1284 1593 1451 1648 legatur
1476 1607 1542 1638 se-

295 1656 441 1706 quenti
477 1653 546 1697 die
586 1655 770 1708 fat-turm
810 1656 977 1704 Marcus
1016 1674 1187 1717 quoqne
1215 1664 1345 1715 dicat,
1372 1667 1452 1708 alia
1476 1668 1544 1711 die

293 1735 391 1766 cum
416 1725 550 1767 exiret
577 1738 599 1768 a
632 1726 854 1777 Bethania,
881 1732 1051 1783 esuriit,
1089 1740 1292 1788 putamus
1330 1738 1544 1792 recapitu-

294 1794 422 1837 lando
449 1796 613 1839 dictum
637 1811 748 1843 esse.
782 1798 952 1845 Marcus
977 1804 1089 1846 enini
1114 1813 1257 1848 narrat
1280 1806 1360 1851 hoc
1383 1807 1541 1852 sactum

291 1878 388 1910 esse
421 1875 520 1912 ante
542 1870 797 1925 eiectionem
833 1873 1110 1918 vendentium
1135 1877 1188 1920 de
1213 1880 1388 1935 templo,
1413 1894 1542 1936 quam

291 1946 461 1983 constat
487 1942 556 1986 die
606 1943 829 1989 Dominico
855 1947 1029 1992 saetam.
1053 1948 1139 1995 Nec
1165 1951 1220 1993 ob
1245 1953 1361 1996 aliud
1382 1961 1541 2008 tamen,

294 2013 406 2056 bunc
451 2013 645 2058 ordinem
690 2015 824 2060 Marci
882 2021 1131 2075 sequimur,
1171 2023 1255 2067 nisi
1300 2024 1400 2080 quia
1445 2034 1544 2082 post

292 2082 543 2139 Mattbaenm
578 2087 766 2143 scripsit.
791 2089 889 2134 Sive
924 2100 1067 2136 autem
1102 2093 1328 2142 Matthaeus
1353 2100 1555 2143 secunda»

291 2157 395 2201 feria
419 2158 533 2202 dicat
555 2157 730 2213 sactum,
750 2165 1096 2219 recapitulando,
1130 2168 1221 2213 sive
1244 2170 1417 2217 Marcus
1446 2181 1544 2218 ante

290 2230 542 2284 eJ'ectionem
580 2235 937 2291 praeoccupando,
969 2240 1070 2294 quia
1109 2241 1162 2284 de
1201 2241 1315 2286 sacto
1351 2256 1437 2287 non
1476 2251 1544 2291 est

1312 109 1475 155 Pmnt
1503 110 1851 158 eotIES'roms

309 207 453 253 munia
469 187 751 248 nutriebatur.
772 202 966 246 Nondum
978 203 1091 246 enim
1106 203 1547 259 quisqueascenderat
1570 209 1607 255 Α
1627 210 1700 260 pto
1724 213 1766 249 et
1795 205 1975 260 integro.
2010 204 2085 249 Osi
2117 205 2229 248 enim
2261 211 2387 250 sonat
2409 206 2542 260 salva,
2569 208 2638 253 vei
2661 210 2866 266 salvifica.
2890 259 2895 262 ,

2761 119 2871 164 {¹300

2909 175 2915 218 i

1624 279 1748 321 Anna
1770 284 1835 322 est
1870 277 2110 332 interjectio
2145 279 2430 330 obsecrantis,
2454 281 2567 324 sicut
2587 282 2707 338 papoe
2729 284 2864 328 admi-
2913 287 2915 290 “

1625 354 1778 397 rantis.
1810 352 1913 405 Quae
1947 354 2047 408 quia
2086 353 2130 395 in
2167 351 2321 397 Latino
2344 353 2516 410 eloquio
2549 367 2638 398 non
2671 354 2870 410 habetur,
2911 366 2913 374 ·

1626 438 1704 482 pro
1728 438 1777 470 ea
1796 427 1939 482 posuit
1960 425 2246 486 Hieronymus
2283 430 2431 469 noster
2460 426 2645 471 obsecro.
2670 428 2745 472 Est
2769 442 2872 487 ergo

1625 497 1814 551 Osanna,
1842 499 1965 555 quasi
1990 499 2057 543 osi
2081 512 2210 551 anna,
2230 502 2347 544 salva
2371 501 2555 546 obsecro.
2591 501 2646 546 Et
2681 509 2750 546 est
2789 515 2873 547 una

1625 571 1774 623 dictio,
1801 578 1849 615 ut
1878 571 2089 625 diximus,
2117 574 2184 617 vei
2208 574 2303 617 duae
2323 585 2401 630 per
2421 574 2606 630 elipsim,
2631 574 2672 618 id
2708 584 2772 620 est
2797 587 2875 632 per

1625 645 1867 696 elisionem,-
1885 647 1951 689 vel
1970 658 2046 701 per
2070 647 2404 691 subtractionem
2430 648 2560 692 unius
2582 647 2752 699 litterae,
2779 660 2876 706 quae

1626 719 1733 762 esti
1766 718 1958 772 prolatae.
1990 717 2066 762 Vel
2103 724 2170 763 est
2214 732 2299 763 una
2334 719 2484 772 dictio,
2522 726 2564 764 et
2609 721 2875 765 construitur

1626 790 1705 841 ita,
1727 789 1919 835 dicentes
1941 805 1951 835 z
1974 807 1988 832 ι
2009 789 2116 835 Filio
2142 790 2275 836 David
2306 791 2497 843 Osanna,
2532 806 2547 834 ι
2576 793 2619 836 id
2648 799 2713 837 est
2756 794 2875 838 saiva

1626 862 1820 915 obsecro;
1845 864 1913 907 vel
1933 869 2034 908 sunt
2058 863 2152 907 duae
2170 863 2398 917 dictiones,
2421 871 2463 909 et
2489 872 2592 909 tunc
2614 866 2772 922 legitur
2793 868 2872 919 ita,

1626 936 1847 980 dicentes:
1874 951 1887 976 ι
1913 935 2102 988 Osanna,
2123 949 2150 980 o
2175 935 2232 980 lili
2254 937 2402 982 David.
2429 952 2445 979 ι
2474 937 2527 980 Et
2551 943 2666 995 post,
2693 950 2874 982 conver·
2911 941 2914 947 '

1625 1006 1753 1051 tendo
1783 1019 2024 1052 sermonem
2059 1008 2172 1052 inter
2206 1020 2268 1060 se,
2310 1008 2543 1053 dicebant:
2578 1024 2593 1050 ι
2615 998 2893 1055 Benedictus*

1625 1081 1696 1136 qui
1722 1081 1836 1124 venit
1855 1093 1931 1124 rex
1953 1080 1996 1123 in
2020 1081 2195 1125 nomine
2229 1081 2417 1135 Domini,
2449 1097 2464 1124 ι
2492 1083 2675 1127 subaudi
2720 1084 2776 1126 sit
2806 1083 2874 1128 vel

1624 1163 1702 1207 est,
1725 1160 1767 1198 et
1789 1154 2063 1198 benedictum
2087 1155 2201 1211 quod
2227 1156 2344 1199 venit
2374 1168 2550 1211 regnum
2579 1157 2713 1212 patris
2734 1157 2873 1201 nostri
2901 1165 2911 1222 J

1626 1227 1775 1278 David,
1800 1228 1923 1284 quasi
1954 1229 2097 1272 dicat:
2137 1228 2217 1272 Hic
2257 1237 2323 1274 est
2358 1228 2411 1273 de
2443 1243 2528 1286 quo
2565 1231 2727 1274 dictum
2763 1237 2828 1275 est
2858 1247 2871 1277 :

1626 1300 1843 1343 ‹Dabitilli
1860 1299 2064 1346 Dominus
2081 1301 2226 1345 sedem
2244 1301 2380 1344 David
2404 1302 2536 1358 patris
2551 1303 2645 1357 ejtts
2659 1301 2778 1359 (Luc.
2792 1302 2840 1361 ι).
2853 1318 2869 1345 ι

1621 1372 1674 1415 Ει
1698 1373 1870 1423 iterum,
1902 1379 2203 1418 convertentes
2221 1375 2352 1418 verba
2369 1374 2421 1418 ad
2442 1374 2600 1431 ipsum,
2636 1374 2835 1418 dicebant
2859 1389 2874 1434 :⁴

1625 1458 1637 1483 ι
1670 1443 1842 1488 Osanna
1876 1445 1918 1487 in
1939 1446 2140 1496 excelsis,
2166 1446 2266 1501 qnia
2304 1446 2404 1489 licet
2436 1446 2548 1490 sorte
2570 1445 2770 1500 petebant
2797 1458 2873 1495 su·

1621 1516 1875 1560 blimitatem
1904 1518 2022 1574 regni
2046 1518 2223 1569 terreni,
2248 1522 2389 1561 tamen
2410 1517 2658 1574 prophetice
2682 1517 2874 1564 nescien-

1619 1593 1686 1631 tes
1709 1600 1805 1632 eum
1828 1587 1986 1645 Regem
2014 1589 2111 1632 coeli
2134 1595 2176 1633 et
2210 1589 2459 1646 angelorum
2489 1590 2794 1647 praedicabant.
2820 1589 2874 1639 Et

1621 1660 1794 1716 qnidam
1826 1660 2144 1705 Pharisaeorum
2177 1661 2231 1704 de
2258 1662 2384 1706 turba
2415 1661 2615 1706 dicebant
2644 1663 2701 1715 ei,
2728 1667 2783 1705 ιιι·
2806 1664 2875 1706 in-

1620 1740 1815 1791 creparet
1845 1733 2098 1790 discipulos.
2137 1733 2304 1786 Quibus
2338 1734 2596 1790 respondit:
2626 1749 2640 1775 ι
2677 1734 2726 1777 lli
2748 1735 2784 1778 si
2807 1740 2874 1778 ta-

1622 1809 1809 1857 cuerint,
1832 1807 1996 1863 lapides
2015 1807 2262 1850 clamabunt
2277 1804 2397 1863 (Luc.
2420 1806 2554 1863 xix)‚›
2578 1807 2677 1863 quia
2703 1807 2746 1850 in
2771 1819 2872 1864 pas·

1622 1880 1744 1924 sione
1775 1880 1843 1923 liis
1866 1880 2111 1924 tacentibus
2138 1891 2224 1936 prae
2254 1879 2426 1930 timore,
2451 1888 2581 1936 petrae
2605 1881 2752 1926 scissae
2777 1882 2872 1925 cla·

1620 1960 1846 1996 maverunt
1867 1953 1965 1996 eum
1985 1951 2214 1996 Dominum
2234 1952 2398 1996 mundi.
2430 1966 2446 1995 ι
2474 1951 2542 2004 Et,
2569 1958 2616 1996 ut
2642 1953 2852 2011 appropin

1621 2024 1769 2080 quavit
1798 2023 2053 2076 Jerusalem,
2078 2024 2195 2068 flevit
2230 2037 2363 2080 super
2406 2026 2642 2079 civitatem,
2681 2026 2831 2071 dicens
2857 2041 2866 2072 z

1622 2099 1731 2151 Quia
1752 2098 1790 2142 si
1815 2098 2110 2154 cognovisses,
2130 2103 2174 2142 et
2196 2105 2258 2150 tu,
2284 2099 2467 2143 subaudi
2491 2099 2626 2156 fleres,
2649 2101 2750 2156 quia
2769 2100 2872 2164 *cir-
2901 2095 2905 2099 ’

1621 2171 1886 2216 cumdabunt
1910 2179 1953 2217 te
1986 2173 2150 2216 inimici
2189 2173 2251 2216 tui
2273 2173 2400 2228 vallo,
2434 2179 2476 2219 et
2508 2188 2595 2219 non
2626 2177 2869 2232 relinquent

1624 2245 1667 2289 in
1691 2251 1732 2289 te
1760 2245 1946 2302 lapidem
1971 2258 2103 2302 super
2132 2246 2332 2302 lapidem,
2376 2247 2500 2303 quasi
2538 2247 2654 2291 dieat
2679 2263 2689 2293 :
2719 2247 2766 2291 Si
2790 2261 2871 2293 co-

290 2305 487 2357 nquaestio,
509 2306 560 2348 de
582 2307 650 2350 die
667 2310 1041 2366 arbitriolegentis
1064 2315 1364 2372 relinquimus.
1389 2332 1404 2358 ι
1427 2317 1542 2362 Eun-
1563 2341 1597 2386 C
1620 2329 1854 2374 gnosceres
1888 2317 2059 2360 ruinam
2095 2323 2212 2361 tuam
2248 2318 2454 2370 suturam,
2490 2325 2532 2365 et
2555 2331 2731 2365 causam
2755 2321 2868 2376 ejus,

290 2384 355 2422 tcs
394 2385 535 2423 antem
576 2381 775 2439 discipuli
814 2385 1009 2430 fecerunt
1039 2388 1151 2432 sicut
1183 2397 1444 2447 praeceperat
1478 2395 1542 2437 eis

288 2448 431 2495 Jcsus.
459 2450 510 2495 Et
537 2462 743 2510 ponentes
778 2460 1032 2502 vestimenta
1069 2474 1148 2505 sua
1184 2476 1314 2518 super
1358 2465 1538 2519 pullum,

290 2535 387 2567 eum
421 2526 605 2583 desuper
645 2531 795 2575 sedere
827 2530 1035 2578 fecerunt.
1070 2550 1084 2575 ›
1105 2535 1291 2588 Marcus,
1325 2537 1465 2583 Lucas
1501 2546 1544 2583 et

288 2596 477 2642 loannes
501 2613 586 2643 non
606 2601 754 2646 dicunt
773 2617 871 2648 cum
898 2605 1076 2659 sedisse,
1102 2608 1182 2652 nisi
1206 2621 1335 2664 super
1359 2611 1538 2667 pullum.

291 2667 524 2715 Zacharias
558 2685 726 2729 qnoque
750 2677 954 2732 propbeta
984 2679 1091 2722 dixit
1117 2696 1129 2725 :
1162 2694 1176 2721 ι
1207 2679 1373 2726 Sedens
1412 2696 1543 2739 super

292 2741 453 2795 pullum
468 2745 599 2788 asinae
617 2745 762 2802 (Zaclt.
780 2748 855 2805 tx).
869 2749 1116 2797 »Matthaeus
1135 2754 1239 2798 dicit
1258 2768 1354 2799 eum
1377 2756 1542 2802 sedisse

293 2826 423 2868 super
445 2816 610 2860 asinam
629 2825 671 2861 et
692 2822 873 2875 pullum.
893 2822 1015 2876 Quod
1035 2826 1133 2870 licet
1155 2827 1296 2872 brevis
1317 2836 1434 2873 esset
1450 2830 1537 2876 via,

293 2885 383 2929 lieri
424 2893 566 2933 tamen
605 2894 759 2946 potuit,
798 2900 846 2938 ut
879 2897 1019 2951 primo
1052 2899 1285 2945 insedisset
1328 2903 1462 2958 pullo,
1499 2912 1542 2948 et

291 2957 402 3004 forte
423 2963 521 3016 quia
547 2965 734 3008 nondum
756 2968 944 3013 donntus
966 2978 1008 3014 et
1027 2964 1213 3028 lascivus
1234 2982 1343 3025 erat,
1362 2976 1538 3020 descen-

292 3032 373 3084 dit,
391 3043 428 3078 et
462 3036 619 3080 insedit
643 3040 790 3092 asinae,
816 3043 928 3096 quod
955 3044 990 3087 si
1012 3057 1143 3100 super
1163 3047 1330 3102 pullum
1355 3056 1539 3098 tantuin,

293 3104 516 3152 Matthaeus
536 3114 677 3154 tamen
697 3125 826 3168 snper
844 3120 1075 3172 utrumque
1089 3119 1247 3173 posuit,
1264 3122 1364 3176 quia
1381 3127 1542 3164 utrum·

295 3191 379 3234 que
409 3180 500 3223 fleri
529 3184 666 3237 potuit
690 3185 733 3227 in
759 3189 981 3242 mysterio.
1018 3190 1139 3242 Quod
1162 3199 1303 3235 autem
1327 3193 1410 3236 hoc
1441 3206 1543 3249 pro·

291 3252 508 3306 poetatum
524 3254 661 3298 fuerat
685 3269 759 3312 per
773 3258 1023 3303 Zachariam
1049 3260 1101 3304 de
1123 3261 1242 3314 Jesu,
1271 3277 1355 3308 non
1377 3277 1535 3321 cogno·

291 3331 447 3369 vemat
467 3327 683 3383 discipuli,
710 3331 847 3375 donec
871 3332 1132 3388 glorificatus
1160 3334 1396 3381 ruitJesus.

292 3451 394 3496 Car.
423 3451 600 3497 cxvnt.
635 3455 755 3522 Quo-d
788 3459 1202 3525 maricae-susceptus
1235 3462 1435 3507 Dominus
1466 3465 1542 3520 fle-

691 3521 747 3555 vtt
769 3527 889 3569 super
913 3524 1140 3560 ctvttntem.

351 3616 399 3659 lit
442 3630 538 3661 cum
575 3621 965 3677 appropinquasset
1011 3622 1138 3668 Jesus
1182 3625 1236 3668 ad
1282 3625 1538 3671 descensum

293 3690 449 3733 mantis
477 3689 644 3742 Olivcti,
671 3694 790 3736 multi
821 3694 1174 3740 descendentium
1210 3711 1308 3741 cum
1341 3713 1392 3743 eo
1438 3702 1534 3745 sub·

295 3762 545 3806 sternebant
563 3766 817 3810 vestimenta
844 3780 921 3811 sua
944 3769 988 3812 in
1008 3770 1092 3820 via,
1119 3770 1190 3813 aiii
1215 3771 1437 3815 caedebant
1470 3785 1539 3815 ra-

295 3846 389 3878 mos
414 3834 466 3878 de
482 3836 726 3887 arboribus,
746 3846 788 3881 et
812 3842 1062 3884 sternebant
1090 3842 1133 3885 in
1152 3844 1219 3886 via
1245 3842 1416 3899 (Maem.
1435 3858 1504 3887 xxi
1527 3860 1539 3898 ;

294 3904 429 3950 Marc.
451 3920 519 3959 x1;
547 3907 647 3953 Luc.
664 3923 762 3963 xv1;
787 3909 914 3955 Joan.
942 3913 1036 3969 xn).
1057 3913 1201 3957 Turba
1222 3923 1362 3958 autem
1387 3918 1539 3968 multa,

295 3991 389 4034 quae
412 3987 671 4026 convenerat
695 3983 747 4027 ad
771 3983 882 4027 diem
905 3985 1078 4035 festum,
1102 3993 1145 4030 et
1170 3987 1307 4042 pueri,
1334 3994 1376 4030 et
1395 3988 1540 4043 plebe-

297 4052 393 4095 cula
411 4051 802 4110 Hierosolymorum
824 4059 1020 4103 tollentes
1038 4071 1182 4103 ramos
1199 4059 1426 4111 olivarum,
1442 4072 1540 4115 pro-

296 4133 520 4168 cesserunt
551 4126 590 4169 ei
623 4128 808 4172 obviam.
847 4129 899 4171 Et
933 4131 1005 4185 qui
1045 4131 1359 4186 praecedebant,
1394 4136 1436 4176 et
1466 4134 1540 4188 qui

297 4198 587 4253 sequebantur
609 4199 849 4243 clamabant
871 4217 881 4244 z
907 4201 1079 4246 Osanna
1104 4203 1192 4246 filio
1220 4203 1371 4248 David.
1396 4205 1446 4248 Et
1474 4211 1542 4249 est

297 4265 472 4312 Osanna
501 4270 677 4314 verbum
712 4271 957 4327 Hebraeum,
987 4277 1274 4331 compositum
1303 4290 1354 4321 ex
1390 4290 1541 4322 corru-

1617 2403 1720 2447 -quae
1743 2390 1996 2434 abscondita
2026 2394 2126 2434 sunt
2148 2389 2228 2433 tibi
2252 2391 2295 2433 ἰιι
2316 2391 2395 2434 hac
2421 2391 2506 2444 die,
2526 2405 2622 2448 quae
2646 2393 2697 2436 ad
2721 2405 2870 2450 pacem

1621 2463 1701 2507 tibi
1718 2469 1800 2516 est,
1819 2462 1958 2507 fleres.
1979 2463 2100 2516 Quod
2118 2467 2260 2507 autem
2281 2463 2351 2505 illa
2375 2462 2606 2509 Ierusalem
2629 2466 2748 2522 prior
2772 2465 2869 2509 sun-

1622 2536 1739 2581 ditus
1762 2548 1914 2580 eversa
1949 2535 2006 2579 sit
2029 2540 2221 2592 apparet,
2243 2536 2343 2590 quia
2380 2535 2501 2581 locus
2532 2535 2757 2587 Calvariae,
2795 2537 2869 2592 qui

1621 2615 1727 2653 tunc
1751 2618 1844 2654 erat
1860 2616 1983 2654 extra
2003 2623 2097 2654 eam
2118 2615 2159 2653 et
2178 2609 2421 2664 sepulcrum
2449 2610 2575 2654 modo
2607 2617 2708 2654 sunt
2735 2611 2777 2654 in
2801 2623 2868 2656 ea.

1622 2682 1771 2728 Helius
1790 2684 1903 2727 enim
1927 2683 2145 2728 Adrianus
2169 2697 2262 2727 eam
2286 2684 2456 2740 penitus
2481 2695 2673 2727 eversam
2697 2675 2871 2738 repara-

1621 2757 1699 2807 vit,
1715 2758 1978 2812 mutavitque
1997 2757 2138 2800 locum
2151 2763 2192 2800 et
2212 2770 2383 2806 nomen,
2403 2768 2559 2800 vocans
2578 2767 2670 2799 eam
2689 2755 2869 2801 Heliam.

1622 2828 1774 2874 Merito
1804 2836 1947 2874 autem
1978 2841 2070 2873 eam
2100 2830 2335 2886 perituram
2375 2829 2483 2872 dixit
2511 2827 2731 2876 Dominus,
2750 2823 2868 2883 quia,

1622 2914 1722 2945 cum
1757 2902 1914 2946 milvus
1953 2908 1995 2946 et
2022 2901 2209 2945 hirundo
2248 2906 2512 2958 cognoscant
2539 2906 2707 2957 tempus
2742 2912 2869 2944 suum

1622 2971 1727 3029 (Jer.
1766 2973 1878 3025 vni),
1917 2972 2009 3028 ipsa
2057 2984 2143 3016 non
2171 2971 2371 3029 cognovit
2411 2979 2578 3028 tempus
2613 2970 2870 3015 visitationis

1623 3057 1727 3088 suae.
1755 3060 1768 3084 ι
1799 3043 1850 3086 Et
1881 3057 1978 3088 eum
2008 3044 2214 3089 intrasset
2249 3044 2417 3094 urbem,
2443 3049 2655 3087 commota
2682 3050 2746 3087 est
2771 3043 2870 3086 uni·

1621 3130 1746 3162 versa
1767 3117 1937 3169 civitas,
1970 3117 2147 3162 dicens:
2175 3117 2280 3170 Quis
2308 3123 2374 3160 est
2407 3117 2506 3160 nic-‘t
2541 3115 2695 3160 Turbae
2725 3122 2868 3160 autem

1621 3190 1822 3234 dicebant
1855 3203 1953 3234 esse
1983 3189 2131 3234 Jesum
2164 3191 2415 3247 prophetam
2440 3202 2463 3232 a
2494 3188 2721 3234 Nazareth.
2747 3205 2762 3231 ›
2781 3189 2871 3234 Me-

1621 3264 1802 3307 moriam
1837 3263 1966 3318 hujus
1991 3263 2282 3318 processionis
2307 3261 2538 3307 Dominicae
2571 3263 2705 3307 semel
2743 3267 2871 3318 quot-

1625 3335 1752 3379 annis
1798 3335 1948 3377 recolit
1992 3333 2205 3378 Ecclesia.
2243 3333 2532 3390 Egrediuntur
2571 3334 2683 3377 enim
2725 3331 2870 3377 fideles

1565 3413 1599 3456 D
1624 3421 1721 3452 cum
1738 3408 1870 3451 ramis
1892 3407 2015 3463 quasi
2032 3407 2201 3450 obviam
2219 3406 2400 3450 Domino
2417 3412 2537 3450 extra
2557 3417 2701 3449 muros
2723 3404 2870 3447 civita-

1619 3483 1693 3533 tis,
1714 3486 1756 3525 et
1774 3480 1936 3525 vadunt
1958 3492 2094 3536 usque
2118 3478 2170 3522 ad
2196 3491 2368 3522 crucem
2394 3479 2596 3535 aliquam,
2625 3479 2668 3520 in
2693 3489 2776 3538 qua
2804 3489 2870 3520 ra·

1620 3567 1731 3603 mos,
1771 3565 1880 3608 quos
1905 3557 2091 3608 gestant,
2119 3550 2354 3607 affligentes
2378 3549 2614 3605 deponunt,
2643 3548 2766 3603 quasi
2798 3546 2869 3590 di-

1619 3634 1736 3669 ceret
1767 3623 1956 3668 Ecclesia
1979 3639 1989 3665 :
2015 3638 2029 3663 ι
2057 3621 2159 3665 Mihi
2184 3628 2326 3665 autem
2351 3621 2463 3664 absit
2487 3620 2679 3675 gloriari,
2719 3619 2802 3662 nisi
2823 3618 2868 3661 in

1618 3711 1747 3742 cruce
1762 3697 1932 3741 Domini
1948 3697 2082 3740 nostri
2094 3695 2197 3739 Jesu
2213 3694 2374 3738 Christi
2391 3695 2400 3736 t
2420 3709 2434 3735 ι
2457 3691 2568 3744 (Gal.
2589 3693 2667 3748 vr.)
2686 3692 2784 3736 ldeo
2798 3703 2869 3734 au·
2905 3687 2907 3689 ’

1621 3777 1706 3814 tem
1735 3769 1898 3814 orando
1921 3774 2025 3813 eunt
2050 3781 2187 3824 usque
2217 3768 2269 3810 ad
2296 3778 2486 3816 crucem.
2515 3766 2614 3821 quia
2639 3765 2703 3808 sic
2725 3770 2868 3808 osten·

1620 3843 1738 3885 ditur
1772 3843 1836 3886 eis
1868 3854 1955 3885 non
1980 3854 2074 3886 esse
2096 3840 2352 3897 sperandum
2375 3839 2418 3882 in
2443 3838 2709 3896 quantalibet
2733 3835 2867 3892 gloria
2898 3874 2907 3893 ,

1621 3916 1786 3966 mnndi,
1816 3917 1916 3972 quia
1947 3920 2138 3959 extrema
2161 3913 2302 3969 gaudii
2339 3913 2483 3957 luctus
2510 3917 2691 3967 occupat
2716 3909 2862 3966 (Prov.

1620 3988 1730 4045 xiv).
1755 3987 1840 4031 Pro
1873 3988 2022 4032 eadem
2059 3986 2372 4043 significatione
2407 3985 2451 4028 in
2486 3985 2560 4027 illa
2595 3984 2681 4035 die,
2711 3982 2867 4039 gaudio

1619 4061 1911 4117 processionis
1947 4059 2159 4103 subditur·
2187 4058 2452 4121 evangelium
2488 4055 2720 4099 Dominicae
2762 4053 2868 4098 Pas·

1620 4131 1771 4174 sionis.
1800 4130 1927 4174 Forte
1962 4131 2061 4186 quia
2081 4135 2124 4173 et
2152 4129 2361 4171 Dominus
2387 4127 2659 4171 exsultationi
2686 4125 2868 4170 inseruit

1619 4203 1852 4251 lamentum
1878 4208 2169 4254 suum,etnos
2190 4199 2454 4255 processioni
2476 4198 2739 4254 passionem,
2764 4195 2865 4250 quia

1619 4275 1766 4332 passio
1789 4274 1870 4320 suit
1895 4285 2028 4319 causa
2046 4273 2389 4329 eversionis,pro
2417 4283 2500 4328 qua
2519 4269 2648 4314 nevit.
2664 4267 2867 4314 Ecclesiae

354 4395 442 4461 (titi)
476 4392 596 4439 Patet
632 4394 685 4438 de
720 4393 918 4452 Philippo
960 4395 1054 4441 Act.
1090 4409 1197 4450 vm,
1230 4404 1271 4442 et
1305 4396 1358 4444 de
1396 4396 1544 4453 Petro,
1577 4394 1735 4441 Acus.
