2924 4588
340 159 449 204 ¹:55

1348 155 1506 202 estut
1535 153 1893 212 conestottts

2800 161 2924 207 ¹75⁶

303 249 497 306 =,iuter-io
532 248 757 301 Aldssimi,
802 257 846 293 et
874 249 1059 292 maxime
1083 246 1126 290 iu
1151 245 1232 290 boc
1254 239 1373 290 e'erto
1392 252 1437 290 et
1461 247 1578 294 brevi
1602 249 1638 295 Α
1662 245 1793 290 timeo
1838 244 1948 302 parti
1989 249 2150 289 nostr-'c
2176 260 2185 288 z
2214 244 2257 289 iii
2298 251 2399 291 sunt
2427 246 2570 291 clerici
2606 249 2906 299 ecclesiarum.

334 305 619 360 quadraginta
656 303 806 347 dierun
859 316 1039 347 numero
1074 304 1174 357 quia
1200 315 1314 345 nunc
1342 304 1487 346 acrius
1513 303 1580 345 in-

336 361 467 411 sistit,
492 360 685 414 graviora
719 371 806 402 nun
867 355 1039 402 molitu?
1067 360 1319 402 cei-tumim.
1355 358 1436 401 Sed
1461 358 1579 401 dice·

335 418 393 459 tis
416 431 427 459 ι
454 414 570 456 Beati
602 426 704 467 ergo
729 421 830 458 sunt.
858 415 1049 463 litterati,
1067 414 1223 468 quibus
1250 421 1404 469 praesto
1426 420 1492 456 est
1510 426 1581 467 sa·

333 484 413 514 cra.
457 466 680 525 Scriptis-a
700 502 710 519 ‚
756 470 831 524 qui
878 478 1050 525 paratas
1102 471 1260 512 liabent
1304 470 1583 512 auctoritates

335 527 561 580 utriusque
585 525 863 568 Testamenti.
890 525 1047 581 quibus
1071 527 1236 580 possint
1260 525 1382 580 ignea
1401 525 1482 568 tela
1503 525 1582 567 ini-

336 583 431 623 mici
452 583 723 636 exstinguere
750 593 758 620 :
785 582 819 623 si
845 581 907 624 sic
929 590 1011 631 est,
1044 582 1191 636 utique
1226 581 1364 632 beati;
1389 580 1464 623 sed
1496 582 1582 622 uti-

334 650 416 691 que
443 651 526 678 nou
553 639 614 679 sie.
646 652 654 678 t
683 649 766 679 nnn
792 638 906 680 enim
942 649 1092 680 omnes
1114 637 1286 680 litterati
1312 635 1506 678 habitant
1537 636 1579 678 in

333 692 544 744 adjutorio
564 692 786 734 Altisn‘mi.
820 692 929 735 Sunt
955 694 1069 735 enim
1093 693 1285 748 quidam,
1309 691 1383 746 qui
1409 701 1577 735 sacram

335 749 600 802 Scripturam
623 754 791 795 timent,
820 749 888 788 alii
912 750 1039 790 etiam
1064 749 1257 798 irrident,
1297 746 1368 789 alii
1387 758 1482 788 eam
1504 747 1580 791 de-

333 810 522 849 struunt.
554 805 624 844 alii
647 815 739 846 eain
768 808 1065 849 contemnunt.
1101 805 1171 846 alii
1208 815 1283 858 per
1314 814 1408 846 eam
1435 809 1580 846 trans·—

329 866 448 904 eunt.
476 860 544 900 :ilii
573 858 818 901 liabitaiitiu
843 871 907 901 ea.
929 858 1008 910 Qui
1036 859 1189 902 timent
1209 870 1304 902 cam
1329 857 1437 913 pigri
1459 864 1576 910 sunu

331 916 401 969 qui
432 915 626 963 irrident,
650 915 820 968 superbi
846 922 971 966 sitiit;
997 915 1066 969 qui
1086 916 1330 963 destruunt,
1360 913 1577 964 haeretici;

331 973 402 1026 qui
428 977 723 1020 conminuunt,
746 970 839 1013 falsi
863 970 1046 1021 frati·cs;
1073 972 1143 1026 qui
1167 976 1410 1017 transeunt.
1430 969 1579 1025 hospi·

330 1034 418 1078 tes;
443 1028 514 1079 qui
550 1026 743 1068 habitant
782 1027 822 1066 in
854 1038 919 1070 ea.
945 1026 1075 1069 cives.
1115 1026 1224 1069 Sunt
1244 1027 1357 1069 enim
1385 1026 1575 1080 quidam,

328 1095 503 1138 quorum
524 1081 632 1122 Deus
653 1090 788 1123 venter
804 1090 862 1123 est
883 1080 1012 1131 (Phil.
1039 1084 1127 1136 ttl);
1146 1081 1236 1136 qui,
1257 1094 1355 1125 cum
1378 1081 1576 1132 audiunt,

328 1141 397 1191 qui
417 1138 581 1192 appmi‘t
612 1138 840 1184 scientiam⁷
872 1140 1034 1189 apnonit
1062 1147 1100 1180 et
1118 1137 1301 1180 <lotorem
1331 1137 1489 1189 (leccte.
1525 1137 1575 1192 ι).

331 1195 523 1236 videntes
551 1193 737 1235 laborent
760 1201 801 1235 et
833 1193 1019 1237 dolorem
1043 1194 1382 1243 considerantes,
1411 1194 1578 1237 malunt

325 1250 550 1347 {quiescere
581 1255 621 1292 et
658 1250 839 1298 nescire,
871 1261 999 1304 quam
1039 1263 1136 1293 cum
1163 1250 1309 1293 labore
1332 1248 1574 1299 addiscere,

1663 303 1749 346 Nos
1778 313 1883 346 sane
1917 312 2082 344 sacram
2110 300 2377 355 scripturam
2414 303 2612 356 legimus,
2635 307 2910 360 exponimus.

1661 358 1966 413 approbamus.
1992 356 2092 410 quia
2116 359 2242 402 rest-it
2263 364 2308 401 et
2330 360 2467 413 pascit
2490 370 2587 410 nos,
2613 360 2687 404 sed
2711 363 2819 406 nibil
2836 375 2912 406 eo·-

1661 425 1756 456 rum
1788 425 1883 468 quae
1900 413 2024 467 jubet
2047 419 2119 454 aut
2139 420 2279 467 parat.
2303 426 2430 469 opere
2452 414 2753 471 adimplemus,
2783 420 2910 462 simi--

1661 468 1722 511 les
1741 469 1960 516 eruribus.
1980 481 2075 523 quae
2099 469 2141 511 in
2165 471 2364 525 compitis
2387 470 2552 513 viarum
2574 472 2778 516 euntibus
2796 475 2908 517 viam

1659 524 1918 575 ostendunt;
1944 524 2068 578 quasi
2106 524 2304 570 dieamus
2330 540 2341 567 :
2366 525 2530 568 Bonum
2566 533 2633 571 est
2673 528 2909 585 Scriptura

1655 579 1825 634 jugum,
1865 581 1980 635 qued
2023 579 2160 630 dicis,>
2202 581 2279 624 sed
2316 592 2408 624 non
2460 593 2694 637 possumus
2739 591 2909 639 portare

1659 635 1803 678 modo.
1830 634 1896 685 Ei,
1931 640 1977 678 ut
2014 635 2157 690 pauca
2185 636 2239 680 de
2283 637 2430 681 multis
2462 638 2762 693 perstringam,
2796 641 2907 685 bona

1658 690 1939 734 ecclesiarum
1964 690 2005 733 in
2033 694 2193 735 victum
2217 697 2260 734 et
2283 693 2484 736 vestitum
2509 705 2742 745 concessa;
2775 695 2905 749 bona.

1660 745 1855 800 inquam,
1886 758 2121 805 pauperum
2152 746 2314 791 Christi
2341 748 2383 791 in
2409 749 2647 803 superfluos
2671 762 2777 795 usus
2801 763 2907 798 coni·

1658 802 1887 846 sumimus.
1915 801 1998 854 Qui
2036 809 2139 846 sunt
2166 803 2298 852 enim,
2321 809 2412 860 oui
2452 806 2682 860 epulantur
2713 807 2906 861 quotidie

1659 857 1912 911 splendide?
1941 858 2104 902 clerici.
2131 858 2212 910 Qui
2243 867 2361 910 sunt,
2393 860 2464 914 qui
2496 862 2724 916 exquisitis
2745 873 2844 907 aere
2861 869 2908 908 et

1658 913 1768 955 mari
1791 919 1833 956 et
1858 919 1972 956 terra
1997 921 2231 958 vescuntur
2251 915 2387 958 cibis?
2414 916 2575 960 clerici.
2596 916 2678 970 Qut
2707 926 2803 962 sunt
2831 920 2906 976 qui

1658 968 1774 1010 omui
1813 976 2005 1025 tempore
2029 982 2177 1025 pacem
2214 976 2256 1014 et
2295 973 2568 1016 securitatem
2590 973 2833 1024 ‘habentem
2858 977 2907 1022 in

1659 1022 1806 1067 labore
1846 1025 2066 1068 bominum
2091 1038 2178 1070 non
2205 1031 2325 1075 sunt,
2348 1033 2391 1070 et
2423 1041 2522 1071 cum
2549 1028 2794 1074 bominibus
2817 1043 2907 1077 non

1657 1078 1962 1134 flagellantur?
1983 1072 2129 1124 clerici
2156 1095 2168 1126 :
2195 1094 2275 1126 nos
2295 1083 2439 1138 itaque
2457 1084 2551 1127 salsi
2571 1083 2725 1129 fratres
2741 1085 2907 1134 ciii-isit

1658 1146 1826 1188 sumus,
1845 1135 2146 1191 patrimonium
2160 1138 2275 1182 enim
2292 1140 2416 1194 quasi
2438 1140 2606 1195 dejure
2625 1140 2906 1190 fraternitatis

1659 1191 1961 1246 possidemus?
1985 1192 2060 1236 sed
2083 1205 2213 1249 quam
2243 1194 2338 1237 l'alsi
2370 1197 2523 1242 simus.
2546 1196 2671 1252 lippis
2693 1205 2735 1240 et
2756 1206 2924 1251 tonso-0,

1657 1247 1781 1291 ribus
1804 1253 1937 1303 patet.
1957 1246 2270 1295 Rati-inionium
2298 1251 2429 1303 enim,
2454 1252 2569 1308 quod
2595 1253 2678 1297 sibi
2707 1259 2792 1297 tam
2813 1257 2907 1311 glo-

360 1309 544 1354 icciites‚
577 1305 675 1357 quia
711 1306 891 1348 scientia
926 1317 1010 1347 non
1049 1312 1115 1348 est
1158 1306 1239 1349 nisi
1279 1304 1398 1348 {aber
1426 1312 1466 1347 ee
1502 1304 1569 1358 as·
1596 1310 1631 1354 Β
1655 1303 1770 1347 riose
1816 1305 2108 1360 comparavit.
2148 1317 2229 1349 nos
2251 1305 2414 1362 'gulose
2455 1311 2770 1354 consumimus.
2811 1312 2907 1370 lpse

324 1361 455 1413 flictio
478 1361 647 1415 spiritus
667 1360 820 1413 (ibid.).
859 1360 920 1403 Ac
967 1363 1000 1403 si
1041 1361 1187 1404 dicant
1219 1374 1228 1402 ι
1254 1362 1422 1411 Anima,
1446 1360 1573 1404 liabes

326 1417 579 1460 »minabatis
606 1418 644 1457 in
673 1430 803 1459 anuos
827 1417 1045 1471 pluri'mos,
1072 1418 1247 1473 quiesce,
1277 1417 1384 1467 hibe,
1409 1417 1575 1460 comede

328 1473 447 1527 (Luc.
471 1482 564 1523 xii).
592 1472 771 1526 Sapiens
794 1475 906 1515 enim
927 1485 968 1516 et
991 1475 1150 1516 stultus
1166 1475 1382 1528 peribunt.
1411 1472 1473 1516 Ex
1497 1473 1574 1516 ad·

321 1528 482 1582 jutorio
500 1530 626 1571 etiam
650 1528 855 1578 Altis-simi
879 1530 1078 1571 solatium
1105 1541 1192 1572 suae
1208 1529 1433 1584 imperitiae
1455 1541 1575 1585 quae-

325 1592 449 1636 runt:
474 1584 681 1636 sciiptiini
700 1591 766 1626 est
786 1586 898 1633 enini
928 1601 937 1627 :
965 1585 1122 1629 Sei-vus
1145 1586 1288 1629 sciens
1306 1585 1571 1629 voluntatem

322 1640 485 1683 domiui
526 1641 610 1688 sui,
640 1647 681 1682 et
705 1653 789 1682 non
822 1639 996 1688 lactens,
1030 1642 1250 1695 vapulabit
1291 1642 1458 1691 inultis:
1497 1654 1574 1685 ne-

326 1697 468 1739 sciens
491 1708 608 1739 veto.
630 1708 709 1737 nce
732 1696 893 1740 faciens
923 1697 1138 1751 vapulavit
1167 1698 1316 1753 paucis
1336 1697 1493 1752 (ibid).
1521 1697 1572 1740 Ei

322 1752 424 1794 a'ibi
467 1765 476 1792 :
523 1751 671 1795 Melius
698 1758 763 1794 est
802 1753 912 1794 viam
951 1754 1083 1796 verita
1103 1753 1141 1795 is
1189 1766 1272 1796 non
1317 1765 1568 1807 agnose-ere,

323 1820 453 1862 quam
499 1813 594 1863 post
630 1809 816 1861 agnitam
854 1814 971 1850 retro
995 1811 1056 1850 ire
1079 1808 1148 1865 (11
1174 1808 1290 1852 Petr.
1316 1812 1381 1862 ιι).
1408 1808 1491 1853 Sed
1517 1811 1572 1854 ti-

326 1875 422 1906 men
445 1864 495 1906 de
519 1864 587 1906 bis
623 1864 890 1914 timentibus,
927 1877 978 1907 tie
1005 1877 1100 1907 cum
1129 1866 1290 1909 venerit
1310 1866 1461 1919 plenus
1479 1866 1571 1910 die-

324 1929 418 1960 rum
453 1927 495 1962 et
525 1918 620 1961 lilii-i
653 1920 845 1962 oninium
871 1920 1006 1973 aperti
1029 1927 1157 1964 eruut
1189 1929 1230 1964 et
1253 1921 1566 1975 claiisajauua,

322 1973 467 2018 dicent
488 1992 498 2018 ι
522 1975 708 2023 Domine,
731 1974 918 2027 Domine,
942 1978 1055 2029 aperi
1073 1976 1207 2026 nobis.
1228 1978 1344 2020 dicat
1366 1978 1429 2021 eis
1450 1992 1459 2020 ε
1490 1977 1572 2020 Νε-

320 2032 405 2075 sci‘o
427 2045 496 2096 .¹‘⁰³
521 2030 692 2088 (ΜαιιΙι.
714 2030 835 2088 xxv);
860 2045 910 2075 ac
927 2033 964 2075 si
986 2033 1101 2076 dicat
1122 2034 1222 2089 quia
1248 2034 1452 2077 nescistis
1480 2044 1565 2084 me,

320 2099 466 2131 nescio
485 2101 580 2131 viis.

377 2142 483 2186 Sunt
508 2146 579 2187 aiii
619 2142 691 2198 qui
718 2144 886 2200 linguas
908 2156 1010 2188 suas
1047 2145 1341 2201 magnificant,
1365 2146 1562 2192 dicentes

320 2209 486 2243 sacram
516 2200 781 2255 scripturam
822 2214 905 2243 nou
940 2213 1038 2243 esse
1078 2203 1324 2252 scientiam,
1368 2215 1447 2246 nec
1471 2216 1569 2248 esse

319 2252 629 2299 litteraturam.
673 2256 763 2298 Non
797 2258 911 2300 enim
936 2257 1159 2300 scientiam
1185 2260 1332 2302 dicunt
1356 2271 1454 2302 esse
1482 2260 1567 2303 uisi

318 2311 579 2365 quibusdam
605 2312 830 2355 verborum
847 2312 1055 2362 minutiis,
1076 2315 1199 2368 quasi
1222 2315 1403 2370 capillos
1414 2316 1567 2371 capitis

1654 1359 1760 1402 eiiiit
1783 1358 1890 1402 illud
1915 1361 2110 1416 ciilapliis
2134 1368 2177 1405 et
2201 1360 2408 1417 flagellis;
2431 1369 2474 1406 et
2504 1376 2584 1408 nos
2606 1368 2905 1413 consumimus

1655 1414 1759 1474 illud
1801 1415 1843 1458 in
1869 1417 2036 1472 cyatliis
2060 1423 2102 1461 et
2125 1418 2349 1462 scutellis?
2371 1419 2463 1474 ipse,
2493 1419 2537 1465 in
2581 1420 2824 1476 opprobriis
2857 1428 2902 1468 et

1655 1472 2057 1526 pei-sectttionilius;
2083 1486 2163 1517 nos
2193 1474 2236 1518 in
2276 1475 2487 1519 conviviis
2521 1481 2564 1518 et
2593 1477 2901 1533 ebrietatibus:

1655 1527 1748 1582 ipse
1771 1533 1910 1571 iiim-te
1942 1529 2105 1579 crucis,
2138 1541 2218 1574 uos
2251 1529 2294 1573 in
2330 1530 2432 1573 luxu
2457 1532 2618 1576 carnis.
2649 1531 2755 1578 vide
2791 1547 2905 1590 quo·

1654 1582 1782 1626 modo
1832 1595 1885 1627 cx
1934 1585 2133 1639 opposito
2184 1586 2440 1641 respondeat
2496 1586 2661 1633 salsitas
2713 1590 2900 1635 veritatii

1655 1637 1822 1687 Timeo.
1847 1652 1901 1683 ne
1924 1652 2022 1683 cum
2047 1641 2221 1685 redierit
2242 1642 2312 1687 ille
2337 1642 2470 1685 frater
2493 1646 2657 1694 noster,
2680 1646 2753 1699 qui
2774 1646 2902 1701 quasi

1652 1707 1832 1751 peregre
1857 1696 1984 1739 modo
2007 1697 2226 1752 profectus
2248 1704 2331 1749 est.
2357 1701 2564 1742 tationem
2602 1707 2732 1755 ponat
2754 1703 2909 1747 nobis&

1652 1763 1752 1794 cum
1777 1762 1906 1806 super
1936 1753 2197 1805 patrimonio
2236 1755 2361 1798 nobis
2405 1756 2586 1799 credito.
2621 1754 2731 1809 Quid
2756 1758 2902 1805 autem

1652 1806 1891 1861 poterimus
1910 1808 2085 1852 dicere?
2108 1808 2199 1853 Hoc
2219 1822 2323 1854 sane
2343 1823 2353 1851 ε
2380 1809 2546 1860 Frater,
2568 1822 2648 1854 nos
2671 1811 2902 1858 babuimus

1652 1861 1797 1905 omnia
1839 1869 1929 1915 tua,
1967 1877 2059 1908 nec·
2090 1864 2160 1910 his
2198 1867 2389 1909 contenti
2429 1866 2605 1920 suimus,
2643 1880 2722 1911 nec
2761 1869 2924 1917 secuti-

1653 1930 1803 1962 sumus
1827 1924 1890 1971 te3
1917 1921 2019 1976 quid
2037 1932 2140 1977 ergo
2156 1923 2238 1964 erit
2260 1923 2417 1965 nobis?
2441 1922 2492 1965 Et
2514 1923 2606 1978 ipse
2624 1934 2723 1967 vere
2743 1924 2904 1979 poterit

1650 1974 1934 2030 respondere:
1955 1975 2228 2029 Mementote,
2246 1977 2418 2027 frati-es,
2435 1981 2535 2034 quia
2551 1979 2775 2034 recepistis
2787 1982 2902 2028 bona

1646 2030 1694 2073 iti
1716 2031 1802 2074 vita
1837 2038 1997 2082 vestra.
2017 2044 2133 2075 nuuc
2154 2046 2232 2078 vos
2254 2036 2470 2090 recipietis
2490 2035 2615 2079 mala.
2643 2035 2729 2078 lm«)
2743 2038 2898 2091 potius

1650 2098 1803 2130 vereor
1824 2099 1878 2130 ne
1900 2089 2028 2132 cadat
2051 2101 2181 2145 super
2203 2101 2283 2134 nos
2299 2092 2394 2134 sine
2415 2091 2727 2143 misericordia,
2748 2105 2901 2138 secun·

1648 2142 1751 2185 dum
1781 2144 2053 2199 proplietam,
2087 2147 2160 2200 qui
2199 2146 2366 2190 inducit
2395 2144 2621 2190 Dominum
2651 2147 2904 2203 toquentem

1648 2197 1704 2241 ad
1730 2199 1906 2256 angelos
1928 2200 1982 2245 de
2010 2201 2280 2256 mitigatione
2308 2213 2551 2257 poenat'um,
2576 2209 2617 2246 et
2641 2203 2854 2248 dicentem
2883 2218 2897 2249 z

1650 2253 1775 2297 Nunc
1799 2256 2078 2300 misereamini
2099 2257 2223 2312 impio
2239 2291 2249 2309 ,
2275 2259 2417 2314 iniqua
2442 2260 2550 2302 enim
2573 2261 2696 2314 qessit
2719 2260 2761 2303 in
2787 2269 2899 2304 terra

1648 2318 1891 2355 sauctorum
1917 2311 2024 2370 (Ita.
2045 2317 2190 2369 xxvt);
2212 2326 2262 2358 ac
2281 2316 2315 2359 si
2339 2316 2500 2359 diceret
2523 2315 2620 2359 aliis
2635 2315 2779 2367 impiis
2799 2329 2899 2373 par·-

320 2369 625 2465 ffirqutreiiiio,
641 2369 828 2411 sciamus
846 2368 1060 2412 disserere
1074 2366 1297 2425 probando
1322 2372 1385 2415 vel
1404 2372 1565 2427 impro-
1588 2373 1621 2419 c
1649 2367 1832 2410 cendum
1855 2375 1938 2421 est,
1963 2369 2039 2414 sed
2075 2370 2172 2416 istis
2206 2383 2309 2422 uon,
2332 2371 2433 2426 quia
2466 2370 2678 2427 flagitiosa
2702 2371 2898 2417 feceruut

380 2424 478 2472 udo,
495 2426 556 2467 vel
573 2424 878 2479 philosophicis
893 2425 1131 2468 rationibus
1148 2437 1291 2470 rerum
1305 2439 1568 2481 cognoscere

319 2490 491 2529 causas,
527 2482 592 2523 vel
628 2482 709 2523 sul)
728 2481 877 2537 judice.
907 2481 1136 2524 rhetoricis
1180 2483 1567 2539 declamationibus

319 2545 536 2588 perorare.
550 2536 654 2588 Qiiae
665 2538 792 2584 enini,
806 2537 1022 2593 inquiunt,
1035 2539 1213 2581 scientia
1227 2546 1295 2583 est
1309 2541 1442 2591 scire‚'
1452 2541 1566 2598 quod

315 2587 535 2634 Abrabam
560 2593 670 2636 duos
694 2593 804 2638 lilios
828 2593 1001 2645 liatiiiit;
1031 2592 1146 2649 quod
1169 2593 1258 2639 Noe
1284 2605 1383 2639 cunt
1401 2603 1568 2654 septem·

318 2648 544 2691 animabus
563 2649 604 2690 iu
625 2661 725 2692 arca
743 2650 888 2694 salvus
910 2649 1019 2692 suit?
1041 2657 1084 2692 et
1101 2656 1252 2695 caeteia
1271 2652 1314 2695 in
1341 2653 1455 2696 hunc
1480 2659 1569 2696 mo·-

317 2702 419 2745 dum
460 2718 470 2747 :
513 2704 879 2748 confabulantium
903 2706 1055 2761 peritia
1077 2705 1168 2749 tiaec
1186 2714 1268 2761 est,
1295 2720 1379 2751 non
1398 2709 1565 2752 littera-

316 2763 429 2802 tura.
477 2759 560 2802 Aut
600 2773 695 2816 quae
729 2762 908 2804 scientia
945 2769 1012 2806 est.
1039 2764 1153 2806 scii-e
1177 2776 1404 2807 numerum
1435 2764 1564 2808 boum

316 2815 514 2867 Atii-aliie,
531 2817 598 2860 vel
620 2817 797 2860 asinoru
817 2831 841 2859 ii
871 2816 1056 2871 Sebeon,
1084 2820 1148 2862 vel
1170 2820 1431 2864 camelorum
1456 2819 1564 2873 Job;

316 2872 620 2925 trapezitarum
632 2879 696 2917 est
712 2873 801 2917 haec
816 2873 1011 2923 scientia.
1028 2886 1112 2917 uon
1129 2882 1194 2918 est
1211 2876 1467 2920 litteratura.
1480 2875 1565 2921 Sed

316 2927 495 2968 audiunt
516 2927 746 2981 quiddcat
770 2930 1030 2973 citharaedus
1053 2937 1203 2975 noster
1222 2948 1230 2974 :
1252 2932 1462 2984 Quoniam
1480 2943 1565 2976 nott

317 2983 486 3037 coqu-iovi
518 2983 818 3034 litteraturam,
858 2985 1037 3028 introibo
1083 2987 1125 3029 in
1161 2990 1366 3041 potentias
1396 2989 1569 3032 Domini

317 3038 454 3093 (Psai.
480 3050 563 3082 mxx
579 3041 611 3094 ).v
634 3040 936 3085 Litteraturam
960 3042 1140 3093 scilicet,
1175 3057 1269 3099 quie
1296 3051 1365 3088 est
1382 3045 1564 3089 scientia

317 3095 488 3142 inllans.
525 3107 654 3151 quam
697 3097 852 3140 liabent
869 3129 880 3147 ,
930 3101 1002 3153 qui
1044 3100 1191 3142 volunt
1230 3113 1327 3145 esse
1367 3103 1482 3145 sicut
1503 3101 1564 3145 dii

316 3151 504 3195 scientes
544 3153 702 3194 bonurn
723 3159 767 3195 et
790 3154 947 3196 malum
987 3154 1107 3212 (Gen.
1138 3156 1223 3211 ιιι).
1251 3157 1332 3200 Sed
1358 3156 1488 3202 timeo
1510 3158 1564 3203 de

315 3206 399 3253 his.
434 3219 485 3249 ne
515 3218 611 3249 cum
636 3209 806 3251 venei-it
842 3210 1075 3266 legislator,
1102 3212 1175 3267 qui
1215 3212 1397 3267 primam
1429 3213 1564 3269 legem

316 3263 490 3316 scripsit
506 3263 640 3319 digito
661 3276 742 3306 suo
759 3264 802 3307 in
825 3266 1026 3310 cordibus
1051 3267 1288 3319 bominum,
1310 3274 1351 3311 et
1369 3270 1563 3312 eamdem

316 3319 519 3374 scriptam
543 3319 585 3361 in
607 3320 766 3363 tabulis
794 3321 1173 3379 lapideisiteravin
1197 3330 1239 3368 et
1261 3325 1399 3380 tegent
1417 3327 1566 3381 gratiae

314 3385 391 3416 ore
413 3375 587 3430 proprio
609 3375 810 3427 tradidit.
835 3378 950 3421 dicat
974 3380 1038 3422 eis
1064 3395 1072 3422 :
1101 3379 1210 3432 Quia
1233 3382 1471 3426 erubuistis
1495 3393 1564 3426 me

1647 2421 1692 2466 iii
1717 2429 1832 2467 terra
1853 2431 2103 2469 sanctorum
2127 2438 2256 2482 quam
2283 2427 2584 2483 possederunt.

1705 2477 1816 2523 Sunt
1838 2481 1912 2535 qui
1938 2493 2012 2536 per
2041 2494 2135 2525 eam
2161 2488 2390 2526 transeunt
2413 2495 2422 2522 τ
2453 2484 2494 2526 ιιι
2525 2487 2629 2527 sunt
2657 2483 2915 2535 scholares&

1646 2534 1721 2591 qui
1743 2535 1890 2584 studio
1926 2548 2061 2581 sacrat
2086 2536 2320 2593 Scripturae
2347 2538 2510 2595 iugiter
2533 2539 2771 2595 iiivigitant.
2810 2539 2894 2583 Sed

1646 2592 1782 2635 timeo
1805 2604 1860 2636 ne
1894 2605 1972 2648 per
2004 2604 2098 2651 eam
2124 2595 2178 2638 ad
2205 2596 2464 2639 transitoria
2483 2600 2732 2644 transeant,
2757 2603 2812 2638 ne
2831 2598 2897 2640 siu

1645 2646 1782 2692 velint
1809 2648 2044 2702 bonoribus
2076 2651 2290 2706 ampliari,
2323 2651 2670 2707 possessionibus
2708 2651 2921 2707 tociiplm·

1648 2703 1748 2755 tari,
1773 2703 1996 2750 favoribus
2029 2705 2216 2752 dilatari.
2249 2706 2425 2756 Vereor.
2464 2708 2657 2763 iuquam,
2692 2713 2748 2751 ne
2781 2711 2917 2751 sicut‘

1646 2757 1888 2811 lsrnaclitre,
1921 2767 2142 2806 transeant
2176 2768 2219 2807 et
2249 2769 2394 2807 emant
2419 2762 2575 2818 Josepii
2594 2796 2604 2808 .
2631 2768 2679 2806 ut
2709 2764 2907 2807 vendant·

1644 2820 1796 2872 postea
1833 2815 2058 2873 Putipliari
2095 2819 2388 2874 archimagiro
2420 2820 2533 2875 regis
2571 2817 2744 2875 AEg'ypti
2770 2816 2890 2874 (Geir.

1645 2873 1813 2926 xxxix).
1838 2872 2006 2926 Quibus
2031 2874 2267 2918 timendum
2289 2881 2374 2925 est.
2400 2887 2454 2918 ne
2491 2887 2589 2918 cum
2615 2875 2781 2919 venerit
2818 2885 2891 2920 ret
2912 2900 2917 2906 ι

1645 2925 1797 2972 Get-ari
1822 2941 1921 2973 cuin
1952 2930 2149 2987 principe
2171 2931 2388 2975 exercitus
2426 2931 2493 2975 sui
2530 2930 2583 2973 ad
2625 2930 2745 2974 isaac
2771 2931 2917 2985 juxta*

1646 2989 1822 3039 puteum
1848 2985 2088 3035 Sannaus,
2110 2986 2226 3029 dicat
2258 3001 2267 3029 :
2294 2987 2454 3037 Amice,
2492 2999 2584 3030 ecce
2609 2986 2722 3030 dives
2755 2995 2794 3030 et
2818 2999 2911 3041 pa·¹

1646 3048 1735 3084 tens
1765 3039 1903 3096 sactus
1921 3055 1963 3085 es
1982 3043 2124 3093 nimis,
2149 3042 2291 3085 recede
2309 3055 2335 3084 ιι
2356 3043 2474 3086 nobis
2498 3041 2618 3097 (Gen.
2643 3042 2779 3098 xxvi).
2806 3042 2891 3088 Sed

1677 3107 1733 3139 uo
1759 3098 1899 3148 ibunt,
1935 3098 1973 3141 si
1998 3099 2258 3142 recesserint
2289 3099 2343 3142 ab
2371 3100 2454 3142 eo?
2483 3100 2629 3142 nullus
2653 3099 2774 3143 locus
2799 3109 2893 3144 med

1677 3153 1744 3196 iiis
1765 3159 1831 3198 est
1852 3166 1863 3195 ι
1885 3153 1959 3209 qui
1979 3165 2066 3198 non
2089 3153 2172 3198 erit
2204 3155 2249 3198 in
2272 3165 2419 3211 regno,
2444 3155 2524 3198 erit
2551 3155 2593 3198 in
2617 3154 2802 3198 inferno.

1702 3208 1813 3253 Sunt
1843 3212 1917 3266 qui
1938 3210 2133 3254 habitant
2151 3210 2195 3254 in
2230 3222 2297 3259 ea,
2328 3211 2401 3266 qui
2434 3210 2549 3266 quod
2573 3222 2648 3255 ore
2669 3217 2870 3255 astruunt

1643 3277 1774 3322 opere
1796 3272 2109 3321 exsequuntur,
2124 3267 2200 3322 qui
2224 3267 2393 3310 scilicet
2412 3267 2570 3310 babent
2587 3279 2700 3317 eam,
2713 3272 2756 3310 et
2773 3273 2889 3310 stant

1644 3322 1689 3365 in
1711 3333 1795 3372 ea,
1821 3322 2016 3366 babitare
2045 3321 2159 3366 enim
2189 3334 2242 3365 ex
2267 3322 2412 3366 babitu
2434 3331 2478 3366 et
2506 3323 2660 3366 stando
2694 3323 2886 3365 dicitur:
2915 3331 2918 3336 ¹

1644 3377 1719 3433 qui
1762 3389 1813 3421 os
1854 3378 2037 3421 turturis
2080 3383 2328 3434 retorquent
2368 3378 2420 3422 ad
2459 3379 2622 3422 axellas
2656 3376 2804 3430 (Levit.
2835 3379 2886 3435 ι).

316 3434 359 3472 et
385 3442 502 3473 ineos
536 3443 757 3476 sermones
784 3445 929 3478 coram
956 3435 1215 3486 bominibus.
1241 3439 1494 3481 erubescam
1517 3442 1561 3479 et
1586 3443 1622 3487 n
1642 3438 1687 3478 et
1733 3433 1882 3478 infula:
1934 3433 2189 3489 pontificalis
2238 3435 2423 3490 lingulas
2476 3445 2608 3488 super
2654 3442 2891 3490 utriunque

316 3497 396 3597 eg?
420 3498 494 3529 vos
522 3499 668 3531 coram
693 3487 820 3534 Patre
843 3501 939 3533 meo
961 3495 1004 3533 et
1033 3492 1195 3535 sanctis
1227 3493 1390 3549 angelis
1426 3491 1558 3549 (Luc.

318 3552 358 3584 tx
387 3575 395 3582 .

318 3652 328 3663 ·
376 3594 483 3661 Sunt
510 3600 579 3642 alii
611 3602 683 3665 qui
706 3600 935 3646 destruunt
959 3619 969 3645 ι
993 3603 1034 3645 Ιιι
1059 3611 1174 3653 sunt,
1201 3604 1272 3662 qui
1296 3610 1563 3648 evanuerunt

317 3665 362 3695 tn
387 3657 719 3708 cogitationibus
743 3659 862 3708 suis;
903 3661 975 3713 qui
1009 3661 1217 3716 imagines
1245 3661 1389 3704 cordis
1424 3660 1491 3705 sui
1518 3660 1563 3703 in

317 3710 484 3774 paginis
519 3724 654 3756 sacrae
694 3712 925 3768 Scripturae
960 3713 1211 3771 depingunt,
1258 3717 1331 3770 qui
1376 3718 1561 3760 litteram

317 3772 572 3811 renitentem
618 3771 709 3813 suis
740 3771 1117 3817 adinventionibus
1155 3772 1497 3822 accommodant.
1521 3777 1564 3816 et

319 3820 580 3865 intellectum
616 3823 848 3879 Scriptume
886 3838 1022 3881 usque
1049 3827 1102 3869 ad
1138 3829 1387 3885 sauguine-m
1411 3839 1564 3871 emun*

317 3884 450 3928 αειιιις
486 3881 559 3934 qui
600 3881 652 3923 ad
677 3883 848 3924 modum
889 3884 1117 3937 geniminis
1146 3886 1388 3941 viperarum
1428 3885 1562 3927 latera

319 3935 468 3975 matris
493 3938 760 3986 concutiunt,
794 3943 839 3979 iit
862 3939 913 3981 ea'
937 3940 1147 3983 moriente
1163 3941 1440 3997 egrediantur
1459 3940 1563 3996 pulli

319 3990 583 4053 sanguinarii
608 3994 810 4036 carnibus
832 4001 1053 4037 vescentes
1070 4003 1111 4039 et
1133 3998 1294 4052 rapina.
1318 3995 1400 4039 Sed
1414 4007 1566 4039 vere-or

318 4044 371 4085 dc
396 4045 478 4094 liis.
505 4059 557 4089 ne
580 4059 678 4090 cuin
704 4050 865 4092 venerit
900 4051 985 4099 illc,
1020 4051 1072 4094 de
1105 4052 1230 4106 cujus
1251 4065 1326 4096 orc
1345 4053 1564 4108 egreditur

318 4099 486 4152 gladius
509 4102 575 4145 bis
610 4109 777 4153 acutus,
810 4106 932 4157 cuius
967 4111 1094 4161 caput
1118 4109 1261 4151 album
1300 4114 1348 4150 ut
1383 4111 1496 4158 lana,
1522 4113 1565 4151 et

319 4156 449 4219 peiles
486 4158 649 4202 similes
674 4161 922 4203 aurichalco
947 4161 1074 4216 (Dan.
1108 4163 1170 4220 x).
1195 4164 1371 4207 cuilibet
1410 4175 1563 4207 eorum

319 4209 434 4252 dii-at
463 4227 472 4255 :
506 4213 667 4265 Amice,
696 4222 738 4257 tu
765 4216 985 4264 dilatatus,
1007 4218 1316 4274 impinguatus,
1347 4221 1565 4263 incrassa-

320 4271 389 4308 tus
421 4270 720 4316 recalcitrasti.
749 4276 791 4312 et
830 4274 929 4326 quia
959 4275 1176 4327 simplices
1200 4276 1566 4329 tergiversationi·

322 4321 398 4363 bus
428 4325 515 4365 tuis
544 4326 870 4381 circumligasti.
911 4335 952 4370 et
994 4330 1135 4383 potius
1169 4333 1399 4381 exteriora,
1435 4343 1564 4386 quam

322 4378 549 4441 medullam
577 4381 618 4423 in
646 4382 781 4424 littera
804 4384 1011 4437 quaesisti,
1036 4383 1177 4439 ligatis
1207 4387 1403 4428 manibus
1426 4393 1469 4430 ct
1492 4399 1566 4440 pe·

317 4432 446 4476 dibus
472 4437 710 4489 projicieris
729 4438 770 4481 in
794 4440 991 4494 tenebras
1010 4442 1243 4483 exteriores
1265 4441 1434 4494 (Manli.
1451 4443 1561 4494 viii).

381 4488 488 4531 Sunt
532 4493 656 4537 etiam
696 4494 765 4548 qui
803 4495 1067 4549 Scripturam
1126 4503 1407 4544 contemnunt.
1442 4514 1451 4541 ;
1493 4499 1559 4544 bic

1642 3489 1868 3533 humerum
1893 3496 2083 3545 portant,
2110 3502 2164 3533 ne
2187 3490 2353 3534 similes
2377 3490 2649 3546 torpentibus
2670 3490 2776 3542 sint,
2809 3487 2887 3546 qui

1643 3545 1774 3590 etiam
1798 3558 1971 3589 manum
1991 3546 2045 3588 ad
2070 3558 2121 3590 os
2145 3546 2364 3601 porrigere
2391 3557 2478 3590 non
2519 3546 2753 3590 sullieiunt.
2777 3546 2888 3590 ttiitc

1644 3607 1789 3645 autem
1828 3601 2087 3645 inhabitanti
2111 3601 2215 3657 quid
2257 3602 2533 3657 promittatur
2573 3601 2888 3658 subsequenter

1643 3657 1850 3702 attende:
1877 3656 1930 3701 In
1961 3660 2211 3712 protectione
2236 3657 2308 3700 vei·
2331 3659 2422 3700 coeli·
2453 3658 2797 3706 commorabitur,
2842 3655 2907 3700 idi

1643 3719 1712 3757 est
1759 3714 1802 3758 in
1842 3721 2025 3771 utraque
2067 3714 2334 3769 protectione
2356 3711 2431 3757 Dei
2453 3714 2708 3765 morabitur,
2759 3719 2803 3758 et
2841 3714 2886 3764 ιιι

1645 3776 1828 3827 utraque
1852 3779 1974 3827 parte
1997 3772 2080 3814 sui.
2119 3770 2183 3812 Ad
2210 3769 2296 3814 duo
2335 3771 2449 3813 enim
2491 3769 2683 3825 respicit,
2703 3770 2881 3813 morari.
2923 3800 2924 3803 η

1645 3825 1719 3870 Est
1746 3827 1915 3883 gemina
1955 3826 2029 3871 Dei
2052 3826 2276 3882 protectio,
2302 3827 2543 3881 corporalis
2565 3832 2606 3869 et
2627 3825 2924 3880 spiritualiss

1645 3882 1878 3938 promissio
1894 3883 1991 3926 vitae
2024 3895 2120 3937 quie
2143 3894 2259 3925 nunc
2280 3887 2362 3931 est,
2387 3888 2429 3925 ct
2452 3881 2622 3930 futurae,
2646 3881 2759 3925 unde
2775 3887 2815 3924 et
2839 3874 2906 3922 ιη’

1647 3950 1667 3981 s
1725 3939 1926 3983 uentibus
1952 3946 2075 3983 scuto
2103 3944 2396 3993 comparatur,
2428 3937 2486 3979 ibi
2514 3953 2522 3980 :
2551 3936 2678 3981 Scuto
2701 3937 2883 3979 circum·

1646 3993 1701 4036 da
1732 3995 1764 4037 it
1786 4002 1823 4037 te
1846 3996 1996 4038 veritas
2021 3995 2129 4049 ejus.
2154 3992 2332 4036 Scutum
2357 3993 2534 4036 enimin
2574 3993 2790 4047 superiori
2818 3993 2884 4034 ili·
2922 3999 2924 4018 ³

1646 4050 1840 4099 lautum,
1867 4053 1977 4094 intra
2012 4055 2077 4093 est
2116 4054 2391 4104 angustatum
2417 4061 2426 4088 ε
2457 4049 2514 4092 ita
2543 4057 2584 4092 et
2610 4048 2816 4091 Dominus
2840 4047 2883 4090 in

1645 4106 1850 4162 praesenti
1874 4113 2034 4150 arctam
2073 4105 2150 4149 dat
2185 4108 2514 4161 protectionem.
2535 4106 2636 4162 quia
2659 4106 2723 4147 sic
2750 4105 2915 4158 crpus*

1645 4164 1735 4215 dit;
1780 4163 1941 4205 victum
1988 4162 2172 4212 scilicet,
2207 4167 2249 4203 et
2293 4162 2494 4204 vestitum
2522 4162 2733 4218 praebens.
2756 4158 2910 4202 ethis

1646 4218 1837 4262 contenti
1861 4230 2027 4262 sumus.
2055 4217 2157 4267 Sed.
2175 4228 2229 4260 ne
2246 4215 2472 4260 timeamus
2512 4214 2878 4260 insufficientiam.
2920 4232 2921 4238 ¹

1645 4273 1739 4318 Non
1763 4282 1829 4317 est
1852 4275 1977 4317 vilior
1994 4273 2118 4316 cibus
2142 4284 2252 4329 pane
2275 4279 2317 4316 et
2341 4285 2449 4327 aqua
2468 4288 2478 4326 ς
2497 4282 2639 4316 tamen
2683 4271 2726 4314 iii
2765 4269 2882 4313 sorti·

1646 4331 1795 4374 tudine
1818 4330 1902 4374 cibi
1927 4331 2042 4372 illius
2062 4328 2294 4371 ambulavit
2313 4326 2423 4370 Elias
2437 4329 2717 4383 quadraginta
2731 4325 2881 4369 diebus
2918 4368 2919 4373 ,

1646 4392 1687 4429 et
1711 4386 1995 4440 quadi-aginta
2034 4384 2234 4428 noctibus
2293 4383 2367 4426 111
2400 4383 2498 4439 Καρ.
2530 4387 2633 4439 xix).
2660 4382 2881 4426 Protectio

1647 4441 1791 4485 sutura
1809 4441 2076 4484 latitudinem
2102 4440 2246 4482 habet.
2307 4441 2431 4483 'citur
2454 4441 2568 4483 enim
2597 4439 2719 4482 nobis
2738 4454 2746 4480 :
2765 4437 2879 4479 Meri-

1648 4511 1790 4539 suram
1839 4498 2002 4548 (tottam,
2030 4505 2065 4539 et
2102 4496 2625 4553 consertun1‚coayitatam
2664 4502 2701 4537 ct
2739 4506 2880 4548 super·
