2924 4588
0 4237 2 4249 l

0 1109 3 1134 l

15 10 25 33 ⁵
56 89 60 96 .
87 34 138 77 ιθ

64 222 82 234 ,,
102 200 176 238 out
199 195 500 250 opportunitas
519 204 566 238 se
584 195 831 250 praebuerit,
851 194 918 238 vel
942 194 986 236 in
1011 194 1212 240 lectione,
1238 193 1308 235 vel

55 284 96 329 χι
117 268 339 318 oratione,
365 268 432 312 vel
453 269 497 310 in
526 279 656 323 opere
689 279 893 310 manuum
922 266 1101 321 reperiri
1135 265 1305 308 debent.

50 352 53 371 ⁴
88 340 314 384 tstudium
337 340 509 394 quidem
539 339 738 382 lectionis
772 351 850 393 per
883 337 1174 382 eruditionem
1209 337 1309 379 illu-

70 463 71 466 ¹
94 410 202 462 inat,
227 410 400 454 devotio
422 423 524 454 vero
549 410 759 454 orationis
786 422 861 465 per
883 410 1118 466 puritatem
1143 411 1307 453 sancti-

54 483 58 545 Ἰ
79 487 166 533 avt,
198 481 320 525 labor
335 483 486 536 utique
507 478 630 526 bonae
653 482 840 524 actionis
863 494 941 537 per
963 482 1189 524 utilitatem
1214 480 1306 524 sru-

56 558 58 562 “
97 566 168 597 um
190 560 380 609 praestat.
405 552 600 596 Primum
616 554 763 608 itaque
779 554 1033 596 exercitium
1059 553 1208 608 accipe
1229 565 1324 608 per·-

56 627 59 630 ’
78 639 200 669 rum
220 641 231 679 ;
257 625 492 670 secundum
517 637 594 681 per
618 626 747 678 thus;
781 626 954 668 tertium
972 636 1048 680 per
1064 625 1301 681 myrrham.

76 692 88 735 Ῐ
117 711 157 742 ιιι
178 699 296 754 quod
314 699 424 754 nitet
445 699 664 742 metallum
679 709 797 740 ‘auro
821 698 1058 754 pretiosius
1074 694 1210 752 ‘iquid
1234 697 1303 739 in·

54 764 117 827 [ι’
139 765 400 814 charismata
422 770 603 825 spiritus
627 770 838 826 sapientia
862 769 1121 814 sublimius?
1143 776 1186 813 et
1210 769 1311 825 ipsa-

52 843 222 903 ,frando
258 841 624 899 apprehendetur,
669 843 756 885 nisi
790 854 915 886 sacra
945 841 1138 884 studiose
1175 825 1320 885 lectio:

56 908 58 910 ¹
92 915 379 971 equentetur?
402 912 602 958 Suaviter
624 914 726 956 thus
750 912 933 964 redolet,
960 918 1002 956 et
1027 925 1199 955 suavem
1225 924 1300 955 ρο*

177 985 264 1029 Deo
302 985 477 1028 odorem
508 984 695 1034 devotio,
737 989 780 1026 ct
812 995 919 1038 pura
951 983 1090 1026 oratio
1122 983 1298 1038 praebet.

56 1058 224 1116 yrrha
244 1070 430 1114 quoque,
456 1062 502 1100 ut
533 1057 671 1106 aiunt,
700 1068 724 1098 a
754 1056 982 1111 putredine
1001 1067 1160 1110 corpus
1183 1066 1300 1097 mor-

50 1156 52 1166 ι
101 1142 172 1175 um
195 1129 407 1174 custodit:
426 1135 469 1172 et
490 1135 584 1170 tam
605 1128 793 1170 animam
813 1128 868 1170 ob
893 1127 1124 1177 otiositate,
1137 1138 1231 1182 quae
1259 1125 1298 1169 ei

833 27 1146 74 SERMONES.
1172 12 1317 91 -1'1N
1339 2 1634 74 ἘΡιΡιιΑΝιΑ
1665 30 1870 78 neuim.

59 121 76 162 ἰ
91 123 305 177 uicunque
327 122 456 165 vitam
475 133 748 164 communem
773 121 960 176 professi
984 126 1102 171 sunt,
1128 108 1299 175 semper
1313 95 1360 167 'A
1382 125 1499 173 sunt,
1524 127 1785 166 restaurare.
1812 121 1903 165 Hoc
1921 115 2037 166 euim
2055 107 2279 180 proprium
2304 133 2400 168 esse
2420 123 2643 168 humilita-
2689 114 2691 119 ¹
2742 106 2744 108 V

2546 37 2633 80 4³36

1388 192 1446 235 tis
1463 191 1666 243 officium,
1711 194 1840 236 etiam
1865 194 2041 249 proprio
2054 193 2218 249 jugiter
2233 195 2527 251 experimento
2545 207 2644 244 sen-

1387 261 1535 304 timus.
1562 261 1764 317 Legimus
1783 263 1918 309 etiam
1938 268 2030 306 tam
2051 263 2226 309 indictis
2247 277 2375 320 quam
2393 265 2520 310 sactis
2544 279 2645 311 san·

1389 339 1558 376 ntorum
1580 335 1639 376 ita
1661 346 1773 378 csse.
1794 333 1905 386 Quid
1929 336 2044 378 enim
2066 336 2111 379 in
2127 349 2174 380 se
2191 337 2323 380 beata
2347 337 2480 380 Maria
2498 338 2646 382 Domi-

1387 417 1491 448 num
1527 406 1686 450 asserit
1710 406 1957 461 respexisse
1975 438 1988 458 ,
2025 420 2112 462 quo
2133 420 2230 451 eam
2253 404 2424 452 beatam
2449 410 2644 455 dicerent

1386 488 1538 521 omnes
1578 477 1882 533 generationes
1909 483 1921 529 ,'
1960 479 2048 522 nisi
2079 479 2399 524 humiiitatem?
2431 481 2642 538 Respexit,

1385 548 1578 603 inquam,
1603 548 1884 592 humilitatem
1906 549 2073 592 ancilloe
2097 563 2185 592 suae
2210 550 2329 606 (Luc.
2355 564 2385 600 1,
2405 552 2494 610 48).
2520 553 2645 606 Quod

1385 626 1528 664 autem
1548 621 1770 666 humilitas
1787 623 1995 665 virtutum
2020 623 2212 665 omnium
2237 636 2325 666 non
2350 625 2477 667 modo
2494 627 2648 681 acqui*

1384 693 1511 735 siti-ix
1527 726 1538 746 ‚
1564 694 1641 737 sed
1664 699 1707 737 et
1730 694 1927 738 custodia
1953 695 2037 747 sit,
2054 694 2194 750 aquid
2218 696 2405 740 lucidius
2431 709 2482 740 eo
2529 699 2647 753 quod

1385 760 1593 807 Dominus
1610 774 1690 818 per
1713 777 1886 808 servum
1913 777 2039 808 suum
2058 765 2134 816 ait,
2156 778 2405 821 superquam
2425 769 2646 823 requiescit

1383 834 1566 891 Spiritus
1590 850 1721 888 meus,
1751 838 1834 880 nis-i
1865 851 1989 890 super
2024 837 2252 882 huinilem?
2284 838 2393 895 (Iso.
2424 839 2643 898 va'1‚‚2.)

1383 908 1438 951 Ut
1464 921 1564 952 vero
1590 909 1725 965 ipsam
1745 921 1843 953 esse
1862 922 2092 966 agnoscas,
2115 923 2210 965 quae
2227 912 2428 955 virtutem
2454 921 2643 971 reparat,

1383 993 1481 1023 cum
1513 980 1624 1024 forte
1659 980 1788 1024 suerit
1816 982 2004 1033 amissa,
2037 982 2172 1026 reduc
2194 986 2238 1026 in
2263 985 2516 1028 memoriam
2540 988 2642 1031 illud

1381 1051 1526 1096 Elizaci
1551 1053 1809 1096 miraculum
1835 1054 2007 1110 insigne
2044 1069 2080 1097 ε·
2106 1056 2180 1114 qui
2206 1056 2388 1111 praeciso
2418 1058 2535 1113 ligno
2562 1059 2648 1102 ses-

1379 1138 1475 1168 rum
1498 1127 1691 1180 elapsum
1709 1158 1719 1177 ,
1745 1134 1786 1170 et
1808 1126 1861 1170 de
1886 1126 2104 1182 profundo
2133 1130 2328 1172 evocavit
2349 1162 2360 1181 ,
2395 1136 2438 1172 et
2468 1132 2535 1183 ei,
2563 1145 2647 1188 qui

101 1203 225 1246 imica
249 1210 315 1246 est
334 1235 344 1254 ,
381 1214 509 1257 quam
534 1213 709 1244 carnem
737 1212 760 1243 a
783 1193 1186 1255 voluptates19‘8
1205 1210 1301 1253 quae
1327 1206 1359 1249 Β
1382 1198 1587 1242 amiserat
1612 1198 1805 1256 restituit
1831 1197 1915 1254 (IV
1938 1198 2038 1255 Req.
2062 1212 2122 1250 γι,
2159 1199 2217 1254 7).
2242 1198 2332 1242 Hoc
2356 1207 2638 1258 autemnquo—

55 1276 105 1321 d
148 1276 369 1319 libidinem
407 1276 446 1318 ei
484 1274 758 1329 provocatrix
796 1279 879 1324 est,
922 1273 1155 1316 assiduitas
1185 1271 1307 1314 bonae

53 1349 252 1400 tionis,
293 1353 336 1392 et
374 1347 496 1390 labor
538 1345 690 1402 rigidae
723 1346 1072 1390 mortificationis
1118 1344 1305 1388 alienam

54 1438 93 1445 ⁴·
111 1420 209 1466 ulit.

66 1523 73 1541 .,-
102 1491 184 1536 vt.
230 1492 341 1548 Magi
377 1504 480 1548 ergo
503 1493 603 1544 isti,
641 1493 714 1547 qui
737 1492 912 1535 domum
933 1526 943 1545 ‚
975 1491 1019 1535 in
1051 1504 1136 1547 qua
1158 1492 1305 1537 Jesum

54 1566 73 1577 ‘'
107 1567 298 1619 veniunt,
338 1571 380 1609 et
403 1572 584 1610 matrem
603 1566 699 1620 ejus
724 1566 900 1608 Mariam
917 1600 927 1618 ,
952 1567 1189 1617 introcunt,
1226 1579 1306 1609 au-

68 1658 80 1669 ι
109 1652 170 1691 m,
204 1641 305 1683 thus
330 1645 372 1684 et
403 1639 622 1695 myrrham
657 1637 842 1682 offerunt
877 1639 1080 1692 Christo,
1124 1644 1171 1681 ut
1207 1651 1304 1691 nos,

53 1719 211 1760 iratres
235 1712 499 1764 charissimi,
530 1725 610 1756 suo
633 1712 898 1757 instruerent
915 1713 1125 1768 exemplo,
1155 1719 1309 1768 quate-

85 1799 136 1830 us
159 1786 232 1841 qui
257 1785 487 1840 bunciam
520 1786 661 1829 locum
695 1785 981 1836 intravimus,
1012 1790 1055 1827 et
1094 1786 1306 1829 intrantes

55 1857 372 1909 'nhabitamus-;
410 1856 481 1899 ubi
517 1861 559 1900 et
577 1863 729 1900 ‘status
754 1857 909 1899 animae
932 1857 1144 1907 salubris,
1176 1861 1217 1899 et
1240 1857 1308 1899 in-

45 1939 174 1977 terna
211 1929 346 1983 gratia
369 1931 461 1978 est,
503 1927 696 1970 studiose
730 1932 773 1970 et
802 1927 1030 1983 diligenter
1053 1927 1307 1972 insistamus

70 2000 260 2052 cetioni,
305 2006 347 2044 ct
366 2012 484 2056 purae
515 1999 716 2044 ardenter
753 2001 1054 2044 incumbamus
1097 2002 1304 2053 orationi,

66 2077 98 2117 t
114 2074 371 2122 necessariae
390 2086 479 2116 non
497 2074 779 2129 negligenter,
806 2083 982 2116 carnem
1002 2074 1306 2119 mortificando

55 2158 153 2191 cum
189 2145 305 2192 vitiis
337 2153 379 2190 et
418 2146 807 2201 concupiscentiis,
840 2146 1095 2191 insist-amus
1129 2147 1303 2191 actioni.

52 2221 109 2264 >Et
132 2221 184 2264 de
206 2221 348 2265 studio
367 2233 501 2264 sacrae
529 2220 740 2272 lectionis,
779 2220 964 2264 dicimus
982 2220 1097 2276 quod
1119 2225 1304 2264 mentem

57 2293 286 2343 illuminet,
318 2299 469 2336 eontra
495 2294 750 2350 ignorantiae
773 2294 1082 2337 obscuritatem
1105 2308 1116 2347 ;
1144 2293 1197 2338 de
1226 2308 1307 2349 pu·

55 2367 185 2422 ritate
207 2365 374 2412 devotae
397 2367 625 2418 orationis,
659 2367 775 2422 quod
796 2367 1038 2410 sanctificat
1055 2375 1204 2410 contra
1222 2368 1307 2410 illi-

58 2439 187 2484 citam
206 2453 280 2483 scu
300 2438 487 2484 carnalis
512 2453 588 2483 seu
618 2441 857 2495 spiritualis
883 2440 1099 2495 appetitus
1115 2442 1310 2497 volupta-

58 2519 175 2567 te1n3
210 2515 264 2558 de
301 2515 555 2558 assiduitate
584 2515 709 2558 bonae
741 2515 948 2566 actionis,
987 2514 1309 2570 quod‘exornat

18 2603 19 2606 ¹
60 2595 210 2630 moira
232 2599 355 2637 eam,
393 2599 490 2642 quae
523 2587 679 2630 animae
713 2593 779 2630 est
812 2588 1015 2639 inimica,
1046 2587 1307 2631 otiositatem

63 2658 211 2715 (flecti.
238 2671 374 2707 xxxin
393 2690 404 2710 ,
437 2659 536 2714 2933
575 2658 628 2702 de
655 2658 988 2702 mortificatione
1025 2671 1125 2702 vero
1147 2660 1307 2710 carnis,

61 2734 175 2789 quod
197 2735 290 2789 ipsa
314 2746 414 2777 vera
439 2735 614 2789 myrrha
639 2741 718 2784 cst,
746 2733 846 2789 quia
864 2734 965 2776 dum
990 2735 1186 2789 eorporis
1207 2734 1310 2776 vitia

46 2798 235 2861 spreuiit,
253 2804 440 2846 animam
468 2816 641 2860 quoque
662 2803 715 2846 ad
740 2804 982 2859 spiritualia
999 2805 1135 2847 levem
1152 2795 1308 2848 reddit.

8 2891 9 2894 ¹
45 2876 163 2920 lllaec
183 2876 235 2922 de
258 2877 443 2922 adventu
473 2888 693 2932 magorum
718 2877 771 2919 ad
804 2875 1042 2927 Christum,
1069 2876 1112 2921 in
1140 2888 1227 2932 quo
1247 2877 1314 2920 di÷

65 2949 208 2993 ximus
240 2950 508 2993 vocationem
536 2962 631 2994 esse
650 2962 926 3006 expressam,
959 2950 1003 2993 in
1025 2951 1122 3007 {quo
1158 2956 1200 2994 et
1226 2950 1315 3006 pri-

11 3039 13 3042 ⁴
45 3032 177 3064 ·mam
191 3020 442 3064 exhibemus
459 3021 621 3064 mundo
638 3021 1027 3066 manifestationem
1046 3034 1311 3066 concessam.

46 3091 314 3138 ‘Secundum
343 3106 444 3137 vero
478 3094 687 3139 haiemus
720 3095 765 3137 in
804 3095 1018 3152 baptismo
1054 3096 1172 3150 ejus,
1214 3097 1333 3151 quia·

48 3177 147 3209 'nos
170 3167 371 3221 primitus
396 3179 600 3210 vocamur
616 3201 626 3219 ,
653 3174 694 3211 et
717 3169 854 3213 vocati
888 3169 1183 3212 emundamur.
1221 3168 1317 3211 Pri-

22 3289 27 3308 «
47 3248 183 3282 «mum
202 3251 386 3295 namque
403 3246 530 3282 vocat
546 3253 626 3283 nos
649 3239 699 3282 de
725 3240 900 3283 tenebris
924 3242 965 3283 in
985 3241 1234 3284 admirabile
1259 3242 1319 3284 lu-

1391 1270 1493 1314 tidie
1515 1276 1665 1314 noster
1688 1272 1854 1322 calvus,
1880 1272 1999 1316 illum
2019 1272 2174 1328 loquor
2205 1274 2278 1328 qui
2302 1273 2345 1316 in
2372 1274 2467 1334 loco
2493 1273 2647 1318 Calva-

1389 1344 1465 1387 riae
1480 1344 1793 1388 estcrucilixus
1813 1360 1823 1387 :
1846 1344 1972 1399 euius
1997 1357 2171 1401 quoque
2192 1347 2334 1401 capilli
2358 1346 2646 1400 defluxerunt,

1389 1418 1491 1461 dum
1514 1416 1716 1474 discipuli
1733 1417 1885 1460 relicto
1907 1429 1959 1460 eo
1978 1416 2180 1473 sugerunt
2206 1416 2377 1475 (March.
2398 1433 2517 1471 xxm,
2542 1421 2647 1479 56);

1390 1492 1476 1541 ille,
1502 1491 1695 1546 inquam,
1722 1496 1870 1533 noster
1892 1490 2081 1538 Elizaeus
2098 1491 2183 1535 hoc
2207 1492 2437 1536 nobiscum
2462 1493 2649 1549 benigne

1390 1576 1516 1620 agene
1548 1576 1637 1606 non
1673 1566 1863 1616 omittit,
1901 1564 2004 1607 dum
2032 1571 2219 1608 mentem
2248 1577 2325 1621 per
2359 1566 2647 1611 humilitatem

1389 1637 1843 1694 quidcm'eonsringit‚
1873 1644 1914 1681 et
1934 1638 2145 1681 amissum
2171 1637 2296 1688 sorte,
2323 1651 2399 1694 per
2418 1640 2651 1683 elationem

1389 1710 1620 1761 occultam,
1667 1716 1816 1764 gratiae
1854 1710 2016 1753 donum
2054 1710 2261 1753 restituit.
2309 1709 2432 1763 Quod
2471 1712 2644 1767 quidem

1390 1782 1501 1838 apud
1525 1795 1622 1826 eum
1650 1788 1841 1826 merctur
1864 1783 2096 1839 impetrare
2121 1783 2299 1826 humilis
2331 1785 2404 1826 illa
2426 1784 2647 1829 consessio

1389 1855 1499 1910 ejus,
1521 1867 1617 1910 quae
1638 1855 1712 1897 tali
1739 1855 2184 1899 resonabatclamore
2202 1855 2346 1899 Elizaei
2375 1873 2383 1899 ε
2409 1857 2517 1909 Heu,
2551 1858 2646 1908 Ιισιι,

1388 1927 1566 1970 Domine
1585 1929 1672 1970 mi!
1694 1935 1734 1970 et.
1752 1927 1827 1970 Ιιοε
1853 1930 1990 1983 ipsum
2010 1935 2151 1971 mutuo
2171 1941 2407 1984 acceperam
2436 1929 2476 1986 (1
2489 1931 2520 1973 V
2547 1930 2644 1987 Req.

1388 2015 1448 2053 vi,
1475 2001 1534 2058 5).
1569 1999 1683 2053 Quid
1715 2001 1831 2044 enim
1862 2001 2072 2045 habemus
2110 2002 2226 2056 quod
2254 2014 2341 2044 non
2366 2002 2652 2058 accepimus?

1391 2073 1474 2118 Sed
1492 2085 1643 2130 parum
1662 2079 1745 2124 est,
1791 2073 2025 2117 debueram
2046 2074 2162 2117 enim
2184 2073 2329 2118 dicere
2348 2090 2358 2118 z
2379 2075 2492 2126 Ouid
2516 2076 2649 2120 habe-

1387 2147 1606 2202 musquod
1617 2158 1703 2189 non
1718 2151 1869 2188 mutuo
1882 2147 2148 2202 accepimus?
2159 2145 2376 2202 Quidquid
2394 2153 2536 2192 autem
2552 2161 2648 2191 mu-

1389 2223 1462 2261 tuo
1477 2218 1704 2275 accipitur,
1718 2218 1983 2262 reddendum
1996 2223 2078 2273 est;
2095 2217 2272 2282 reddere
2287 2220 2432 2276 utiquc
2444 2221 2649 2265 debemus

1389 2292 1503 2348 quod
1527 2291 1795 2348 accepimus,
1818 2296 1860 2335 et
1884 2291 2067 2336 reddere
2090 2304 2189 2335 cum
2211 2305 2359 2336 usura.
2396 2293 2547 2338 Omnis
2571 2295 2651 2337 ita-

1388 2379 1472 2421 que
1495 2366 1644 2422 gratiae
1664 2399 1674 2415 ‚
1706 2377 1836 2427 quam
1863 2366 1929 2410 sic
1954 2366 2227 2421 accepimus,
2266 2367 2492 2411 humilitas
2514 2373 2581 2412 est
2605 2368 2651 2411 izi

1388 2439 1515 2482 nohis
1534 2447 1574 2483 et
1593 2437 1852 2494 acquisitrix
1876 2438 2088 2490 absentis,
2117 2444 2159 2482 et
2186 2441 2486 2483 conservatrix
2512 2442 2648 2484 colla-

1390 2520 1444 2555 tae
1481 2519 1523 2556 et
1555 2512 1845 2556 restauratrix
1869 2511 2115 2556 subtractae.
2155 2511 2229 2556 Ibo
2250 2510 2434 2568 mihi'ad
2453 2526 2571 2565 eam,
2607 2520 2650 2557 ct

1393 2598 1613 2629 assumam
1636 2597 1731 2629 eam
1755 2585 1861 2628 mihi
1881 2585 2042 2630 sociam
2069 2585 2333 2631 individuam
2355 2620 2366 2639 ,
2407 2571 2454 2628 ut
2474 2587 2650 2630 veniant

1392 2658 1498 2701 mihi
1538 2660 1686 2714 omnia
1725 2658 1839 2701 bona
1871 2670 1950 2714 per
1985 2657 2135 2711 illam3
2175 2670 2272 2701 cum
2302 2659 2484 2715 gratiam
2509 2661 2651 2703 sentio

1394 2740 1666 2787 praesentem,
1699 2732 1793 2787 ipsa
1816 2731 2031 2774 custodiet
2053 2742 2147 2774 cam
2171 2744 2225 2774 ne
2249 2731 2427 2786 perdam
2457 2748 2464 2774 :
2494 2733 2650 2776 absen-

1394 2811 1479 2850 tem
1500 2838 1512 2857 ,
1550 2811 1593 2849 et
1616 2803 1727 2864 sorte
1747 2805 2016 2848 subtractam
2036 2805 2129 2860 ipsa
2158 2805 2436 2855 restaurabit,
2465 2811 2510 2847 ut
2541 2806 2649 2851 milii

1394 2879 1662 2923 restituatur,

1451 2952 1525 2995 tx.
1541 2951 1663 2995 Hanc
1707 2955 1850 2994 autem
1886 2949 2012 2994 nobis
2057 2949 2283 3006 diligenter
2321 2950 2644 3006 acquirendam,

1396 3034 1439 3071 et·
1475 3027 1635 3082 iugiter
1672 3024 1973 3068 retentandam
2027 3023 2202 3068 humilis
2260 3024 2385 3069 Jcsus
2431 3025 2602 3068 edocuit
2633 3041 2643 3068 ε

1396 3113 1524 3156 quam
1544 3111 1641 3143 cum
1666 3099 1709 3141 in
1735 3098 1937 3142 omnibus
1956 3097 2082 3141 factis
2109 3097 2201 3141 suis
2229 3098 2504 3147 excellenter,
2550 3111 2647 3153 spe--

1397 3174 1565 3217 cialiter
1584 3178 1728 3216 tamen
1750 3171 1794 3214 in
1822 3171 2038 3226 baptismo
2062 3182 2142 3214 suo
2165 3182 2257 3213 cam
2283 3171 2472 3214 ostendit
2495 3187 2503 3212 :
2527 3172 2649 3213 incli-

1398 3258 1509 3291 nans
1534 3257 1580 3288 se
1599 3243 1907 3299 baptizandum
1934 3243 2134 3286 manibus
2150 3242 2346 3295 Joaniiis,
2383 3256 2478 3286 cum
2505 3243 2646 3287 omnis

11 3366 15 3367 ⁷
69 3323 295 3370 mensumn
326 3311 368 3368 (l
389 3312 503 3356 Petr.
526 3325 556 3364 ι,
584 3313 657 3368 9);
690 3313 845 3357 deinde
867 3327 969 3357 vero
986 3316 1188 3358 emundat
1217 3329 1314 3358 con-
1330 3325 1373 3377 'D
1398 3328 1579 3373 prorsus
1598 3320 1713 3359 esset
1737 3314 1940 3368 contagii,
1968 3314 2083 3368 quod
2123 3314 2375 3357 ablueretur
2418 3315 2640 3359 immunis.

11 3384 13 3386 ’
67 3382 282 3426 scienciam
306 3391 490 3425 nostram
514 3383 563 3424 ab
575 3384 766 3438 operibus
787 3385 960 3427 mortuis
985 3395 1038 3427 aa
1059 3387 1314 3428 serviendum

7 3451 15 3496 Y
70 3455 155 3499 Deo
172 3458 316 3499 viventi
341 3456 487 3514 (Hebr.
516 3470 584 3508 tx,
613 3458 680 3511 14)
706 3490 716 3508 ,
757 3465 799 3502 et
833 3460 923 3514 ipse
959 3460 1131 3516 quidem
1158 3461 1202 3509 in
1226 3461 1318 3504 Jor-

32 3575 33 3579 ,
71 3533 180 3576 dane
196 3533 438 3589 baptizatus
453 3540 543 3576 est:
571 3534 672 3589 quia
687 3540 730 3576 ct
743 3535 981 3588 spiritualis
997 3544 1145 3578 nostra
1165 3538 1318 3578 emun-

36 3605 37 3649 Ξ
71 3605 187 3647 datio
213 3605 254 3646 in
279 3605 519 3647 humilitate
541 3612 624 3648 est.
666 3605 998 3648 Descensionem
1037 3607 1195 3650 etenim
1219 3606 1317 3650 Jor-

36 3670 38 3689 ¹
73 3676 204 3718 danes
228 3681 369 3728 sonat,
388 3683 429 3719 ct
452 3677 712 3720 descendere
730 3677 949 3720 humiliari
978 3685 1059 3722 est.

129 3748 234 3793 vlu.
270 3750 588 3793 Descendamus
614 3752 758 3806 itaque
776 3756 823 3793 ut
840 3751 1145 3805 humitieinu1=;
1175 3753 1318 3796 humi·

73 3821 227 3865 licmur
263 3828 308 3865 ut
348 3823 629 3867 emundemur
654 3838 664 3865 z
695 3823 796 3878 quia
828 3836 925 3866 eum
950 3824 1193 3869 humiliaris
1212 3833 1319 3869 tune

76 3897 212 3938 solum
236 3896 499 3940 emundaris.
531 3895 655 3938 Sicut
683 3897 797 3938 enim
817 3898 940 3950 juxta
966 3899 1221 3940 sententiam
1249 3910 1319 3941 sa-

6 3958 13 3962 *
77 3968 232 4022 pient-is
258 3984 267 4009 :
294 3967 530 4010 immundus
548 3976 609 4011 est
631 3970 779 4019 omm's,
808 3970 878 4024 qui
898 3969 1058 4011 exaltat
1081 3983 1152 4012 cor
1171 3975 1318 4020 suanm

78 4040 141 4083 sic
162 4041 381 4091 nimirum,
400 4042 473 4096 qui
495 4042 700 4083 veraciter
721 4054 767 4083 se
785 4042 995 4093 humiliat,
1016 4044 1321 4097 pronuntiatur

79 4116 171 4158 sine
190 4115 322 4157 dubio
347 4114 547 4157 mundus.
583 4115 618 4156 O
639 4122 788 4158 sancta
807 4148 817 4167 ,
843 4120 884 4158 ct
905 4114 1017 4157 inter
1038 4117 1216 4159 virtutes
1238 4127 1320 4159 cae-

81 4193 194 4231 teras
209 4188 415 4231 veraciter
433 4188 704 4230 sanctificans
724 4188 908 4228 animam
932 4187 1174 4231 humilitas!
1195 4188 1319 4242 cujus

80 4267 146 4304 est
173 4261 216 4304 in
240 4262 362 4305 nobis
383 4268 425 4304 et
442 4261 648 4312 virtutes,
677 4266 717 4303 et
740 4273 837 4304 eum
867 4262 1042 4312 desunt,
1066 4262 1288 4316 acquirere
1306 4294 1317 4312 ,

81 4338 122 4380 ct,
147 4345 243 4377 cum
268 4334 448 4388 adsunt,
485 4333 727 4384 custodire,
763 4340 803 4377 et
831 4347 933 4377 cum
960 4334 1067 4378 forte
1089 4334 1320 4378 subtractae

40 4420 43 4438 l

33 4458 44 4538 i

1398 3391 1503 3444 Quis
1527 3403 1613 3433 nen
1635 3389 1932 3443 obstupescat,
1950 3388 2235 3439 dilectissimi,
2257 3387 2409 3430 ‘videns
2431 3399 2644 3430 summam

1398 3464 1629 3519 puritatem
1664 3462 1813 3505 venire
1837 3462 1890 3504 ad
1931 3461 2216 3511 ablutionem,
2242 3459 2374 3503 Deum
2410 3471 2645 3515 properare

1398 3543 1444 3579 ut
1473 3536 1672 3578 abluatur
1702 3535 1756 3577 ab
1797 3533 1985 3583 homine,
2035 3533 2258 3576 Dominum
2286 3545 2307 3574 a
2336 3544 2475 3577 servo,
2501 3532 2645 3574 -inno-

1399 3617 1566 3653 centem
1615 3619 1638 3648 a
1682 3600 1927 3662 peccatore,
1961 3605 2179 3649 Christum
2229 3618 2252 3646 a
2297 3605 2486 3647 Joanne?
2525 3603 2645 3646 Venit

1398 3682 1523 3730 enim,
1550 3685 1596 3721 ut
1621 3681 1680 3721 ait
1704 3679 1983 3734 evangelista,
2009 3677 2132 3719 Jesus
2158 3675 2212 3718 ad
2245 3675 2464 3726 Joannem,
2493 3682 2537 3717 ut
2570 3675 2644 3716 ba·

1397 3754 1626 3806 ptizaretur
1646 3751 1695 3792 ab
1712 3765 1758 3794 eo
1795 3751 1966 3807 (Manli.
2010 3763 2077 3801 111,
2105 3750 2198 3806 15),
2247 3762 2375 3803 super
2404 3761 2486 3804 qua
2511 3760 2646 3792 causa

1399 3828 1609 3870 adventus·
1634 3826 1772 3882 ipsius
1803 3826 1928 3882 199
1961 3825 2184 3880 obstupuit
2217 3825 2327 3867 idem
2371 3824 2641 3867 vehementer

1399 3899 1584 3942 loannes
1611 3914 1620 3941 ;
1647 3899 1795 3954 sicque
1828 3899 1879 3940 ad
1899 3898 2229 3952 prohibitionem
2256 3898 2396 3939 statim
2423 3897 2642 3938 humiliter

1400 3986 1445 4016 se
1468 3972 1696 4022 convertit,
1728 3984 1816 4026 eqo,
1833 3970 2050 4025 inquiens,
2075 3984 2099 4011 ιι
2132 3977 2167 4012 te
2197 3969 2320 4011 debeo
2352 3969 2576 4022 baptisari,
2601 3974 2640 4009 et

1401 4051 1444 4085 tu
1467 4043 1579 4085 venis
1601 4042 1655 4084 ad
1679 4055 1741 4083 me
1760 4041 1930 4097 (Manli.
1954 4040 1983 4092 t,
2006 4041 2103 4095 MT?
2123 4041 2191 4083 cui
2218 4040 2449 4094 respondet
2475 4037 2599 4081 Jes'us
2626 4053 2636 4079 :

1401 4114 1499 4157 Sine
1523 4111 1660 4162 niodo,
1679 4118 1722 4156 et
1749 4112 1944 4166 adjunxit
1973 4127 1980 4154 :
2021 4113 2079 4153 sic
2103 4112 2208 4152 enim
2253 4116 2367 4152 decet
2394 4123 2466 4151 nos
2510 4108 2640 4150 adim-

1399 4186 1508 4240 plere
1530 4194 1688 4228 omnem
1699 4182 1910 4239 justitiam
1931 4184 2085 4241 (ibid).
2106 4183 2232 4242 Quid,
2259 4180 2420 4237 quu’s'o,
2456 4185 2520 4223 cst
2538 4181 2636 4231 hoc,

1402 4260 1570 4310 olione,
1618 4258 1856 4312 ohenigne,
1889 4258 2052 4300 emitis
2091 4263 2139 4307 et„
2166 4255 2340 4303 inunilis
2361 4253 2487 4296 lesu?
2526 4252 2637 4303 Quid

1406 4331 1605 4387 estquod
1644 4331 1766 4382 dicis,
1799 4332 1861 4376 sic
1899 4330 2152 4386 implendam
2173 4341 2266 4372 csse
2313 4338 2478 4370 omnem
2515 4326 2636 4381 justi·
