<?xml version="1.0" encoding="UTF-8"?>
<!DOCTYPE html PUBLIC "-//W3C//DTD XHTML 1.0 Transitional//EN"
    "http://www.w3.org/TR/xhtml1/DTD/xhtml1-transitional.dtd">
<html xmlns="http://www.w3.org/1999/xhtml" xml:lang="en" lang="en">
 <head>
  <title>
</title>
<meta http-equiv="Content-Type" content="text/html;charset=utf-8" />
  <meta name='ocr-system' content='tesseract 3.04.00' />
  <meta name='ocr-capabilities' content='ocr_page ocr_carea ocr_par ocr_line ocrx_word'/>
</head>
<body>
  <div class='ocr_page' id='page_1' title='image "./patrologiaecursu00hammuoft_0600.png"; bbox 0 0 2924 4588; ppageno 0'>
   <div class='ocr_carea' id='block_1_1' title="bbox 234 131 604 193">
    <p class='ocr_par' dir='ltr' id='par_1_1' title="bbox 234 131 604 193">
     <span class='ocr_line' id='line_1_1' title="bbox 234 131 604 193; baseline 0 -10"><span class='ocrx_word' id='word_1_1' title='bbox 234 131 348 185; x_wconf 70' lang='lat'>15⁸3</span> <span class='ocrx_word' id='word_1_2' title='bbox 578 159 604 193; x_wconf 48' lang='grc' dir='ltr'><strong>ῃ</strong></span> 
     </span>
    </p>
   </div>
   <div class='ocr_carea' id='block_1_2' title="bbox 205 216 1524 4497">
    <p class='ocr_par' dir='ltr' id='par_1_2' title="bbox 214 216 1524 2893">
     <span class='ocr_line' id='line_1_2' title="bbox 230 216 1524 283; baseline -0.009 -13"><span class='ocrx_word' id='word_1_3' title='bbox 230 217 362 283; x_wconf 72' lang='lat' dir='ltr'>bysso</span> <span class='ocrx_word' id='word_1_4' title='bbox 389 229 547 268; x_wconf 88' lang='lat' dir='ltr'>retorta</span> <span class='ocrx_word' id='word_1_5' title='bbox 570 227 834 274; x_wconf 64' lang='lat' dir='ltr'>contextum,</span> <span class='ocrx_word' id='word_1_6' title='bbox 855 217 1283 275; x_wconf 73' lang='lat' dir='ltr'>ingredientibusque</span> <span class='ocrx_word' id='word_1_7' title='bbox 1308 227 1383 272; x_wconf 88' lang='lat' dir='ltr'>per</span> <span class='ocrx_word' id='word_1_8' title='bbox 1404 216 1468 270; x_wconf 84' lang='lat' dir='ltr'>ip·</span> <span class='ocrx_word' id='word_1_9' title='bbox 1493 216 1524 258; x_wconf 77' lang='grc' dir='ltr'>Α</span> 
     </span>
     <span class='ocr_line' id='line_1_3' title="bbox 230 289 1472 355; baseline -0.009 -11"><span class='ocrx_word' id='word_1_10' title='bbox 230 311 329 344; x_wconf 78' lang='lat' dir='ltr'>sum</span> <span class='ocrx_word' id='word_1_11' title='bbox 357 297 539 355; x_wconf 87' lang='lat' dir='ltr'>pedibus</span> <span class='ocrx_word' id='word_1_12' title='bbox 566 295 826 341; x_wconf 78' lang='lat' dir='ltr'>ascendebat</span> <span class='ocrx_word' id='word_1_13' title='bbox 849 304 987 349; x_wconf 88' lang='lat' dir='ltr'>usque</span> <span class='ocrx_word' id='word_1_14' title='bbox 1004 293 1055 336; x_wconf 84' lang='lat' dir='ltr'>ad</span> <span class='ocrx_word' id='word_1_15' title='bbox 1079 289 1284 342; x_wconf 73' lang='lat' dir='ltr'>lumbos:</span> <span class='ocrx_word' id='word_1_16' title='bbox 1323 291 1472 346; x_wconf 85' lang='lat' dir='ltr'>ibique</span> 
     </span>
     <span class='ocr_line' id='line_1_4' title="bbox 234 362 1470 424; baseline -0.007 -10"><span class='ocrx_word' id='word_1_17' title='bbox 234 372 407 414; x_wconf 70' lang='lat' dir='ltr'>sortiter</span> <span class='ocrx_word' id='word_1_18' title='bbox 451 370 758 424; x_wconf 55' lang='lat' dir='ltr'>stringuntur,</span> <span class='ocrx_word' id='word_1_19' title='bbox 788 372 830 410; x_wconf 91' lang='lat' dir='ltr'>et</span> <span class='ocrx_word' id='word_1_20' title='bbox 854 378 992 422; x_wconf 87' lang='lat' dir='ltr'>usque</span> <span class='ocrx_word' id='word_1_21' title='bbox 1028 365 1081 408; x_wconf 89' lang='lat' dir='ltr'>ad</span> <span class='ocrx_word' id='word_1_22' title='bbox 1122 374 1261 421; x_wconf 82' lang='lat' dir='ltr'>genua</span> <span class='ocrx_word' id='word_1_23' title='bbox 1299 362 1470 407; x_wconf 76' lang='lat' dir='ltr'>&#39;tantum</span> 
     </span>
     <span class='ocr_line' id='line_1_5' title="bbox 228 436 1471 495; baseline -0.006 -7"><span class='ocrx_word' id='word_1_24' title='bbox 228 442 531 488; x_wconf 73' lang='lat' dir='ltr'><strong>descendebat.</strong></span> <span class='ocrx_word' id='word_1_25' title='bbox 577 440 732 484; x_wconf 88' lang='lat' dir='ltr'>Noster</span> <span class='ocrx_word' id='word_1_26' title='bbox 766 447 908 483; x_wconf 90' lang='lat' dir='ltr'>tamen</span> <span class='ocrx_word' id='word_1_27' title='bbox 939 438 1150 495; x_wconf 77' lang='lat' dir='ltr'>pontifex,</span> <span class='ocrx_word' id='word_1_28' title='bbox 1190 438 1291 494; x_wconf 90' lang='lat' dir='ltr'>quia</span> <span class='ocrx_word' id='word_1_29' title='bbox 1326 436 1471 492; x_wconf 72' lang='lat' dir='ltr'>iugem</span> 
     </span>
     <span class='ocr_line' id='line_1_6' title="bbox 230 508 1474 566; baseline -0.006 -7"><span class='ocrx_word' id='word_1_30' title='bbox 230 518 357 560; x_wconf 87' lang='lat' dir='ltr'>habet</span> <span class='ocrx_word' id='word_1_31' title='bbox 400 512 725 564; x_wconf 73' lang='lat' dir='ltr'>continentiam,</span> <span class='ocrx_word' id='word_1_32' title='bbox 771 520 935 556; x_wconf 87' lang='lat' dir='ltr'>tantum</span> <span class='ocrx_word' id='word_1_33' title='bbox 977 511 1166 556; x_wconf 86' lang='lat' dir='ltr'>sandalis</span> <span class='ocrx_word' id='word_1_34' title='bbox 1204 509 1333 566; x_wconf 86' lang='lat' dir='ltr'>pedes</span> <span class='ocrx_word' id='word_1_35' title='bbox 1372 508 1474 563; x_wconf 85' lang='lat' dir='ltr'>tegit</span> 
     </span>
     <span class='ocr_line' id='line_1_7' title="bbox 228 582 1470 646; baseline -0.006 -15"><span class='ocrx_word' id='word_1_36' title='bbox 228 587 371 646; x_wconf 73' lang='lat' dir='ltr'>(Ioan.</span> <span class='ocrx_word' id='word_1_37' title='bbox 398 586 518 639; x_wconf 82' lang='lat' dir='ltr'>xtlt),</span> <span class='ocrx_word' id='word_1_38' title='bbox 551 599 601 629; x_wconf 90' lang='lat' dir='ltr'>ac</span> <span class='ocrx_word' id='word_1_39' title='bbox 619 585 655 629; x_wconf 89' lang='lat' dir='ltr'>si</span> <span class='ocrx_word' id='word_1_40' title='bbox 676 586 846 629; x_wconf 89' lang='lat' dir='ltr'>dicatur</span> <span class='ocrx_word' id='word_1_41' title='bbox 861 585 898 627; x_wconf 89' lang='lat' dir='ltr'>ci</span> <span class='ocrx_word' id='word_1_42' title='bbox 927 598 937 627; x_wconf 92' lang='lat'><strong>:</strong></span> <span class='ocrx_word' id='word_1_43' title='bbox 967 599 982 625; x_wconf 75' lang='grc' dir='ltr'>ι</span> <span class='ocrx_word' id='word_1_44' title='bbox 1006 582 1086 637; x_wconf 84' lang='lat' dir='ltr'>Qui</span> <span class='ocrx_word' id='word_1_45' title='bbox 1128 583 1243 626; x_wconf 80' lang='lat' dir='ltr'>lctus</span> <span class='ocrx_word' id='word_1_46' title='bbox 1279 589 1359 633; x_wconf 89' lang='lat' dir='ltr'>est,</span> <span class='ocrx_word' id='word_1_47' title='bbox 1388 595 1470 624; x_wconf 89' lang='lat' dir='ltr'>non</span> 
     </span>
     <span class='ocr_line' id='line_1_8' title="bbox 227 653 1471 716; baseline -0.004 -13"><span class='ocrx_word' id='word_1_48' title='bbox 227 661 390 716; x_wconf 76' lang='lat' dir='ltr'>indiget</span> <span class='ocrx_word' id='word_1_49' title='bbox 416 659 499 703; x_wconf 93' lang='lat' dir='ltr'>nisi</span> <span class='ocrx_word' id='word_1_50' title='bbox 526 666 569 702; x_wconf 89' lang='lat' dir='ltr'>ut</span> <span class='ocrx_word' id='word_1_51' title='bbox 613 659 743 714; x_wconf 83' lang='lat' dir='ltr'>pedes</span> <span class='ocrx_word' id='word_1_52' title='bbox 786 658 896 701; x_wconf 79' lang='lat' dir='ltr'>lavet</span> <span class='ocrx_word' id='word_1_53' title='bbox 920 659 934 676; x_wconf 76' lang='lat'>⁶</span> <span class='ocrx_word' id='word_1_54' title='bbox 954 658 984 701; x_wconf 77' lang='lat'>⁶.</span> <span class='ocrx_word' id='word_1_55' title='bbox 1012 672 1026 698; x_wconf 85' lang='lat'><strong>»</strong></span> <span class='ocrx_word' id='word_1_56' title='bbox 1064 653 1263 700; x_wconf 83' lang='lat' dir='ltr'>Secundo</span> <span class='ocrx_word' id='word_1_57' title='bbox 1299 654 1471 711; x_wconf 86' lang='lat' dir='ltr'>byssina</span> 
     </span>
     <span class='ocr_line' id='line_1_9' title="bbox 226 729 1472 787; baseline -0.004 -10"><span class='ocrx_word' id='word_1_58' title='bbox 226 735 407 777; x_wconf 82' lang='lat' dir='ltr'>sindone</span> <span class='ocrx_word' id='word_1_59' title='bbox 426 732 584 787; x_wconf 79' lang='lat' dir='ltr'>duplici</span> <span class='ocrx_word' id='word_1_60' title='bbox 618 732 896 784; x_wconf 79' lang='lat' dir='ltr'>vestiebatur,</span> <span class='ocrx_word' id='word_1_61' title='bbox 915 730 1028 786; x_wconf 84' lang='lat' dir='ltr'>quod</span> <span class='ocrx_word' id='word_1_62' title='bbox 1062 738 1308 782; x_wconf 80' lang='lat' dir='ltr'>ceetomone,</span> <span class='ocrx_word' id='word_1_63' title='bbox 1339 729 1378 772; x_wconf 92' lang='lat' dir='ltr'>id</span> <span class='ocrx_word' id='word_1_64' title='bbox 1407 735 1472 772; x_wconf 87' lang='lat' dir='ltr'>est</span> 
     </span>
     <span class='ocr_line' id='line_1_10' title="bbox 224 801 1473 859; baseline -0.003 -11"><span class='ocrx_word' id='word_1_65' title='bbox 224 805 381 848; x_wconf 79' lang='lat' dir='ltr'>lineum</span> <span class='ocrx_word' id='word_1_66' title='bbox 406 805 648 855; x_wconf 78' lang='lat' dir='ltr'>dicebatur,</span> <span class='ocrx_word' id='word_1_67' title='bbox 670 816 799 859; x_wconf 85' lang='lat' dir='ltr'>quam</span> <span class='ocrx_word' id='word_1_68' title='bbox 831 817 913 847; x_wconf 80' lang='lat' dir='ltr'>nos</span> <span class='ocrx_word' id='word_1_69' title='bbox 947 803 1103 845; x_wconf 87' lang='lat' dir='ltr'>lineam</span> <span class='ocrx_word' id='word_1_70' title='bbox 1146 802 1359 853; x_wconf 85' lang='lat' dir='ltr'>strictam,</span> <span class='ocrx_word' id='word_1_71' title='bbox 1384 801 1473 845; x_wconf 80' lang='lat' dir='ltr'>sive</span> 
     </span>
     <span class='ocr_line' id='line_1_11' title="bbox 225 875 1471 932; baseline -0.002 -11"><span class='ocrx_word' id='word_1_72' title='bbox 225 879 468 930; x_wconf 55' lang='lat' dir='ltr'>caudelam,</span> <span class='ocrx_word' id='word_1_73' title='bbox 498 877 564 921; x_wconf 80' lang='lat' dir='ltr'>vel</span> <span class='ocrx_word' id='word_1_74' title='bbox 613 876 868 921; x_wconf 70' lang='lat' dir='ltr'>subuculam</span> <span class='ocrx_word' id='word_1_75' title='bbox 909 875 1110 923; x_wconf 84' lang='lat' dir='ltr'>dicimus.</span> <span class='ocrx_word' id='word_1_76' title='bbox 1147 888 1275 931; x_wconf 84' lang='lat' dir='ltr'>quam</span> <span class='ocrx_word' id='word_1_77' title='bbox 1302 875 1471 932; x_wconf 75' lang='lat' dir='ltr'>Moyses</span> 
     </span>
     <span class='ocr_line' id='line_1_12' title="bbox 225 946 1470 1006; baseline -0.001 -13"><span class='ocrx_word' id='word_1_78' title='bbox 225 951 408 994; x_wconf 77' lang='lat' dir='ltr'>abanech</span> <span class='ocrx_word' id='word_1_79' title='bbox 447 950 690 1006; x_wconf 78' lang='lat' dir='ltr'>appellavit,</span> <span class='ocrx_word' id='word_1_80' title='bbox 717 950 788 993; x_wconf 90' lang='lat' dir='ltr'>sed</span> <span class='ocrx_word' id='word_1_81' title='bbox 817 955 952 1006; x_wconf 83' lang='lat' dir='ltr'>posta</span> <span class='ocrx_word' id='word_1_82' title='bbox 978 946 1227 1004; x_wconf 80' lang='lat' dir='ltr'>Babyloniis</span> <span class='ocrx_word' id='word_1_83' title='bbox 1251 949 1470 992; x_wconf 82' lang='lat' dir='ltr'>discentes</span> 
     </span>
     <span class='ocr_line' id='line_1_13' title="bbox 226 1021 1471 1075; baseline -0.002 -8"><span class='ocrx_word' id='word_1_84' title='bbox 226 1023 407 1075; x_wconf 67' lang='lat' dir='ltr'>Hebraei,</span> <span class='ocrx_word' id='word_1_85' title='bbox 435 1025 622 1067; x_wconf 87' lang='lat' dir='ltr'>emissan</span> <span class='ocrx_word' id='word_1_86' title='bbox 646 1036 738 1066; x_wconf 86' lang='lat' dir='ltr'>eam</span> <span class='ocrx_word' id='word_1_87' title='bbox 758 1023 976 1067; x_wconf 85' lang='lat' dir='ltr'>dixerunt.</span> <span class='ocrx_word' id='word_1_88' title='bbox 1008 1021 1082 1066; x_wconf 85' lang='lat' dir='ltr'>Est</span> <span class='ocrx_word' id='word_1_89' title='bbox 1121 1029 1262 1065; x_wconf 86' lang='lat' dir='ltr'>autem</span> <span class='ocrx_word' id='word_1_90' title='bbox 1289 1022 1471 1066; x_wconf 89' lang='lat' dir='ltr'>descen-</span> 
     </span>
     <span class='ocr_line' id='line_1_14' title="bbox 224 1095 1468 1150; baseline -0.002 -10"><span class='ocrx_word' id='word_1_91' title='bbox 224 1097 331 1140; x_wconf 90' lang='lat' dir='ltr'>dens</span> <span class='ocrx_word' id='word_1_92' title='bbox 362 1108 498 1150; x_wconf 87' lang='lat' dir='ltr'>usque</span> <span class='ocrx_word' id='word_1_93' title='bbox 524 1096 575 1139; x_wconf 86' lang='lat' dir='ltr'>ad</span> <span class='ocrx_word' id='word_1_94' title='bbox 597 1096 726 1146; x_wconf 86' lang='lat' dir='ltr'>talos,</span> <span class='ocrx_word' id='word_1_95' title='bbox 750 1102 793 1138; x_wconf 91' lang='lat' dir='ltr'>et</span> <span class='ocrx_word' id='word_1_96' title='bbox 817 1096 1018 1138; x_wconf 81' lang='lat' dir='ltr'>decenter</span> <span class='ocrx_word' id='word_1_97' title='bbox 1039 1095 1209 1150; x_wconf 78' lang='lat' dir='ltr'>corpori</span> <span class='ocrx_word' id='word_1_98' title='bbox 1253 1100 1468 1149; x_wconf 85' lang='lat' dir='ltr'>coaptata,</span> 
     </span>
     <span class='ocr_line' id='line_1_15' title="bbox 227 1159 1467 1223; baseline -0.002 -12"><span class='ocrx_word' id='word_1_99' title='bbox 227 1170 302 1211; x_wconf 89' lang='lat' dir='ltr'>sed</span> <span class='ocrx_word' id='word_1_100' title='bbox 334 1168 516 1211; x_wconf 83' lang='lat' dir='ltr'>manicis</span> <span class='ocrx_word' id='word_1_101' title='bbox 534 1168 708 1210; x_wconf 85' lang='lat' dir='ltr'>brachia</span> <span class='ocrx_word' id='word_1_102' title='bbox 732 1159 854 1210; x_wconf 81' lang='lat' dir='ltr'>valde</span> <span class='ocrx_word' id='word_1_103' title='bbox 879 1168 1200 1223; x_wconf 80' lang='lat' dir='ltr'>constringens,</span> <span class='ocrx_word' id='word_1_104' title='bbox 1224 1161 1467 1220; x_wconf 86' lang='lat' dir='ltr'>nastilibus,</span> 
     </span>
     <span class='ocr_line' id='line_1_16' title="bbox 224 1240 1466 1296; baseline 0.002 -13"><span class='ocrx_word' id='word_1_105' title='bbox 224 1241 291 1283; x_wconf 76' lang='lat' dir='ltr'>vel</span> <span class='ocrx_word' id='word_1_106' title='bbox 337 1241 535 1294; x_wconf 88' lang='lat' dir='ltr'>nastulis,</span> <span class='ocrx_word' id='word_1_107' title='bbox 588 1240 816 1284; x_wconf 88' lang='lat' dir='ltr'>hincinde</span> <span class='ocrx_word' id='word_1_108' title='bbox 855 1251 984 1294; x_wconf 84' lang='lat' dir='ltr'>super</span> <span class='ocrx_word' id='word_1_109' title='bbox 1022 1240 1227 1284; x_wconf 81' lang='lat' dir='ltr'>humeros</span> <span class='ocrx_word' id='word_1_110' title='bbox 1264 1240 1466 1296; x_wconf 81' lang='lat' dir='ltr'>capitium</span> 
     </span>
     <span class='ocr_line' id='line_1_17' title="bbox 225 1311 1464 1370; baseline 0 -13"><span class='ocrx_word' id='word_1_111' title='bbox 225 1314 634 1370; x_wconf 73' lang='lat' dir='ltr'>censu-ingentibus.</span> <span class='ocrx_word' id='word_1_112' title='bbox 670 1311 814 1355; x_wconf 83' lang='lat' dir='ltr'>Tertio</span> <span class='ocrx_word' id='word_1_113' title='bbox 851 1313 1145 1367; x_wconf 78' lang='lat' dir='ltr'>stringebatur</span> <span class='ocrx_word' id='word_1_114' title='bbox 1166 1311 1323 1365; x_wconf 83' lang='lat' dir='ltr'>balteo,</span> <span class='ocrx_word' id='word_1_115' title='bbox 1360 1312 1464 1365; x_wconf 88' lang='lat' dir='ltr'>lato,</span> 
     </span>
     <span class='ocr_line' id='line_1_18' title="bbox 223 1384 1467 1443; baseline -0.002 -13"><span class='ocrx_word' id='word_1_116' title='bbox 223 1387 348 1443; x_wconf 89' lang='lat' dir='ltr'>quasi</span> <span class='ocrx_word' id='word_1_117' title='bbox 374 1386 518 1442; x_wconf 79' lang='lat' dir='ltr'>digitis</span> <span class='ocrx_word' id='word_1_118' title='bbox 540 1394 743 1442; x_wconf 86' lang='lat' dir='ltr'>quatuor,</span> <span class='ocrx_word' id='word_1_119' title='bbox 785 1386 847 1429; x_wconf 87' lang='lat' dir='ltr'>sic</span> <span class='ocrx_word' id='word_1_120' title='bbox 873 1385 1117 1436; x_wconf 85' lang='lat' dir='ltr'>reticulato,</span> <span class='ocrx_word' id='word_1_121' title='bbox 1141 1392 1188 1428; x_wconf 90' lang='lat' dir='ltr'>ut</span> <span class='ocrx_word' id='word_1_122' title='bbox 1222 1384 1347 1441; x_wconf 80' lang='lat' dir='ltr'>quasi</span> <span class='ocrx_word' id='word_1_123' title='bbox 1375 1385 1467 1442; x_wconf 86' lang='lat' dir='ltr'>pel-</span> 
     </span>
     <span class='ocr_line' id='line_1_19' title="bbox 224 1457 1468 1515; baseline -0.001 -13"><span class='ocrx_word' id='word_1_124' title='bbox 224 1459 276 1503; x_wconf 89' lang='lat' dir='ltr'>lis</span> <span class='ocrx_word' id='word_1_125' title='bbox 307 1458 499 1514; x_wconf 77' lang='lat' dir='ltr'>viperea,</span> <span class='ocrx_word' id='word_1_126' title='bbox 523 1471 652 1515; x_wconf 88' lang='lat' dir='ltr'>quam</span> <span class='ocrx_word' id='word_1_127' title='bbox 695 1459 736 1500; x_wconf 88' lang='lat' dir='ltr'>in</span> <span class='ocrx_word' id='word_1_128' title='bbox 763 1465 912 1507; x_wconf 76' lang='lat' dir='ltr'>testate</span> <span class='ocrx_word' id='word_1_129' title='bbox 946 1457 1081 1511; x_wconf 83' lang='lat' dir='ltr'>exuit,</span> <span class='ocrx_word' id='word_1_130' title='bbox 1109 1459 1343 1511; x_wconf 84' lang='lat' dir='ltr'>videretur,</span> <span class='ocrx_word' id='word_1_131' title='bbox 1363 1470 1468 1503; x_wconf 91' lang='lat' dir='ltr'>con-</span> 
     </span>
     <span class='ocr_line' id='line_1_20' title="bbox 223 1530 1464 1588; baseline 0.001 -14"><span class='ocrx_word' id='word_1_132' title='bbox 223 1537 339 1574; x_wconf 84' lang='lat' dir='ltr'>texta</span> <span class='ocrx_word' id='word_1_133' title='bbox 360 1531 542 1576; x_wconf 78' lang='lat' dir='ltr'>floribus</span> <span class='ocrx_word' id='word_1_134' title='bbox 558 1530 791 1583; x_wconf 82' lang='lat' dir='ltr'>coccineis,</span> <span class='ocrx_word' id='word_1_135' title='bbox 823 1532 1070 1587; x_wconf 78' lang='lat' dir='ltr'>purpureis,</span> <span class='ocrx_word' id='word_1_136' title='bbox 1097 1539 1138 1575; x_wconf 87' lang='lat' dir='ltr'>et</span> <span class='ocrx_word' id='word_1_137' title='bbox 1157 1530 1464 1588; x_wconf 80' lang='lat' dir='ltr'>hyacinthinis,</span> 
     </span>
     <span class='ocr_line' id='line_1_21' title="bbox 223 1601 1466 1661; baseline 0.001 -14"><span class='ocrx_word' id='word_1_138' title='bbox 223 1610 392 1647; x_wconf 86' lang='lat' dir='ltr'>stamen</span> <span class='ocrx_word' id='word_1_139' title='bbox 416 1616 519 1647; x_wconf 78' lang='lat' dir='ltr'>vero</span> <span class='ocrx_word' id='word_1_140' title='bbox 539 1612 681 1649; x_wconf 81' lang='lat' dir='ltr'>tamen</span> <span class='ocrx_word' id='word_1_141' title='bbox 706 1604 929 1661; x_wconf 82' lang='lat' dir='ltr'>byssinum</span> <span class='ocrx_word' id='word_1_142' title='bbox 959 1611 1065 1657; x_wconf 80' lang='lat' dir='ltr'>erat,</span> <span class='ocrx_word' id='word_1_143' title='bbox 1093 1617 1269 1648; x_wconf 89' lang='lat' dir='ltr'>sumens</span> <span class='ocrx_word' id='word_1_144' title='bbox 1292 1601 1466 1648; x_wconf 83' lang='lat' dir='ltr'>initium</span> 
     </span>
     <span class='ocr_line' id='line_1_22' title="bbox 222 1676 1516 1733; baseline 0 -14"><span class='ocrx_word' id='word_1_145' title='bbox 222 1677 463 1732; x_wconf 82' lang='lat' dir='ltr'>cingendia</span> <span class='ocrx_word' id='word_1_146' title='bbox 487 1685 677 1733; x_wconf 80' lang='lat' dir='ltr'>pectore,</span> <span class='ocrx_word' id='word_1_147' title='bbox 717 1678 1022 1722; x_wconf 77' lang='lat' dir='ltr'>circumductis</span> <span class='ocrx_word' id='word_1_148' title='bbox 1064 1677 1287 1728; x_wconf 83' lang='lat' dir='ltr'>lateribus,</span> <span class='ocrx_word' id='word_1_149' title='bbox 1310 1676 1464 1720; x_wconf 90' lang='lat' dir='ltr'>iterum</span> <span class='ocrx_word' id='word_1_150' title='bbox 1513 1723 1516 1727; x_wconf 63' lang='grc'>,</span> 
     </span>
     <span class='ocr_line' id='line_1_23' title="bbox 220 1746 1466 1808; baseline 0.002 -19"><span class='ocrx_word' id='word_1_151' title='bbox 220 1751 320 1789; x_wconf 82' lang='lat' dir='ltr'>ante</span> <span class='ocrx_word' id='word_1_152' title='bbox 342 1747 589 1790; x_wconf 81' lang='lat' dir='ltr'>umbilicum</span> <span class='ocrx_word' id='word_1_153' title='bbox 616 1748 799 1799; x_wconf 80' lang='lat' dir='ltr'>redibat,</span> <span class='ocrx_word' id='word_1_154' title='bbox 847 1748 991 1808; x_wconf 77' lang='lat' dir='ltr'>ibique</span> <span class='ocrx_word' id='word_1_155' title='bbox 1029 1748 1199 1792; x_wconf 88' lang='lat' dir='ltr'>modice</span> <span class='ocrx_word' id='word_1_156' title='bbox 1225 1746 1466 1804; x_wconf 81' lang='lat' dir='ltr'>stringeba-</span> 
     </span>
     <span class='ocr_line' id='line_1_24' title="bbox 219 1820 1463 1877; baseline 0.002 -15"><span class='ocrx_word' id='word_1_157' title='bbox 219 1826 307 1868; x_wconf 81' lang='lat' dir='ltr'>tur,</span> <span class='ocrx_word' id='word_1_158' title='bbox 335 1827 379 1862; x_wconf 88' lang='lat' dir='ltr'>et</span> <span class='ocrx_word' id='word_1_159' title='bbox 416 1833 553 1875; x_wconf 87' lang='lat' dir='ltr'>usque</span> <span class='ocrx_word' id='word_1_160' title='bbox 590 1820 643 1864; x_wconf 86' lang='lat' dir='ltr'>ad</span> <span class='ocrx_word' id='word_1_161' title='bbox 679 1822 806 1870; x_wconf 83' lang='lat' dir='ltr'>tibias</span> <span class='ocrx_word' id='word_1_162' title='bbox 848 1821 1115 1877; x_wconf 67' lang='lat' dir='ltr'>dependebat</span> <span class='ocrx_word' id='word_1_163' title='bbox 1153 1822 1205 1865; x_wconf 90' lang='lat' dir='ltr'>ad</span> <span class='ocrx_word' id='word_1_164' title='bbox 1245 1822 1463 1875; x_wconf 84' lang='lat' dir='ltr'>decorem,</span> 
     </span>
     <span class='ocr_line' id='line_1_25' title="bbox 218 1888 1467 1956; baseline 0.005 -25"><span class='ocrx_word' id='word_1_165' title='bbox 218 1888 544 1935; x_wconf 77' lang='lat' dir='ltr'>dum&#39;sacerdos</span> <span class='ocrx_word' id='word_1_166' title='bbox 566 1893 672 1956; x_wconf 88' lang='lat' dir='ltr'>nihil</span> <span class='ocrx_word' id='word_1_167' title='bbox 693 1893 954 1949; x_wconf 81' lang='lat' dir='ltr'>operabatur</span> <span class='ocrx_word' id='word_1_168' title='bbox 990 1905 1089 1936; x_wconf 91' lang='lat' dir='ltr'>cum</span> <span class='ocrx_word' id='word_1_169' title='bbox 1132 1901 1274 1937; x_wconf 87' lang='lat' dir='ltr'>autem</span> <span class='ocrx_word' id='word_1_170' title='bbox 1299 1894 1467 1937; x_wconf 85' lang='lat' dir='ltr'>sacriti-</span> 
     </span>
     <span class='ocr_line' id='line_1_26' title="bbox 218 1961 1464 2022; baseline 0.006 -18"><span class='ocrx_word' id='word_1_171' title='bbox 218 1961 359 2013; x_wconf 76' lang='lat' dir='ltr'>cahat,</span> <span class='ocrx_word' id='word_1_172' title='bbox 384 1975 436 2006; x_wconf 87' lang='lat' dir='ltr'>ne</span> <span class='ocrx_word' id='word_1_173' title='bbox 476 1963 771 2020; x_wconf 79' lang='lat' dir='ltr'>impediretur,</span> <span class='ocrx_word' id='word_1_174' title='bbox 804 1967 1038 2022; x_wconf 83' lang='lat' dir='ltr'>pendentes</span> <span class='ocrx_word' id='word_1_175' title='bbox 1080 1968 1352 2014; x_wconf 80' lang='lat' dir='ltr'>summitates</span> <span class='ocrx_word' id='word_1_176' title='bbox 1393 1982 1464 2012; x_wconf 85' lang='lat' dir='ltr'>su-</span> 
     </span>
     <span class='ocr_line' id='line_1_27' title="bbox 217 2035 1465 2096; baseline 0.007 -19"><span class='ocrx_word' id='word_1_177' title='bbox 217 2046 295 2091; x_wconf 79' lang='lat' dir='ltr'>per</span> <span class='ocrx_word' id='word_1_178' title='bbox 332 2035 485 2079; x_wconf 65' lang='lat' dir='ltr'>laevum</span> <span class='ocrx_word' id='word_1_179' title='bbox 529 2037 761 2083; x_wconf 86' lang='lat' dir='ltr'>humerum</span> <span class='ocrx_word' id='word_1_180' title='bbox 806 2042 1073 2096; x_wconf 83' lang='lat' dir='ltr'>reflectebat,</span> <span class='ocrx_word' id='word_1_181' title='bbox 1111 2042 1241 2095; x_wconf 89' lang='lat' dir='ltr'>unde,</span> <span class='ocrx_word' id='word_1_182' title='bbox 1280 2049 1322 2091; x_wconf 84' lang='lat' dir='ltr'>et</span> <span class='ocrx_word' id='word_1_183' title='bbox 1356 2041 1465 2086; x_wconf 71' lang='lat' dir='ltr'>sorte</span> 
     </span>
     <span class='ocr_line' id='line_1_28' title="bbox 217 2102 1463 2171; baseline 0.008 -21"><span class='ocrx_word' id='word_1_184' title='bbox 217 2107 428 2152; x_wconf 90' lang='lat' dir='ltr'>diaconus</span> <span class='ocrx_word' id='word_1_185' title='bbox 445 2112 706 2168; x_wconf 81' lang='lat' dir='ltr'>quandoque</span> <span class='ocrx_word' id='word_1_186' title='bbox 731 2116 920 2158; x_wconf 81' lang='lat' dir='ltr'>casulam</span> <span class='ocrx_word' id='word_1_187' title='bbox 965 2102 1167 2171; x_wconf 85' lang='lat' dir='ltr'>plicatam</span> <span class='ocrx_word' id='word_1_188' title='bbox 1208 2117 1346 2164; x_wconf 86' lang='lat' dir='ltr'>eidem</span> <span class='ocrx_word' id='word_1_189' title='bbox 1379 2117 1463 2160; x_wconf 89' lang='lat' dir='ltr'>hu-</span> 
     </span>
     <span class='ocr_line' id='line_1_29' title="bbox 216 2185 1464 2247; baseline 0.01 -24"><span class='ocrx_word' id='word_1_190' title='bbox 216 2191 338 2227; x_wconf 85' lang='lat' dir='ltr'>mero</span> <span class='ocrx_word' id='word_1_191' title='bbox 354 2185 620 2239; x_wconf 68' lang='lat' dir='ltr'>supesponit.</span> <span class='ocrx_word' id='word_1_192' title='bbox 648 2185 811 2239; x_wconf 82' lang='lat' dir='ltr'>Quarto</span> <span class='ocrx_word' id='word_1_193' title='bbox 836 2189 1086 2244; x_wconf 83' lang='lat' dir='ltr'>simplicem</span> <span class='ocrx_word' id='word_1_194' title='bbox 1097 2190 1249 2235; x_wconf 81' lang='lat' dir='ltr'>tiaram</span> <span class='ocrx_word' id='word_1_195' title='bbox 1269 2188 1464 2247; x_wconf 78' lang='lat' dir='ltr'>gestabat</span> 
     </span>
     <span class='ocr_line' id='line_1_30' title="bbox 218 2250 1465 2317; baseline 0.008 -22"><span class='ocrx_word' id='word_1_196' title='bbox 218 2250 260 2295; x_wconf 87' lang='lat' dir='ltr'>in</span> <span class='ocrx_word' id='word_1_197' title='bbox 303 2254 456 2310; x_wconf 72' lang='lat' dir='ltr'>capite,</span> <span class='ocrx_word' id='word_1_198' title='bbox 483 2269 506 2299; x_wconf 86' lang='lat' dir='ltr'>a</span> <span class='ocrx_word' id='word_1_199' title='bbox 548 2258 679 2301; x_wconf 84' lang='lat' dir='ltr'>cidari</span> <span class='ocrx_word' id='word_1_200' title='bbox 724 2261 956 2315; x_wconf 84' lang='lat' dir='ltr'>pontiticali</span> <span class='ocrx_word' id='word_1_201' title='bbox 1003 2262 1233 2317; x_wconf 87' lang='lat' dir='ltr'>plurimum</span> <span class='ocrx_word' id='word_1_202' title='bbox 1269 2263 1465 2308; x_wconf 77' lang='lat' dir='ltr'>differen-</span> 
     </span>
     <span class='ocr_line' id='line_1_31' title="bbox 215 2328 1516 2392; baseline 0.009 -23"><span class='ocrx_word' id='word_1_203' title='bbox 215 2335 317 2371; x_wconf 70' lang='lat' dir='ltr'>tem.</span> <span class='ocrx_word' id='word_1_204' title='bbox 342 2328 570 2374; x_wconf 83' lang='lat' dir='ltr'>Eratenim</span> <span class='ocrx_word' id='word_1_205' title='bbox 602 2332 642 2374; x_wconf 89' lang='lat' dir='ltr'>in</span> <span class='ocrx_word' id='word_1_206' title='bbox 667 2334 841 2377; x_wconf 76' lang='lat' dir='ltr'>modum</span> <span class='ocrx_word' id='word_1_207' title='bbox 871 2335 991 2389; x_wconf 82' lang='lat' dir='ltr'>parvi</span> <span class='ocrx_word' id='word_1_208' title='bbox 1030 2336 1246 2388; x_wconf 68' lang='lat' dir='ltr'>calamati,</span> <span class='ocrx_word' id='word_1_209' title='bbox 1281 2336 1347 2380; x_wconf 85' lang='lat' dir='ltr'>vel</span> <span class='ocrx_word' id='word_1_210' title='bbox 1367 2349 1462 2381; x_wconf 83' lang='lat' dir='ltr'>cas·</span> <span class='ocrx_word' id='word_1_211' title='bbox 1483 2346 1516 2392; x_wconf 78' lang='lat' dir='ltr'>c</span> 
     </span>
     <span class='ocr_line' id='line_1_32' title="bbox 216 2401 1462 2462; baseline 0.007 -17"><span class='ocrx_word' id='word_1_212' title='bbox 216 2401 324 2445; x_wconf 73' lang='lat' dir='ltr'>aidis</span> <span class='ocrx_word' id='word_1_213' title='bbox 364 2403 557 2457; x_wconf 78' lang='lat' dir='ltr'>modicae,</span> <span class='ocrx_word' id='word_1_214' title='bbox 597 2405 870 2449; x_wconf 86' lang='lat' dir='ltr'>medietatem</span> <span class='ocrx_word' id='word_1_215' title='bbox 897 2407 1068 2451; x_wconf 86' lang='lat' dir='ltr'>verticis</span> <span class='ocrx_word' id='word_1_216' title='bbox 1093 2408 1319 2462; x_wconf 84' lang='lat' dir='ltr'>excedens,</span> <span class='ocrx_word' id='word_1_217' title='bbox 1345 2410 1462 2454; x_wconf 88' lang='lat' dir='ltr'>dice·</span> 
     </span>
     <span class='ocr_line' id='line_1_33' title="bbox 214 2463 1461 2537; baseline 0.009 -20"><span class='ocrx_word' id='word_1_218' title='bbox 214 2463 426 2530; x_wconf 77' lang='lat' dir='ltr'>baturque</span> <span class='ocrx_word' id='word_1_219' title='bbox 467 2478 704 2532; x_wconf 74' lang='lat' dir='ltr'>manephei,</span> <span class='ocrx_word' id='word_1_220' title='bbox 749 2478 910 2523; x_wconf 82' lang='lat' dir='ltr'>habeus</span> <span class='ocrx_word' id='word_1_221' title='bbox 947 2479 1091 2534; x_wconf 87' lang='lat' dir='ltr'>vittas,</span> <span class='ocrx_word' id='word_1_222' title='bbox 1128 2494 1225 2537; x_wconf 82' lang='lat' dir='ltr'>quae</span> <span class='ocrx_word' id='word_1_223' title='bbox 1260 2481 1461 2529; x_wconf 85' lang='lat' dir='ltr'>involutae</span> 
     </span>
     <span class='ocr_line' id='line_1_34' title="bbox 215 2550 1460 2609; baseline 0.01 -17"><span class='ocrx_word' id='word_1_224' title='bbox 215 2550 372 2604; x_wconf 70' lang='lat' dir='ltr'>stepius</span> <span class='ocrx_word' id='word_1_225' title='bbox 404 2551 702 2606; x_wconf 86' lang='lat' dir='ltr'>nectebantur,</span> <span class='ocrx_word' id='word_1_226' title='bbox 726 2566 777 2596; x_wconf 88' lang='lat' dir='ltr'>ne</span> <span class='ocrx_word' id='word_1_227' title='bbox 803 2553 926 2597; x_wconf 80' lang='lat' dir='ltr'>facile</span> <span class='ocrx_word' id='word_1_228' title='bbox 947 2554 1175 2609; x_wconf 83' lang='lat' dir='ltr'>laberetur,</span> <span class='ocrx_word' id='word_1_229' title='bbox 1199 2557 1363 2602; x_wconf 89' lang='lat' dir='ltr'>habens</span> <span class='ocrx_word' id='word_1_230' title='bbox 1386 2559 1460 2604; x_wconf 90' lang='lat' dir='ltr'>de-</span> 
     </span>
     <span class='ocr_line' id='line_1_35' title="bbox 215 2621 1459 2685; baseline 0.01 -21"><span class='ocrx_word' id='word_1_231' title='bbox 215 2634 344 2679; x_wconf 86' lang='lat' dir='ltr'>super</span> <span class='ocrx_word' id='word_1_232' title='bbox 363 2623 475 2667; x_wconf 89' lang='lat' dir='ltr'>aiiud</span> <span class='ocrx_word' id='word_1_233' title='bbox 499 2626 692 2671; x_wconf 78' lang='lat' dir='ltr'>velamen</span> <span class='ocrx_word' id='word_1_234' title='bbox 722 2621 961 2683; x_wconf 84' lang='lat' dir='ltr'>byssinum,</span> <span class='ocrx_word' id='word_1_235' title='bbox 990 2642 1126 2685; x_wconf 88' lang='lat' dir='ltr'>usque</span> <span class='ocrx_word' id='word_1_236' title='bbox 1163 2630 1217 2673; x_wconf 87' lang='lat' dir='ltr'>ad</span> <span class='ocrx_word' id='word_1_237' title='bbox 1256 2631 1459 2676; x_wconf 81' lang='lat' dir='ltr'>inferiora</span> 
     </span>
     <span class='ocr_line' id='line_1_36' title="bbox 214 2692 1458 2756; baseline 0.01 -22"><span class='ocrx_word' id='word_1_238' title='bbox 214 2692 357 2737; x_wconf 84' lang='lat' dir='ltr'>barbae</span> <span class='ocrx_word' id='word_1_239' title='bbox 376 2693 649 2748; x_wconf 78' lang='lat' dir='ltr'>descendens¹</span> <span class='ocrx_word' id='word_1_240' title='bbox 680 2698 822 2740; x_wconf 86' lang='lat' dir='ltr'>celans</span> <span class='ocrx_word' id='word_1_241' title='bbox 848 2698 960 2754; x_wconf 74' lang='lat' dir='ltr'>pillei</span> <span class='ocrx_word' id='word_1_242' title='bbox 998 2699 1220 2756; x_wconf 85' lang='lat' dir='ltr'>ligaturas,</span> <span class='ocrx_word' id='word_1_243' title='bbox 1255 2711 1297 2746; x_wconf 91' lang='lat' dir='ltr'>et</span> <span class='ocrx_word' id='word_1_244' title='bbox 1325 2710 1458 2747; x_wconf 87' lang='lat' dir='ltr'>totam</span> 
     </span>
     <span class='ocr_line' id='line_1_37' title="bbox 214 2765 1458 2828; baseline 0.01 -22"><span class='ocrx_word' id='word_1_245' title='bbox 214 2765 366 2821; x_wconf 87' lang='lat' dir='ltr'>capitis</span> <span class='ocrx_word' id='word_1_246' title='bbox 395 2769 680 2824; x_wconf 71' lang='lat' dir='ltr'>superficiem,</span> <span class='ocrx_word' id='word_1_247' title='bbox 715 2779 992 2828; x_wconf 86' lang='lat' dir='ltr'>aptatumque</span> <span class='ocrx_word' id='word_1_248' title='bbox 1018 2773 1219 2828; x_wconf 76' lang='lat' dir='ltr'>perfecte,</span> <span class='ocrx_word' id='word_1_249' title='bbox 1246 2787 1300 2820; x_wconf 87' lang='lat' dir='ltr'>ne</span> <span class='ocrx_word' id='word_1_250' title='bbox 1337 2776 1458 2822; x_wconf 85' lang='lat' dir='ltr'>laho-</span> 
     </span>
     <span class='ocr_line' id='line_1_38' title="bbox 214 2842 755 2893; baseline 0.013 -11"><span class='ocrx_word' id='word_1_251' title='bbox 214 2847 335 2883; x_wconf 84' lang='lat' dir='ltr'>rante</span> <span class='ocrx_word' id='word_1_252' title='bbox 356 2842 576 2893; x_wconf 84' lang='lat' dir='ltr'>sacerdote</span> <span class='ocrx_word' id='word_1_253' title='bbox 598 2855 755 2889; x_wconf 84' lang='lat' dir='ltr'>rueret.</span> 
     </span>
    </p>

    <p class='ocr_par' dir='ltr' id='par_1_3' title="bbox 205 2911 1458 3193">
     <span class='ocr_line' id='line_1_39' title="bbox 269 2911 1458 2978; baseline 0.013 -25"><span class='ocrx_word' id='word_1_254' title='bbox 269 2914 285 2929; x_wconf 84' lang='grc'><em>·</em></span> <span class='ocrx_word' id='word_1_255' title='bbox 302 2913 473 2956; x_wconf 81' lang='lat' dir='ltr'>Additio</span> <span class='ocrx_word' id='word_1_256' title='bbox 497 2916 531 2959; x_wconf 92' lang='lat' dir='ltr'>l.</span> <span class='ocrx_word' id='word_1_257' title='bbox 551 2916 754 2973; x_wconf 82' lang='lat' dir='ltr'>Origenes</span> <span class='ocrx_word' id='word_1_258' title='bbox 768 2933 788 2962; x_wconf 74' lang='lat' dir='ltr'>v:</span> <span class='ocrx_word' id='word_1_259' title='bbox 812 2919 1034 2963; x_wconf 79' lang='lat' dir='ltr'>Femorale</span> <span class='ocrx_word' id='word_1_260' title='bbox 1055 2911 1356 2966; x_wconf 72' lang='lat' dir='ltr'>vestimentum</span> <span class='ocrx_word' id='word_1_261' title='bbox 1376 2930 1458 2978; x_wconf 87' lang='lat' dir='ltr'>est,</span> 
     </span>
     <span class='ocr_line' id='line_1_40' title="bbox 214 2985 1458 3051; baseline 0.011 -24"><span class='ocrx_word' id='word_1_262' title='bbox 214 2985 257 3028; x_wconf 89' lang='lat' dir='ltr'>in</span> <span class='ocrx_word' id='word_1_263' title='bbox 279 2997 364 3042; x_wconf 91' lang='lat' dir='ltr'>quo</span> <span class='ocrx_word' id='word_1_264' title='bbox 387 2988 585 3042; x_wconf 84' lang='lat' dir='ltr'>pudenda</span> <span class='ocrx_word' id='word_1_265' title='bbox 605 2991 797 3044; x_wconf 80' lang='lat' dir='ltr'>corporis</span> <span class='ocrx_word' id='word_1_266' title='bbox 818 2994 985 3050; x_wconf 85' lang='lat' dir='ltr'>contegi</span> <span class='ocrx_word' id='word_1_267' title='bbox 1009 3000 1052 3037; x_wconf 89' lang='lat' dir='ltr'>et</span> <span class='ocrx_word' id='word_1_268' title='bbox 1077 2995 1267 3051; x_wconf 84' lang='lat' dir='ltr'>contingi</span> <span class='ocrx_word' id='word_1_269' title='bbox 1301 2994 1458 3040; x_wconf 87' lang='lat' dir='ltr'>solent.</span> 
     </span>
     <span class='ocr_line' id='line_1_41' title="bbox 205 3054 1455 3148; baseline 0.01 -50"><span class='ocrx_word' id='word_1_270' title='bbox 205 3055 265 3099; x_wconf 48' lang='lat' dir='ltr'>&lt;Et</span> <span class='ocrx_word' id='word_1_271' title='bbox 288 3070 340 3101; x_wconf 92' lang='lat' dir='ltr'>ne</span> <span class='ocrx_word' id='word_1_272' title='bbox 364 3054 579 3114; x_wconf 86' lang='lat' dir='ltr'>turpitudo</span> <span class='ocrx_word' id='word_1_273' title='bbox 611 3062 894 3108; x_wconf 82' lang='lat' dir='ltr'>defluentibus</span> <span class='ocrx_word' id='word_1_274' title='bbox 920 3064 1196 3112; x_wconf 76' lang='lat' dir='ltr'>femoralibus</span> <span class='ocrx_word' id='word_1_275' title='bbox 1215 3070 1455 3148; x_wconf 71' lang='lat' dir='ltr'>reicietur,</span> 
     </span>
     <span class='ocr_line' id='line_1_42' title="bbox 211 3133 900 3193; baseline 0.009 -19"><span class='ocrx_word' id='word_1_276' title='bbox 211 3144 319 3175; x_wconf 81' lang='lat' dir='ltr'>zona</span> <span class='ocrx_word' id='word_1_277' title='bbox 349 3133 508 3177; x_wconf 80' lang='lat' dir='ltr'>semera</span> <span class='ocrx_word' id='word_1_278' title='bbox 534 3136 900 3193; x_wconf 85' lang='lat' dir='ltr'>constringuntur.</span> 
     </span>
    </p>

    <p class='ocr_par' dir='ltr' id='par_1_4' title="bbox 208 3204 1458 3410">
     <span class='ocr_line' id='line_1_43' title="bbox 266 3204 1458 3272; baseline 0.013 -26.753"><span class='ocrx_word' id='word_1_279' title='bbox 266 3204 495 3248; x_wconf 68' lang='lat' dir='ltr'>”Acidino</span> <span class='ocrx_word' id='word_1_280' title='bbox 517 3206 644 3251; x_wconf 65' lang='lat'>2¹11</span> <span class='ocrx_word' id='word_1_281' title='bbox 669 3216 731 3252; x_wconf 89' lang='lat' dir='ltr'>est</span> <span class='ocrx_word' id='word_1_282' title='bbox 767 3211 927 3264; x_wconf 86' lang='lat' dir='ltr'>primos</span> <span class='ocrx_word' id='word_1_283' title='bbox 958 3220 1115 3267; x_wconf 90' lang='lat' dir='ltr'>motus,</span> <span class='ocrx_word' id='word_1_284' title='bbox 1157 3228 1267 3270; x_wconf 88' lang='lat' dir='ltr'>quos</span> <span class='ocrx_word' id='word_1_285' title='bbox 1287 3204 1458 3272; x_wconf 78' lang='lat' dir='ltr'>penitus</span> 
     </span>
     <span class='ocr_line' id='line_1_44' title="bbox 208 3281 814 3331; baseline 0.007 -11"><span class='ocrx_word' id='word_1_286' title='bbox 208 3288 406 3322; x_wconf 81' lang='lat' dir='ltr'>coercere</span> <span class='ocrx_word' id='word_1_287' title='bbox 428 3281 589 3331; x_wconf 83' lang='lat' dir='ltr'>nequit,</span> <span class='ocrx_word' id='word_1_288' title='bbox 616 3281 814 3326; x_wconf 31' lang='lat' dir='ltr'>resiQenet</span> 
     </span>
     <span class='ocr_line' id='line_1_45' title="bbox 341 3349 1389 3433; baseline 0.01 -40"><span class='ocrx_word' id='word_1_289' title='bbox 341 3351 442 3394; x_wconf 64' lang='lat' dir='ltr'>Cn</span> <span class='ocrx_word' id='word_1_290' title='bbox 468 3349 615 3395; x_wconf 79' lang='lat' dir='ltr'>thv.</span> <span class='ocrx_word' id='word_1_291' title='bbox 646 3353 706 3396; x_wconf 80' lang='lat' dir='ltr'>De</span> <span class='ocrx_word' id='word_1_292' title='bbox 731 3355 1040 3410; x_wconf 74' lang='lat' dir='ltr'>pontificalibus</span> <span class='ocrx_word' id='word_1_293' title='bbox 1063 3358 1332 3433; x_wconf 68' lang='lat' dir='ltr'>indumentis</span> <span class='ocrx_word' id='word_1_294' title='bbox 1385 3360 1389 3366; x_wconf 71' lang='lat'><strong><em>‘</em></strong></span> 
     </span>
    </p>

    <p class='ocr_par' dir='ltr' id='par_1_5' title="bbox 205 3408 1518 4497">
     <span class='ocr_line' id='line_1_46' title="bbox 268 3408 1518 3481; baseline 0.012 -18"><span class='ocrx_word' id='word_1_295' title='bbox 268 3420 405 3479; x_wconf 83' lang='lat' dir='ltr'>Super</span> <span class='ocrx_word' id='word_1_296' title='bbox 430 3422 519 3466; x_wconf 78' lang='lat' dir='ltr'>hcc</span> <span class='ocrx_word' id='word_1_297' title='bbox 540 3425 722 3481; x_wconf 66' lang='lat' dir='ltr'>propriis</span> <span class='ocrx_word' id='word_1_298' title='bbox 754 3434 938 3480; x_wconf 85' lang='lat' dir='ltr'>quatuor</span> <span class='ocrx_word' id='word_1_299' title='bbox 964 3429 1156 3472; x_wconf 81' lang='lat' dir='ltr'>vestibus</span> <span class='ocrx_word' id='word_1_300' title='bbox 1196 3408 1457 3478; x_wconf 82' lang='lat' dir='ltr'>induebatur</span> <span class='ocrx_word' id='word_1_301' title='bbox 1483 3410 1518 3452; x_wconf 72' lang='lat' dir='ltr'>n</span> 
     </span>
     <span class='ocr_line' id='line_1_47' title="bbox 209 3489 1455 3560; baseline 0.009 -24"><span class='ocrx_word' id='word_1_302' title='bbox 209 3493 490 3547; x_wconf 78' lang='lat' dir='ltr'>arabatcbus,</span> <span class='ocrx_word' id='word_1_303' title='bbox 513 3507 696 3551; x_wconf 81' lang='lat' dir='ltr'>quarum</span> <span class='ocrx_word' id='word_1_304' title='bbox 718 3509 756 3551; x_wconf 71' lang='lat' dir='ltr'>pi</span> <span class='ocrx_word' id='word_1_305' title='bbox 749 3498 854 3539; x_wconf 83' lang='lat' dir='ltr'>ima</span> <span class='ocrx_word' id='word_1_306' title='bbox 877 3498 1019 3540; x_wconf 89' lang='lat' dir='ltr'>tunica</span> <span class='ocrx_word' id='word_1_307' title='bbox 1041 3505 1132 3541; x_wconf 81' lang='lat' dir='ltr'>erat</span> <span class='ocrx_word' id='word_1_308' title='bbox 1161 3489 1455 3560; x_wconf 79' lang='lat' dir='ltr'>hyacinthina,</span> 
     </span>
     <span class='ocr_line' id='line_1_48' title="bbox 210 3566 1461 3630; baseline 0.01 -21"><span class='ocrx_word' id='word_1_309' title='bbox 210 3566 398 3622; x_wconf 87' lang='lat' dir='ltr'>Poderis,</span> <span class='ocrx_word' id='word_1_310' title='bbox 420 3569 484 3612; x_wconf 88' lang='lat' dir='ltr'>vel</span> <span class='ocrx_word' id='word_1_311' title='bbox 520 3569 737 3624; x_wconf 70' lang='lat' dir='ltr'>impolitis</span> <span class='ocrx_word' id='word_1_312' title='bbox 775 3571 887 3615; x_wconf 88' lang='lat' dir='ltr'>dicta</span> <span class='ocrx_word' id='word_1_313' title='bbox 930 3579 996 3616; x_wconf 87' lang='lat' dir='ltr'>est</span> <span class='ocrx_word' id='word_1_314' title='bbox 1029 3574 1192 3626; x_wconf 79' lang='lat' dir='ltr'>talaris,</span> <span class='ocrx_word' id='word_1_315' title='bbox 1218 3567 1346 3630; x_wconf 82' lang='lat' dir='ltr'>quam</span> <span class='ocrx_word' id='word_1_316' title='bbox 1379 3577 1461 3622; x_wconf 82' lang='lat' dir='ltr'>He-</span> 
     </span>
     <span class='ocr_line' id='line_1_49' title="bbox 210 3638 1462 3699; baseline 0.012 -19"><span class='ocrx_word' id='word_1_317' title='bbox 210 3638 350 3682; x_wconf 86' lang='lat' dir='ltr'>braeus</span> <span class='ocrx_word' id='word_1_318' title='bbox 370 3640 653 3693; x_wconf 79' lang='lat' dir='ltr'>michir,dicit</span> <span class='ocrx_word' id='word_1_319' title='bbox 673 3640 810 3685; x_wconf 78' lang='lat' dir='ltr'>Exod.</span> <span class='ocrx_word' id='word_1_320' title='bbox 835 3644 986 3695; x_wconf 70' lang='lat' dir='ltr'>nvn).</span> <span class='ocrx_word' id='word_1_321' title='bbox 1011 3642 1197 3699; x_wconf 83' lang='lat' dir='ltr'>Eratque</span> <span class='ocrx_word' id='word_1_322' title='bbox 1218 3647 1269 3690; x_wconf 86' lang='lat' dir='ltr'>de</span> <span class='ocrx_word' id='word_1_323' title='bbox 1294 3648 1462 3695; x_wconf 78' lang='lat' dir='ltr'>duabus</span> 
     </span>
     <span class='ocr_line' id='line_1_50' title="bbox 209 3711 1461 3776; baseline 0.012 -25"><span class='ocrx_word' id='word_1_324' title='bbox 209 3711 491 3759; x_wconf 72' lang='lat' dir='ltr'>incisionibus</span> <span class='ocrx_word' id='word_1_325' title='bbox 517 3712 626 3758; x_wconf 81' lang='lat' dir='ltr'>lacta</span> <span class='ocrx_word' id='word_1_326' title='bbox 637 3721 908 3772; x_wconf 20' lang='lat' dir='ltr'>consuta-su</span> <span class='ocrx_word' id='word_1_327' title='bbox 916 3728 988 3770; x_wconf 90' lang='lat' dir='ltr'>per</span> <span class='ocrx_word' id='word_1_328' title='bbox 1013 3717 1234 3772; x_wconf 76' lang='lat' dir='ltr'>lutmeros,</span> <span class='ocrx_word' id='word_1_329' title='bbox 1248 3727 1290 3763; x_wconf 91' lang='lat' dir='ltr'>et</span> <span class='ocrx_word' id='word_1_330' title='bbox 1306 3733 1382 3776; x_wconf 86' lang='lat' dir='ltr'>per</span> <span class='ocrx_word' id='word_1_331' title='bbox 1398 3721 1461 3766; x_wconf 90' lang='lat' dir='ltr'>la-</span> 
     </span>
     <span class='ocr_line' id='line_1_51' title="bbox 208 3785 1464 3846; baseline 0.01 -20"><span class='ocrx_word' id='word_1_332' title='bbox 208 3791 320 3828; x_wconf 87' lang='lat' dir='ltr'>teras</span> <span class='ocrx_word' id='word_1_333' title='bbox 334 3785 376 3827; x_wconf 90' lang='lat' dir='ltr'>in</span> <span class='ocrx_word' id='word_1_334' title='bbox 393 3787 564 3829; x_wconf 85' lang='lat' dir='ltr'>modum</span> <span class='ocrx_word' id='word_1_335' title='bbox 579 3787 817 3830; x_wconf 68' lang='lat' dir='ltr'>dalmaticae</span> <span class='ocrx_word' id='word_1_336' title='bbox 835 3786 963 3840; x_wconf 82' lang='lat' dir='ltr'>sacta,</span> <span class='ocrx_word' id='word_1_337' title='bbox 982 3790 1175 3835; x_wconf 85' lang='lat' dir='ltr'>manicas</span> <span class='ocrx_word' id='word_1_338' title='bbox 1189 3792 1382 3846; x_wconf 79' lang='lat' dir='ltr'>ejusdem</span> <span class='ocrx_word' id='word_1_339' title='bbox 1396 3807 1464 3839; x_wconf 90' lang='lat' dir='ltr'>co-</span> 
     </span>
     <span class='ocr_line' id='line_1_52' title="bbox 206 3857 1464 3919; baseline 0.01 -20"><span class='ocrx_word' id='word_1_340' title='bbox 206 3857 313 3902; x_wconf 89' lang='lat' dir='ltr'>loris</span> <span class='ocrx_word' id='word_1_341' title='bbox 330 3859 492 3904; x_wconf 85' lang='lat' dir='ltr'>habens</span> <span class='ocrx_word' id='word_1_342' title='bbox 513 3870 699 3912; x_wconf 84' lang='lat' dir='ltr'>assutas,</span> <span class='ocrx_word' id='word_1_343' title='bbox 722 3864 924 3919; x_wconf 86' lang='lat' dir='ltr'>capitium</span> <span class='ocrx_word' id='word_1_344' title='bbox 951 3864 1115 3907; x_wconf 84' lang='lat' dir='ltr'>hahens</span> <span class='ocrx_word' id='word_1_345' title='bbox 1137 3877 1222 3908; x_wconf 88' lang='lat' dir='ltr'>non</span> <span class='ocrx_word' id='word_1_346' title='bbox 1237 3880 1287 3910; x_wconf 86' lang='lat' dir='ltr'>ex</span> <span class='ocrx_word' id='word_1_347' title='bbox 1313 3875 1464 3912; x_wconf 86' lang='lat' dir='ltr'>trans-</span> 
     </span>
     <span class='ocr_line' id='line_1_53' title="bbox 205 3933 1464 3992; baseline 0.01 -21"><span class='ocrx_word' id='word_1_348' title='bbox 205 3940 332 3971; x_wconf 72' lang='lat' dir='ltr'>verso</span> <span class='ocrx_word' id='word_1_349' title='bbox 347 3942 474 3984; x_wconf 80' lang='lat' dir='ltr'>super</span> <span class='ocrx_word' id='word_1_350' title='bbox 485 3933 774 3987; x_wconf 74' lang='lat' dir='ltr'>scapulas,sed</span> <span class='ocrx_word' id='word_1_351' title='bbox 790 3936 830 3978; x_wconf 93' lang='lat' dir='ltr'>in</span> <span class='ocrx_word' id='word_1_352' title='bbox 843 3936 968 3992; x_wconf 83' lang='lat' dir='ltr'>longu</span> <span class='ocrx_word' id='word_1_353' title='bbox 976 3949 1013 3978; x_wconf 77' lang='lat' dir='ltr'>nt</span> <span class='ocrx_word' id='word_1_354' title='bbox 1039 3937 1268 3982; x_wconf 81' lang='lat' dir='ltr'>sectionem</span> <span class='ocrx_word' id='word_1_355' title='bbox 1281 3939 1464 3984; x_wconf 78' lang='lat' dir='ltr'>habebat</span> 
     </span>
     <span class='ocr_line' id='line_1_54' title="bbox 208 4005 1459 4068; baseline 0.01 -25"><span class='ocrx_word' id='word_1_356' title='bbox 208 4013 231 4043; x_wconf 90' lang='lat' dir='ltr'>a</span> <span class='ocrx_word' id='word_1_357' title='bbox 260 4010 431 4056; x_wconf 87' lang='lat' dir='ltr'>pectore</span> <span class='ocrx_word' id='word_1_358' title='bbox 458 4016 591 4059; x_wconf 87' lang='lat' dir='ltr'>usque</span> <span class='ocrx_word' id='word_1_359' title='bbox 610 4005 661 4047; x_wconf 87' lang='lat' dir='ltr'>ad</span> <span class='ocrx_word' id='word_1_360' title='bbox 684 4007 846 4051; x_wconf 88' lang='lat' dir='ltr'>medias</span> <span class='ocrx_word' id='word_1_361' title='bbox 868 4009 1066 4063; x_wconf 79' lang='lat' dir='ltr'>scapulas</span> <span class='ocrx_word' id='word_1_362' title='bbox 1088 4042 1099 4061; x_wconf 92' lang='lat'>,</span> <span class='ocrx_word' id='word_1_363' title='bbox 1124 4010 1191 4052; x_wconf 82' lang='lat' dir='ltr'>cui</span> <span class='ocrx_word' id='word_1_364' title='bbox 1217 4018 1430 4068; x_wconf 83' lang='lat' dir='ltr'>aperturae</span> <span class='ocrx_word' id='word_1_365' title='bbox 1448 4045 1459 4065; x_wconf 90' lang='lat'>‚</span> 
     </span>
     <span class='ocr_line' id='line_1_55' title="bbox 207 4081 1464 4137; baseline 0.009 -19"><span class='ocrx_word' id='word_1_366' title='bbox 207 4088 262 4119; x_wconf 89' lang='lat' dir='ltr'>ne</span> <span class='ocrx_word' id='word_1_367' title='bbox 305 4084 406 4120; x_wconf 85' lang='lat' dir='ltr'>ante</span> <span class='ocrx_word' id='word_1_368' title='bbox 429 4084 471 4121; x_wconf 89' lang='lat' dir='ltr'>et</span> <span class='ocrx_word' id='word_1_369' title='bbox 500 4087 613 4122; x_wconf 84' lang='lat' dir='ltr'>retro</span> <span class='ocrx_word' id='word_1_370' title='bbox 635 4081 812 4135; x_wconf 90' lang='lat' dir='ltr'>turpiter</span> <span class='ocrx_word' id='word_1_371' title='bbox 832 4089 1074 4137; x_wconf 87' lang='lat' dir='ltr'>appareret,</span> <span class='ocrx_word' id='word_1_372' title='bbox 1095 4090 1241 4127; x_wconf 86' lang='lat' dir='ltr'>assuta</span> <span class='ocrx_word' id='word_1_373' title='bbox 1266 4092 1359 4129; x_wconf 89' lang='lat' dir='ltr'>erat</span> <span class='ocrx_word' id='word_1_374' title='bbox 1382 4086 1464 4129; x_wconf 83' lang='lat' dir='ltr'>vit-</span> 
     </span>
     <span class='ocr_line' id='line_1_56' title="bbox 208 4154 1462 4206; baseline 0.008 -16"><span class='ocrx_word' id='word_1_375' title='bbox 208 4154 271 4200; x_wconf 83' lang='lat' dir='ltr'>ta,</span> <span class='ocrx_word' id='word_1_376' title='bbox 302 4161 398 4203; x_wconf 84' lang='lat' dir='ltr'>quae</span> <span class='ocrx_word' id='word_1_377' title='bbox 424 4163 554 4204; x_wconf 85' lang='lat' dir='ltr'>super</span> <span class='ocrx_word' id='word_1_378' title='bbox 585 4154 782 4206; x_wconf 84' lang='lat' dir='ltr'>scapulas</span> <span class='ocrx_word' id='word_1_379' title='bbox 820 4154 920 4197; x_wconf 84' lang='lat' dir='ltr'>hinc</span> <span class='ocrx_word' id='word_1_380' title='bbox 963 4156 1060 4198; x_wconf 86' lang='lat' dir='ltr'>inde</span> <span class='ocrx_word' id='word_1_381' title='bbox 1087 4158 1267 4200; x_wconf 78' lang='lat' dir='ltr'>nastulis</span> <span class='ocrx_word' id='word_1_382' title='bbox 1303 4158 1462 4200; x_wconf 81' lang='lat' dir='ltr'>astrin-</span> 
     </span>
     <span class='ocr_line' id='line_1_57' title="bbox 208 4219 1462 4285; baseline 0.009 -23"><span class='ocrx_word' id='word_1_383' title='bbox 208 4219 422 4274; x_wconf 79' lang='lat' dir='ltr'>gebatur;</span> <span class='ocrx_word' id='word_1_384' title='bbox 465 4221 650 4266; x_wconf 84' lang='lat' dir='ltr'>habebat</span> <span class='ocrx_word' id='word_1_385' title='bbox 684 4231 824 4267; x_wconf 89' lang='lat' dir='ltr'>autem</span> <span class='ocrx_word' id='word_1_386' title='bbox 862 4239 939 4279; x_wconf 89' lang='lat' dir='ltr'>pro</span> <span class='ocrx_word' id='word_1_387' title='bbox 967 4227 1148 4271; x_wconf 79' lang='lat' dir='ltr'>fimbriis</span> <span class='ocrx_word' id='word_1_388' title='bbox 1190 4231 1462 4285; x_wconf 71' lang='lat' dir='ltr'>septuaginta</span> 
     </span>
     <span class='ocr_line' id='line_1_58' title="bbox 205 4290 1461 4351; baseline 0.01 -19"><span class='ocrx_word' id='word_1_389' title='bbox 205 4290 296 4333; x_wconf 85' lang='lat' dir='ltr'>duo</span> <span class='ocrx_word' id='word_1_390' title='bbox 338 4291 579 4337; x_wconf 86' lang='lat' dir='ltr'>tintinnalia</span> <span class='ocrx_word' id='word_1_391' title='bbox 611 4307 757 4347; x_wconf 88' lang='lat' dir='ltr'>aurea,</span> <span class='ocrx_word' id='word_1_392' title='bbox 790 4298 950 4351; x_wconf 89' lang='lat' dir='ltr'>quibus</span> <span class='ocrx_word' id='word_1_393' title='bbox 988 4310 1113 4343; x_wconf 81' lang='lat' dir='ltr'>eram</span> <span class='ocrx_word' id='word_1_394' title='bbox 1135 4301 1336 4344; x_wconf 82' lang='lat' dir='ltr'>immistae</span> <span class='ocrx_word' id='word_1_395' title='bbox 1362 4303 1461 4345; x_wconf 88' lang='lat' dir='ltr'>toti·</span> 
     </span>
     <span class='ocr_line' id='line_1_59' title="bbox 209 4361 1463 4429; baseline 0.007 -23"><span class='ocrx_word' id='word_1_396' title='bbox 209 4361 308 4406; x_wconf 87' lang='lat' dir='ltr'>dem</span> <span class='ocrx_word' id='word_1_397' title='bbox 332 4365 515 4417; x_wconf 86' lang='lat' dir='ltr'>nastusi,</span> <span class='ocrx_word' id='word_1_398' title='bbox 538 4368 662 4427; x_wconf 87' lang='lat' dir='ltr'>quasi</span> <span class='ocrx_word' id='word_1_399' title='bbox 695 4369 808 4411; x_wconf 87' lang='lat' dir='ltr'>mala</span> <span class='ocrx_word' id='word_1_400' title='bbox 831 4371 1002 4423; x_wconf 87' lang='lat' dir='ltr'>punica,</span> <span class='ocrx_word' id='word_1_401' title='bbox 1042 4383 1094 4416; x_wconf 72' lang='lat' dir='ltr'>cx</span> <span class='ocrx_word' id='word_1_402' title='bbox 1130 4373 1389 4429; x_wconf 76' lang='lat' dir='ltr'>hyacintho,</span> <span class='ocrx_word' id='word_1_403' title='bbox 1421 4380 1463 4416; x_wconf 87' lang='lat' dir='ltr'>et</span> 
     </span>
     <span class='ocr_line' id='line_1_60' title="bbox 210 4439 1461 4497; baseline 0.009 -20"><span class='ocrx_word' id='word_1_404' title='bbox 210 4445 418 4491; x_wconf 81' lang='lat' dir='ltr'>purpura,</span> <span class='ocrx_word' id='word_1_405' title='bbox 433 4443 611 4483; x_wconf 81' lang='lat' dir='ltr'>etcocco</span> <span class='ocrx_word' id='word_1_406' title='bbox 634 4439 700 4483; x_wconf 86' lang='lat' dir='ltr'>bis</span> <span class='ocrx_word' id='word_1_407' title='bbox 724 4441 874 4495; x_wconf 87' lang='lat' dir='ltr'>tincto,</span> <span class='ocrx_word' id='word_1_408' title='bbox 894 4442 951 4485; x_wconf 81' lang='lat' dir='ltr'>ita</span> <span class='ocrx_word' id='word_1_409' title='bbox 974 4449 1019 4485; x_wconf 88' lang='lat' dir='ltr'>ut</span> <span class='ocrx_word' id='word_1_410' title='bbox 1040 4451 1134 4497; x_wconf 81' lang='lat' dir='ltr'>post</span> <span class='ocrx_word' id='word_1_411' title='bbox 1160 4445 1461 4488; x_wconf 58' lang='lat' dir='ltr'>tintinabulum</span> 
     </span>
    </p>
   </div>
   <div class='ocr_carea' id='block_1_3' title="bbox 1230 114 1776 171">
    <p class='ocr_par' dir='ltr' id='par_1_6' title="bbox 1230 114 1776 171">
     <span class='ocr_line' id='line_1_61' title="bbox 1230 114 1776 171; baseline -0.015 0"><span class='ocrx_word' id='word_1_412' title='bbox 1230 114 1395 171; x_wconf 67' lang='grc' dir='ltr'>Ριζτιιι</span> <span class='ocrx_word' id='word_1_413' title='bbox 1426 120 1776 167; x_wconf 67' lang='lat' dir='ltr'>cortesroms</span> 
     </span>
    </p>
   </div>
   <div class='ocr_carea' id='block_1_4' title="bbox 1502 1597 2829 1655">
    <p class='ocr_par' dir='ltr' id='par_1_7' title="bbox 1502 1597 2829 1655">
     <span class='ocr_line' id='line_1_62' title="bbox 1502 1597 2829 1655; baseline 0.005 -17"><span class='ocrx_word' id='word_1_414' title='bbox 1502 1597 1505 1601; x_wconf 85' lang='grc'><em>’</em></span> <span class='ocrx_word' id='word_1_415' title='bbox 1545 1597 1811 1653; x_wconf 77' lang='lat' dir='ltr'>guitudinem</span> <span class='ocrx_word' id='word_1_416' title='bbox 1832 1597 2020 1653; x_wconf 76' lang='lat' dir='ltr'>palmi&#39;⁴,</span> <span class='ocrx_word' id='word_1_417' title='bbox 2050 1598 2092 1641; x_wconf 88' lang='lat' dir='ltr'>in</span> <span class='ocrx_word' id='word_1_418' title='bbox 2118 1611 2203 1654; x_wconf 89' lang='lat' dir='ltr'>qua</span> <span class='ocrx_word' id='word_1_419' title='bbox 2222 1598 2370 1655; x_wconf 83' lang='lat' dir='ltr'>logion</span> <span class='ocrx_word' id='word_1_420' title='bbox 2409 1598 2708 1653; x_wconf 85' lang='lat' dir='ltr'>inserebatur,</span> <span class='ocrx_word' id='word_1_421' title='bbox 2749 1599 2793 1644; x_wconf 88' lang='lat' dir='ltr'>in</span> <span class='ocrx_word' id='word_1_422' title='bbox 2826 1610 2829 1611; x_wconf 71' lang='grc'>’</span> 
     </span>
    </p>
   </div>
   <div class='ocr_carea' id='block_1_5' title="bbox 2691 117 2798 162">
    <p class='ocr_par' dir='ltr' id='par_1_8' title="bbox 2691 117 2798 162">
     <span class='ocr_line' id='line_1_63' title="bbox 2691 117 2798 162; baseline 0.019 -2"><span class='ocrx_word' id='word_1_423' title='bbox 2691 117 2798 162; x_wconf 66' lang='lat'>1181</span> 
     </span>
    </p>
   </div>
   <div class='ocr_carea' id='block_1_6' title="bbox 1547 208 2873 1579">
    <p class='ocr_par' dir='ltr' id='par_1_9' title="bbox 1547 208 2873 1579">
     <span class='ocr_line' id='line_1_64' title="bbox 1547 208 2798 268; baseline -0.003 -13"><span class='ocrx_word' id='word_1_424' title='bbox 1547 221 1659 256; x_wconf 87' lang='lat' dir='ltr'>esset</span> <span class='ocrx_word' id='word_1_425' title='bbox 1682 213 1842 256; x_wconf 88' lang='lat' dir='ltr'>malum</span> <span class='ocrx_word' id='word_1_426' title='bbox 1873 219 2132 268; x_wconf 81' lang='lat' dir='ltr'>grauatum,</span> <span class='ocrx_word' id='word_1_427' title='bbox 2171 209 2298 267; x_wconf 74' lang='lat' dir='ltr'>qnasi</span> <span class='ocrx_word' id='word_1_428' title='bbox 2324 209 2441 256; x_wconf 81' lang='lat' dir='ltr'>inter</span> <span class='ocrx_word' id='word_1_429' title='bbox 2479 210 2634 255; x_wconf 82' lang='lat' dir='ltr'>scalari</span> <span class='ocrx_word' id='word_1_430' title='bbox 2668 208 2798 252; x_wconf 74' lang='lat' dir='ltr'>modu</span> 
     </span>
     <span class='ocr_line' id='line_1_65' title="bbox 1555 282 2798 339; baseline -0.004 -11"><span class='ocrx_word' id='word_1_431' title='bbox 1555 285 1712 339; x_wconf 90' lang='lat' dir='ltr'>posita,</span> <span class='ocrx_word' id='word_1_432' title='bbox 1743 293 1789 330; x_wconf 90' lang='lat' dir='ltr'>ut</span> <span class='ocrx_word' id='word_1_433' title='bbox 1815 285 2037 328; x_wconf 88' lang='lat' dir='ltr'>audiretur</span> <span class='ocrx_word' id='word_1_434' title='bbox 2060 297 2212 338; x_wconf 87' lang='lat' dir='ltr'>sonus,</span> <span class='ocrx_word' id='word_1_435' title='bbox 2231 296 2332 329; x_wconf 87' lang='lat' dir='ltr'>cum</span> <span class='ocrx_word' id='word_1_436' title='bbox 2355 282 2560 328; x_wconf 85' lang='lat' dir='ltr'>sacerdos</span> <span class='ocrx_word' id='word_1_437' title='bbox 2583 282 2738 326; x_wconf 81' lang='lat' dir='ltr'>solus</span> <span class='ocrx_word' id='word_1_438' title='bbox 2729 295 2798 324; x_wconf 79' lang='grc' dir='ltr'>ιιι-</span> 
     </span>
     <span class='ocr_line' id='line_1_66' title="bbox 1553 354 2796 414; baseline -0.002 -17"><span class='ocrx_word' id='word_1_439' title='bbox 1553 355 1835 411; x_wconf 62' lang='grc' dir='ltr'>ςτυάενεῑυν,</span> <span class='ocrx_word' id='word_1_440' title='bbox 1869 356 1937 399; x_wconf 64' lang='lat' dir='ltr'>xel</span> <span class='ocrx_word' id='word_1_441' title='bbox 1977 356 2254 414; x_wconf 84' lang='lat' dir='ltr'>egrederetur</span> <span class='ocrx_word' id='word_1_442' title='bbox 2281 354 2611 407; x_wconf 79' lang='lat' dir='ltr'>sanctuarium,</span> <span class='ocrx_word' id='word_1_443' title='bbox 2647 357 2692 396; x_wconf 85' lang='lat' dir='ltr'>et</span> <span class='ocrx_word' id='word_1_444' title='bbox 2713 364 2796 396; x_wconf 88' lang='lat' dir='ltr'>non</span> 
     </span>
     <span class='ocr_line' id='line_1_67' title="bbox 1553 423 2795 483; baseline -0.002 -13"><span class='ocrx_word' id='word_1_445' title='bbox 1553 437 1793 471; x_wconf 87' lang='lat' dir='ltr'>moreretur</span> <span class='ocrx_word' id='word_1_446' title='bbox 1812 432 1843 471; x_wconf 81' lang='lat'>·.</span> <span class='ocrx_word' id='word_1_447' title='bbox 1868 429 2007 483; x_wconf 87' lang='lat' dir='ltr'>Super</span> <span class='ocrx_word' id='word_1_448' title='bbox 2024 430 2132 472; x_wconf 86' lang='lat' dir='ltr'>hanc</span> <span class='ocrx_word' id='word_1_449' title='bbox 2150 426 2360 480; x_wconf 86' lang='lat' dir='ltr'>tunicam,</span> <span class='ocrx_word' id='word_1_450' title='bbox 2379 426 2550 471; x_wconf 78' lang='lat' dir='ltr'>videtur</span> <span class='ocrx_word' id='word_1_451' title='bbox 2563 423 2795 480; x_wconf 77' lang='lat' dir='ltr'>Josepltes,</span> 
     </span>
     <span class='ocr_line' id='line_1_68' title="bbox 1553 499 2796 557; baseline 0.001 -15"><span class='ocrx_word' id='word_1_452' title='bbox 1553 501 1658 543; x_wconf 87' lang='lat' dir='ltr'>velle</span> <span class='ocrx_word' id='word_1_453' title='bbox 1678 501 1842 556; x_wconf 82' lang='lat' dir='ltr'>accingi</span> <span class='ocrx_word' id='word_1_454' title='bbox 1867 501 2110 555; x_wconf 78' lang='lat' dir='ltr'>pontificem</span> <span class='ocrx_word' id='word_1_455' title='bbox 2136 501 2310 557; x_wconf 78' lang='lat' dir='ltr'>cingulo</span> <span class='ocrx_word' id='word_1_456' title='bbox 2335 500 2540 556; x_wconf 59' lang='lat' dir='ltr'>praedicto</span> <span class='ocrx_word' id='word_1_457' title='bbox 2559 532 2572 552; x_wconf 97' lang='lat'>,</span> <span class='ocrx_word' id='word_1_458' title='bbox 2598 509 2686 555; x_wconf 89' lang='lat' dir='ltr'>quo</span> <span class='ocrx_word' id='word_1_459' title='bbox 2721 499 2796 543; x_wconf 82' lang='lat' dir='ltr'>alil</span> 
     </span>
     <span class='ocr_line' id='line_1_69' title="bbox 1552 569 2794 626; baseline -0.002 -11"><span class='ocrx_word' id='word_1_460' title='bbox 1552 572 1798 616; x_wconf 78' lang='lat' dir='ltr'>sacerdotes</span> <span class='ocrx_word' id='word_1_461' title='bbox 1844 582 1973 626; x_wconf 80' lang='lat' dir='ltr'>super</span> <span class='ocrx_word' id='word_1_462' title='bbox 2024 572 2180 615; x_wconf 83' lang='lat' dir='ltr'>lineam</span> <span class='ocrx_word' id='word_1_463' title='bbox 2219 572 2432 623; x_wconf 87' lang='lat' dir='ltr'>tunicam;</span> <span class='ocrx_word' id='word_1_464' title='bbox 2475 570 2548 614; x_wconf 88' lang='lat' dir='ltr'>alii</span> <span class='ocrx_word' id='word_1_465' title='bbox 2607 569 2794 614; x_wconf 86' lang='lat' dir='ltr'>nondum</span> 
     </span>
     <span class='ocr_line' id='line_1_70' title="bbox 1553 644 2800 701; baseline -0.002 -13"><span class='ocrx_word' id='word_1_466' title='bbox 1553 646 1700 701; x_wconf 87' lang='lat' dir='ltr'>ipsum</span> <span class='ocrx_word' id='word_1_467' title='bbox 1726 644 2166 700; x_wconf 84' lang='lat' dir='ltr'>accingidicunt,sed</span> <span class='ocrx_word' id='word_1_468' title='bbox 2210 658 2341 700; x_wconf 85' lang='lat' dir='ltr'>super</span> <span class='ocrx_word' id='word_1_469' title='bbox 2375 644 2513 700; x_wconf 86' lang='lat' dir='ltr'>ephod</span> <span class='ocrx_word' id='word_1_470' title='bbox 2534 678 2546 698; x_wconf 92' lang='lat'>,</span> <span class='ocrx_word' id='word_1_471' title='bbox 2581 647 2629 686; x_wconf 83' lang='lat' dir='ltr'>ut</span> <span class='ocrx_word' id='word_1_472' title='bbox 2668 654 2800 698; x_wconf 82' lang='lat' dir='ltr'>supet·</span> 
     </span>
     <span class='ocr_line' id='line_1_71' title="bbox 1551 714 2798 773; baseline -0.001 -15"><span class='ocrx_word' id='word_1_473' title='bbox 1551 716 1695 759; x_wconf 88' lang='lat' dir='ltr'>omnia</span> <span class='ocrx_word' id='word_1_474' title='bbox 1716 715 1967 759; x_wconf 85' lang='lat' dir='ltr'>indumenta</span> <span class='ocrx_word' id='word_1_475' title='bbox 1990 716 2042 759; x_wconf 85' lang='lat' dir='ltr'>ad</span> <span class='ocrx_word' id='word_1_476' title='bbox 2064 716 2263 759; x_wconf 86' lang='lat' dir='ltr'>ultimum</span> <span class='ocrx_word' id='word_1_477' title='bbox 2289 717 2549 773; x_wconf 78' lang='lat' dir='ltr'>cingeretur.</span> <span class='ocrx_word' id='word_1_478' title='bbox 2583 714 2798 759; x_wconf 85' lang='lat' dir='ltr'>Fuerunt-</span> 
     </span>
     <span class='ocr_line' id='line_1_72' title="bbox 1551 787 2795 844; baseline 0.001 -14"><span class='ocrx_word' id='word_1_479' title='bbox 1551 800 1634 841; x_wconf 88' lang='lat' dir='ltr'>que</span> <span class='ocrx_word' id='word_1_480' title='bbox 1655 788 1729 843; x_wconf 81' lang='lat' dir='ltr'>qui</span> <span class='ocrx_word' id='word_1_481' title='bbox 1751 788 1945 831; x_wconf 90' lang='lat' dir='ltr'>dicerent</span> <span class='ocrx_word' id='word_1_482' title='bbox 1977 789 2085 832; x_wconf 84' lang='lat' dir='ltr'>duas</span> <span class='ocrx_word' id='word_1_483' title='bbox 2109 800 2242 832; x_wconf 87' lang='lat' dir='ltr'>zonas</span> <span class='ocrx_word' id='word_1_484' title='bbox 2281 789 2485 832; x_wconf 87' lang='lat' dir='ltr'>habuisse</span> <span class='ocrx_word' id='word_1_485' title='bbox 2521 787 2795 844; x_wconf 79' lang='lat' dir='ltr'>pontificem,</span> 
     </span>
     <span class='ocr_line' id='line_1_73' title="bbox 1550 861 2796 918; baseline 0.004 -16"><span class='ocrx_word' id='word_1_486' title='bbox 1550 861 1732 915; x_wconf 85' lang='lat' dir='ltr'>primam</span> <span class='ocrx_word' id='word_1_487' title='bbox 1756 862 1808 903; x_wconf 89' lang='lat' dir='ltr'>ad</span> <span class='ocrx_word' id='word_1_488' title='bbox 1851 861 2027 904; x_wconf 86' lang='lat' dir='ltr'>modum</span> <span class='ocrx_word' id='word_1_489' title='bbox 2063 863 2359 914; x_wconf 86' lang='lat' dir='ltr'>sacerdotum,</span> <span class='ocrx_word' id='word_1_490' title='bbox 2399 862 2630 906; x_wconf 85' lang='lat' dir='ltr'>secundam</span> <span class='ocrx_word' id='word_1_491' title='bbox 2668 874 2796 918; x_wconf 89' lang='lat' dir='ltr'>super</span> 
     </span>
     <span class='ocr_line' id='line_1_74' title="bbox 1550 934 2798 991; baseline 0.003 -15"><span class='ocrx_word' id='word_1_492' title='bbox 1550 934 1708 989; x_wconf 88' lang='lat' dir='ltr'>ephod,</span> <span class='ocrx_word' id='word_1_493' title='bbox 1730 947 1825 990; x_wconf 87' lang='lat' dir='ltr'>quae</span> <span class='ocrx_word' id='word_1_494' title='bbox 1847 934 1943 979; x_wconf 84' lang='lat' dir='ltr'>duae</span> <span class='ocrx_word' id='word_1_495' title='bbox 1963 943 2107 979; x_wconf 88' lang='lat' dir='ltr'>tamen</span> <span class='ocrx_word' id='word_1_496' title='bbox 2134 948 2211 991; x_wconf 90' lang='lat' dir='ltr'>pro</span> <span class='ocrx_word' id='word_1_497' title='bbox 2243 946 2331 979; x_wconf 88' lang='lat' dir='ltr'>uno</span> <span class='ocrx_word' id='word_1_498' title='bbox 2367 936 2636 981; x_wconf 85' lang='lat' dir='ltr'>habebantur</span> <span class='ocrx_word' id='word_1_499' title='bbox 2669 935 2798 981; x_wconf 88' lang='lat' dir='ltr'>indu·</span> 
     </span>
     <span class='ocr_line' id='line_1_75' title="bbox 1550 1006 2795 1064; baseline 0.002 -15"><span class='ocrx_word' id='word_1_500' title='bbox 1550 1014 1712 1050; x_wconf 87' lang='lat' dir='ltr'>mento.</span> <span class='ocrx_word' id='word_1_501' title='bbox 1739 1006 1936 1051; x_wconf 85' lang='lat' dir='ltr'>Secunda</span> <span class='ocrx_word' id='word_1_502' title='bbox 1961 1009 2094 1052; x_wconf 80' lang='lat' dir='ltr'>vestis</span> <span class='ocrx_word' id='word_1_503' title='bbox 2119 1015 2211 1052; x_wconf 85' lang='lat' dir='ltr'>erat</span> <span class='ocrx_word' id='word_1_504' title='bbox 2234 1008 2390 1064; x_wconf 84' lang='lat' dir='ltr'>ephod,</span> <span class='ocrx_word' id='word_1_505' title='bbox 2409 1009 2563 1053; x_wconf 88' lang='lat' dir='ltr'>similis</span> <span class='ocrx_word' id='word_1_506' title='bbox 2581 1007 2795 1064; x_wconf 81' lang='lat' dir='ltr'>superhu-</span> 
     </span>
     <span class='ocr_line' id='line_1_76' title="bbox 1550 1079 2793 1138; baseline 0.003 -17"><span class='ocrx_word' id='word_1_507' title='bbox 1550 1080 1699 1123; x_wconf 86' lang='lat' dir='ltr'>merali</span> <span class='ocrx_word' id='word_1_508' title='bbox 1725 1079 1972 1125; x_wconf 65' lang='lat' dir='ltr'>Graecorum</span> <span class='ocrx_word' id='word_1_509' title='bbox 1998 1081 2052 1126; x_wconf 86' lang='lat' dir='ltr'>de</span> <span class='ocrx_word' id='word_1_510' title='bbox 2077 1082 2290 1136; x_wconf 78' lang='lat' dir='ltr'>praedictis</span> <span class='ocrx_word' id='word_1_511' title='bbox 2329 1091 2515 1138; x_wconf 87' lang='lat' dir='ltr'>quatuor</span> <span class='ocrx_word' id='word_1_512' title='bbox 2551 1082 2793 1134; x_wconf 82' lang='lat' dir='ltr'>coloribus,</span> 
     </span>
     <span class='ocr_line' id='line_1_77' title="bbox 1550 1153 2795 1208; baseline 0.002 -13"><span class='ocrx_word' id='word_1_513' title='bbox 1550 1164 1745 1208; x_wconf 85' lang='lat' dir='ltr'>auroque</span> <span class='ocrx_word' id='word_1_514' title='bbox 1771 1161 2038 1205; x_wconf 84' lang='lat' dir='ltr'>contextum,</span> <span class='ocrx_word' id='word_1_515' title='bbox 2061 1155 2155 1198; x_wconf 88' lang='lat' dir='ltr'>sinc</span> <span class='ocrx_word' id='word_1_516' title='bbox 2181 1154 2378 1207; x_wconf 89' lang='lat' dir='ltr'>manicis,</span> <span class='ocrx_word' id='word_1_517' title='bbox 2420 1155 2472 1198; x_wconf 88' lang='lat' dir='ltr'>ad</span> <span class='ocrx_word' id='word_1_518' title='bbox 2504 1153 2678 1198; x_wconf 87' lang='lat' dir='ltr'>modum</span> <span class='ocrx_word' id='word_1_519' title='bbox 2703 1155 2795 1198; x_wconf 87' lang='lat' dir='ltr'>col-</span> 
     </span>
     <span class='ocr_line' id='line_1_78' title="bbox 1551 1226 2796 1284; baseline 0.002 -15"><span class='ocrx_word' id='word_1_520' title='bbox 1551 1226 1668 1277; x_wconf 80' lang='lat' dir='ltr'>lobii,</span> <span class='ocrx_word' id='word_1_521' title='bbox 1694 1226 1962 1271; x_wconf 87' lang='lat' dir='ltr'>descendens</span> <span class='ocrx_word' id='word_1_522' title='bbox 1985 1240 2124 1284; x_wconf 83' lang='lat' dir='ltr'>usque</span> <span class='ocrx_word' id='word_1_523' title='bbox 2146 1228 2198 1272; x_wconf 86' lang='lat' dir='ltr'>ad</span> <span class='ocrx_word' id='word_1_524' title='bbox 2224 1239 2350 1272; x_wconf 88' lang='lat' dir='ltr'>renes</span> <span class='ocrx_word' id='word_1_525' title='bbox 2369 1262 2380 1282; x_wconf 94' lang='lat'>,</span> <span class='ocrx_word' id='word_1_526' title='bbox 2422 1228 2530 1271; x_wconf 86' lang='lat' dir='ltr'>adeo</span> <span class='ocrx_word' id='word_1_527' title='bbox 2564 1235 2610 1272; x_wconf 89' lang='lat' dir='ltr'>ut</span> <span class='ocrx_word' id='word_1_528' title='bbox 2644 1239 2796 1284; x_wconf 88' lang='lat' dir='ltr'>super-</span> 
     </span>
     <span class='ocr_line' id='line_1_79' title="bbox 1549 1300 2873 1359; baseline 0.002 -17"><span class='ocrx_word' id='word_1_529' title='bbox 1549 1300 1660 1356; x_wconf 83' lang='lat' dir='ltr'>cingi</span> <span class='ocrx_word' id='word_1_530' title='bbox 1685 1307 1846 1357; x_wconf 82' lang='lat' dir='ltr'>posset‚</span> <span class='ocrx_word' id='word_1_531' title='bbox 1878 1301 2147 1358; x_wconf 86' lang='lat' dir='ltr'>superiorem</span> <span class='ocrx_word' id='word_1_532' title='bbox 2176 1308 2339 1357; x_wconf 88' lang='lat' dir='ltr'>partem</span> <span class='ocrx_word' id='word_1_533' title='bbox 2365 1302 2522 1346; x_wconf 87' lang='lat' dir='ltr'>tunicae</span> <span class='ocrx_word' id='word_1_534' title='bbox 2554 1302 2795 1359; x_wconf 85' lang='lat' dir='ltr'>hyacinthi·</span> <span class='ocrx_word' id='word_1_535' title='bbox 2871 1335 2873 1338; x_wconf 17' lang='grc' dir='ltr'><em>Α</em></span> 
     </span>
     <span class='ocr_line' id='line_1_80' title="bbox 1548 1372 2796 1431; baseline 0.002 -13"><span class='ocrx_word' id='word_1_536' title='bbox 1548 1387 1614 1418; x_wconf 82' lang='lat' dir='ltr'>nae</span> <span class='ocrx_word' id='word_1_537' title='bbox 1654 1381 1834 1430; x_wconf 82' lang='lat' dir='ltr'>tegens,</span> <span class='ocrx_word' id='word_1_538' title='bbox 1876 1372 2122 1419; x_wconf 75' lang='lat' dir='ltr'>inferiorem</span> <span class='ocrx_word' id='word_1_539' title='bbox 2164 1376 2412 1431; x_wconf 71' lang='lat' dir='ltr'>relinquens</span> <span class='ocrx_word' id='word_1_540' title='bbox 2446 1377 2668 1420; x_wconf 89' lang='lat' dir='ltr'>intactam.</span> <span class='ocrx_word' id='word_1_541' title='bbox 2699 1375 2796 1421; x_wconf 62' lang='lat' dir='ltr'>01·ae</span> 
     </span>
     <span class='ocr_line' id='line_1_81' title="bbox 1549 1444 2795 1507; baseline 0.003 -17"><span class='ocrx_word' id='word_1_542' title='bbox 1549 1456 1650 1490; x_wconf 79' lang='lat' dir='ltr'>vero</span> <span class='ocrx_word' id='word_1_543' title='bbox 1670 1444 1852 1491; x_wconf 87' lang='lat' dir='ltr'>laterum</span> <span class='ocrx_word' id='word_1_544' title='bbox 1882 1447 2054 1493; x_wconf 85' lang='lat' dir='ltr'>uncinis</span> <span class='ocrx_word' id='word_1_545' title='bbox 2096 1454 2140 1492; x_wconf 86' lang='lat' dir='ltr'>et</span> <span class='ocrx_word' id='word_1_546' title='bbox 2176 1450 2348 1493; x_wconf 85' lang='lat' dir='ltr'>annulis</span> <span class='ocrx_word' id='word_1_547' title='bbox 2379 1450 2521 1493; x_wconf 88' lang='lat' dir='ltr'>aureis</span> <span class='ocrx_word' id='word_1_548' title='bbox 2550 1450 2795 1507; x_wconf 70' lang='lat' dir='ltr'>iungeban-</span> 
     </span>
     <span class='ocr_line' id='line_1_82' title="bbox 1548 1522 2788 1579; baseline 0.002 -14"><span class='ocrx_word' id='word_1_549' title='bbox 1548 1529 1632 1575; x_wconf 90' lang='lat' dir='ltr'>tur,</span> <span class='ocrx_word' id='word_1_550' title='bbox 1659 1528 1908 1578; x_wconf 85' lang='lat' dir='ltr'>aperturam</span> <span class='ocrx_word' id='word_1_551' title='bbox 1928 1522 2092 1567; x_wconf 87' lang='lat' dir='ltr'>hahens</span> <span class='ocrx_word' id='word_1_552' title='bbox 2121 1522 2162 1566; x_wconf 91' lang='lat' dir='ltr'>in</span> <span class='ocrx_word' id='word_1_553' title='bbox 2187 1532 2359 1579; x_wconf 84' lang='lat' dir='ltr'>pectore</span> <span class='ocrx_word' id='word_1_554' title='bbox 2382 1524 2604 1579; x_wconf 88' lang='lat' dir='ltr'>quadram,</span> <span class='ocrx_word' id='word_1_555' title='bbox 2630 1523 2683 1567; x_wconf 89' lang='lat' dir='ltr'>ad</span> <span class='ocrx_word' id='word_1_556' title='bbox 2703 1536 2788 1569; x_wconf 91' lang='lat' dir='ltr'>ma·</span> 
     </span>
    </p>
   </div>
   <div class='ocr_carea' id='block_1_7' title="bbox 1538 1669 2924 4497">
    <p class='ocr_par' dir='ltr' id='par_1_10' title="bbox 1538 1669 2924 4497">
     <span class='ocr_line' id='line_1_83' title="bbox 1546 1669 2792 1730; baseline 0.003 -16"><span class='ocrx_word' id='word_1_557' title='bbox 1546 1671 1672 1726; x_wconf 73' lang='lat' dir='ltr'>cuius</span> <span class='ocrx_word' id='word_1_558' title='bbox 1701 1677 1823 1726; x_wconf 85' lang='lat' dir='ltr'>parte</span> <span class='ocrx_word' id='word_1_559' title='bbox 1844 1669 2094 1728; x_wconf 86' lang='lat' dir='ltr'>superiori,</span> <span class='ocrx_word' id='word_1_560' title='bbox 2121 1685 2250 1728; x_wconf 84' lang='lat' dir='ltr'>super</span> <span class='ocrx_word' id='word_1_561' title='bbox 2275 1679 2509 1730; x_wconf 86' lang='lat' dir='ltr'>utrumque</span> <span class='ocrx_word' id='word_1_562' title='bbox 2533 1674 2758 1718; x_wconf 86' lang='lat' dir='ltr'>humerum</span> <span class='ocrx_word' id='word_1_563' title='bbox 2779 1709 2792 1727; x_wconf 93' lang='lat'>,</span> 
     </span>
     <span class='ocr_line' id='line_1_84' title="bbox 1547 1743 2794 1804; baseline 0.005 -18"><span class='ocrx_word' id='word_1_564' title='bbox 1547 1743 1756 1788; x_wconf 78' lang='lat' dir='ltr'>infibulati</span> <span class='ocrx_word' id='word_1_565' title='bbox 1781 1753 1902 1788; x_wconf 87' lang='lat' dir='ltr'>erant</span> <span class='ocrx_word' id='word_1_566' title='bbox 1924 1757 2032 1789; x_wconf 76' lang='lat' dir='ltr'>atrro</span> <span class='ocrx_word' id='word_1_567' title='bbox 2054 1746 2140 1790; x_wconf 85' lang='lat' dir='ltr'>duo</span> <span class='ocrx_word' id='word_1_568' title='bbox 2163 1746 2328 1802; x_wconf 84' lang='lat' dir='ltr'>lapides</span> <span class='ocrx_word' id='word_1_569' title='bbox 2357 1747 2580 1804; x_wconf 84' lang='lat' dir='ltr'>onychini,</span> <span class='ocrx_word' id='word_1_570' title='bbox 2605 1746 2794 1792; x_wconf 85' lang='lat' dir='ltr'>sardoni-</span> 
     </span>
     <span class='ocr_line' id='line_1_85' title="bbox 1546 1819 2795 1877; baseline 0.003 -14"><span class='ocrx_word' id='word_1_571' title='bbox 1546 1831 1636 1873; x_wconf 89' lang='lat' dir='ltr'>ces,</span> <span class='ocrx_word' id='word_1_572' title='bbox 1661 1820 1903 1864; x_wconf 74' lang='lat' dir='ltr'>secundum</span> <span class='ocrx_word' id='word_1_573' title='bbox 1928 1819 2183 1877; x_wconf 85' lang='lat' dir='ltr'>Josephum,</span> <span class='ocrx_word' id='word_1_574' title='bbox 2206 1823 2446 1866; x_wconf 86' lang='lat' dir='ltr'>secundum</span> <span class='ocrx_word' id='word_1_575' title='bbox 2484 1820 2597 1865; x_wconf 68' lang='lat' dir='ltr'>Lxx</span> <span class='ocrx_word' id='word_1_576' title='bbox 2629 1834 2795 1867; x_wconf 88' lang='lat' dir='ltr'>smara-</span> 
     </span>
     <span class='ocr_line' id='line_1_86' title="bbox 1546 1891 2924 1956; baseline 0.006 -19"><span class='ocrx_word' id='word_1_577' title='bbox 1546 1893 1634 1949; x_wconf 87' lang='lat' dir='ltr'>gdi,</span> <span class='ocrx_word' id='word_1_578' title='bbox 1657 1893 1699 1938; x_wconf 90' lang='lat' dir='ltr'>in</span> <span class='ocrx_word' id='word_1_579' title='bbox 1739 1894 1899 1950; x_wconf 74' lang='lat' dir='ltr'>quibus</span> <span class='ocrx_word' id='word_1_580' title='bbox 1925 1901 2049 1939; x_wconf 87' lang='lat' dir='ltr'>erant</span> <span class='ocrx_word' id='word_1_581' title='bbox 2074 1894 2239 1952; x_wconf 84' lang='lat' dir='ltr'>sculpta</span> <span class='ocrx_word' id='word_1_582' title='bbox 2276 1895 2503 1942; x_wconf 88' lang='lat' dir='ltr'>duodecim</span> <span class='ocrx_word' id='word_1_583' title='bbox 2536 1897 2709 1941; x_wconf 86' lang='lat' dir='ltr'>nomina</span> <span class='ocrx_word' id='word_1_584' title='bbox 2743 1897 2796 1945; x_wconf 84' lang='lat' dir='ltr'>fl·</span> <span class='ocrx_word' id='word_1_585' title='bbox 2863 1891 2868 1894; x_wconf 42' lang='lat'><em>⁶</em></span> <span class='ocrx_word' id='word_1_586' title='bbox 2921 1950 2924 1956; x_wconf 93' lang='lat'><em>.</em></span> 
     </span>
     <span class='ocr_line' id='line_1_87' title="bbox 1545 1966 2878 2028; baseline 0.005 -17"><span class='ocrx_word' id='word_1_587' title='bbox 1545 1966 1840 2013; x_wconf 85' lang='lat' dir='ltr'>liorumlsrael</span> <span class='ocrx_word' id='word_1_588' title='bbox 1854 1969 2189 2025; x_wconf 88' lang='lat' dir='ltr'>provincialibus</span> <span class='ocrx_word' id='word_1_589' title='bbox 2204 1970 2359 2014; x_wconf 89' lang='lat' dir='ltr'>litteris</span> <span class='ocrx_word' id='word_1_590' title='bbox 2375 1971 2439 2022; x_wconf 76' lang='grc'>”“,</span> <span class='ocrx_word' id='word_1_591' title='bbox 2457 1969 2601 2027; x_wconf 73' lang='lat' dir='ltr'>lingua</span> <span class='ocrx_word' id='word_1_592' title='bbox 2618 1969 2794 2018; x_wconf 81' lang='lat' dir='ltr'>llebraea</span> <span class='ocrx_word' id='word_1_593' title='bbox 2866 1996 2878 2028; x_wconf 99' lang='lat'><strong>3</strong></span> 
     </span>
     <span class='ocr_line' id='line_1_88' title="bbox 1540 2040 2860 2097; baseline 0.005 -14"><span class='ocrx_word' id='word_1_594' title='bbox 1540 2040 1662 2097; x_wconf 82' lang='lat' dir='ltr'>juxta</span> <span class='ocrx_word' id='word_1_595' title='bbox 1690 2042 1887 2085; x_wconf 87' lang='lat' dir='ltr'>ordinem</span> <span class='ocrx_word' id='word_1_596' title='bbox 1913 2040 2149 2086; x_wconf 86' lang='lat' dir='ltr'>nativitatis</span> <span class='ocrx_word' id='word_1_597' title='bbox 2171 2055 2340 2093; x_wconf 88' lang='lat' dir='ltr'>corum,</span> <span class='ocrx_word' id='word_1_598' title='bbox 2365 2054 2439 2086; x_wconf 85' lang='lat' dir='ltr'>sex</span> <span class='ocrx_word' id='word_1_599' title='bbox 2459 2043 2632 2086; x_wconf 89' lang='lat' dir='ltr'>nomina</span> <span class='ocrx_word' id='word_1_600' title='bbox 2650 2047 2795 2090; x_wconf 86' lang='lat' dir='ltr'>senio.-</span> <span class='ocrx_word' id='word_1_601' title='bbox 2858 2067 2860 2070; x_wconf 54' lang='lat'>&gt;</span> 
     </span>
     <span class='ocr_line' id='line_1_89' title="bbox 1544 2112 2876 2165; baseline 0.002 -10"><span class='ocrx_word' id='word_1_602' title='bbox 1544 2124 1640 2155; x_wconf 90' lang='lat' dir='ltr'>rum</span> <span class='ocrx_word' id='word_1_603' title='bbox 1665 2113 1708 2156; x_wconf 90' lang='lat' dir='ltr'>in</span> <span class='ocrx_word' id='word_1_604' title='bbox 1729 2113 1911 2156; x_wconf 86' lang='lat' dir='ltr'>humero</span> <span class='ocrx_word' id='word_1_605' title='bbox 1931 2113 2098 2165; x_wconf 86' lang='lat' dir='ltr'>dextro,</span> <span class='ocrx_word' id='word_1_606' title='bbox 2126 2112 2343 2156; x_wconf 83' lang='lat' dir='ltr'>minorum</span> <span class='ocrx_word' id='word_1_607' title='bbox 2374 2112 2416 2156; x_wconf 89' lang='lat' dir='ltr'>in</span> <span class='ocrx_word' id='word_1_608' title='bbox 2439 2112 2615 2157; x_wconf 85' lang='lat' dir='ltr'>sinistro</span> <span class='ocrx_word' id='word_1_609' title='bbox 2646 2113 2701 2158; x_wconf 89' lang='lat' dir='ltr'>ob</span> <span class='ocrx_word' id='word_1_610' title='bbox 2726 2125 2796 2159; x_wconf 71' lang='grc' dir='ltr'>το-</span> <span class='ocrx_word' id='word_1_611' title='bbox 2868 2113 2876 2157; x_wconf 67' lang='grc' dir='ltr'>’ἶ</span> 
     </span>
     <span class='ocr_line' id='line_1_90' title="bbox 1543 2183 2924 2250; baseline 0 -19"><span class='ocrx_word' id='word_1_612' title='bbox 1543 2186 1836 2231; x_wconf 89' lang='lat' dir='ltr'>cordatiouem</span> <span class='ocrx_word' id='word_1_613' title='bbox 1860 2185 2050 2230; x_wconf 78' lang='lat' dir='ltr'>liliorum</span> <span class='ocrx_word' id='word_1_614' title='bbox 2075 2183 2223 2230; x_wconf 80' lang='lat' dir='ltr'>lsrael.</span> <span class='ocrx_word' id='word_1_615' title='bbox 2264 2184 2471 2230; x_wconf 82' lang='lat' dir='ltr'>Habebat.</span> <span class='ocrx_word' id='word_1_616' title='bbox 2497 2193 2639 2233; x_wconf 87' lang='lat' dir='ltr'>autem</span> <span class='ocrx_word' id='word_1_617' title='bbox 2677 2187 2796 2244; x_wconf 82' lang='lat' dir='ltr'>capi-</span> <span class='ocrx_word' id='word_1_618' title='bbox 2867 2189 2875 2250; x_wconf 29' lang='grc' dir='ltr'>ι’</span> <span class='ocrx_word' id='word_1_619' title='bbox 2915 2226 2924 2244; x_wconf 34' lang='grc' dir='ltr'><strong>ἡ</strong></span> 
     </span>
     <span class='ocr_line' id='line_1_91' title="bbox 1546 2258 2873 2322; baseline 0.002 -20"><span class='ocrx_word' id='word_1_620' title='bbox 1546 2259 1652 2302; x_wconf 88' lang='lat' dir='ltr'>tium</span> <span class='ocrx_word' id='word_1_621' title='bbox 1688 2273 1739 2302; x_wconf 83' lang='lat' dir='ltr'>ex</span> <span class='ocrx_word' id='word_1_622' title='bbox 1778 2266 2027 2303; x_wconf 82' lang='lat' dir='ltr'>transverso</span> <span class='ocrx_word' id='word_1_623' title='bbox 2068 2270 2199 2314; x_wconf 86' lang='lat' dir='ltr'>super</span> <span class='ocrx_word' id='word_1_624' title='bbox 2231 2258 2437 2304; x_wconf 86' lang='lat' dir='ltr'>humeros</span> <span class='ocrx_word' id='word_1_625' title='bbox 2476 2259 2663 2305; x_wconf 74' lang='lat' dir='ltr'>lot-ithus</span> <span class='ocrx_word' id='word_1_626' title='bbox 2688 2259 2793 2304; x_wconf 88' lang='lat' dir='ltr'>loris</span> <span class='ocrx_word' id='word_1_627' title='bbox 2870 2316 2873 2322; x_wconf 28' lang='grc' dir='ltr'>Ι</span> 
     </span>
     <span class='ocr_line' id='line_1_92' title="bbox 1543 2327 2924 2390; baseline 0.003 -16"><span class='ocrx_word' id='word_1_628' title='bbox 1543 2338 1809 2375; x_wconf 81' lang='lat' dir='ltr'>contextum.</span> <span class='ocrx_word' id='word_1_629' title='bbox 1834 2329 1957 2383; x_wconf 83' lang='lat' dir='ltr'>Quod</span> <span class='ocrx_word' id='word_1_630' title='bbox 1984 2331 2138 2387; x_wconf 82' lang='lat' dir='ltr'>legitur</span> <span class='ocrx_word' id='word_1_631' title='bbox 2162 2327 2409 2375; x_wconf 88' lang='lat' dir='ltr'>Samuelem</span> <span class='ocrx_word' id='word_1_632' title='bbox 2435 2330 2508 2387; x_wconf 82' lang='grc' dir='ltr'>(ΙΙ</span> <span class='ocrx_word' id='word_1_633' title='bbox 2526 2331 2625 2389; x_wconf 74' lang='lat' dir='ltr'>Req.</span> <span class='ocrx_word' id='word_1_634' title='bbox 2661 2333 2726 2390; x_wconf 81' lang='grc' dir='ltr'>ιι),</span> <span class='ocrx_word' id='word_1_635' title='bbox 2752 2338 2796 2377; x_wconf 87' lang='lat' dir='ltr'>et</span> <span class='ocrx_word' id='word_1_636' title='bbox 2867 2353 2872 2382; x_wconf 71' lang='grc' dir='ltr'><strong><em>ς</em></strong></span> <span class='ocrx_word' id='word_1_637' title='bbox 2914 2339 2924 2378; x_wconf 61' lang='lat' dir='ltr'>‘a</span> 
     </span>
     <span class='ocr_line' id='line_1_93' title="bbox 1543 2390 2919 2461; baseline 0.001 -14"><span class='ocrx_word' id='word_1_638' title='bbox 1543 2404 1761 2460; x_wconf 67' lang='lat' dir='ltr'>Davidssl</span> <span class='ocrx_word' id='word_1_639' title='bbox 1780 2403 1880 2461; x_wconf 67' lang='grc' dir='ltr'>Περ.</span> <span class='ocrx_word' id='word_1_640' title='bbox 1905 2404 2160 2461; x_wconf 82' lang='lat' dir='ltr'>vt)inlutos</span> <span class='ocrx_word' id='word_1_641' title='bbox 2181 2404 2338 2461; x_wconf 84' lang='lat' dir='ltr'>ephod,</span> <span class='ocrx_word' id='word_1_642' title='bbox 2361 2403 2476 2448; x_wconf 90' lang='lat' dir='ltr'>aliud</span> <span class='ocrx_word' id='word_1_643' title='bbox 2501 2411 2610 2456; x_wconf 90' lang='lat' dir='ltr'>er,at</span> <span class='ocrx_word' id='word_1_644' title='bbox 2631 2410 2674 2448; x_wconf 87' lang='lat' dir='ltr'>et</span> <span class='ocrx_word' id='word_1_645' title='bbox 2694 2399 2816 2460; x_wconf 45' lang='lat' dir='ltr'>pro—⁴</span> <span class='ocrx_word' id='word_1_646' title='bbox 2867 2413 2869 2416; x_wconf 83' lang='lat'>&#39;</span> <span class='ocrx_word' id='word_1_647' title='bbox 2917 2390 2919 2395; x_wconf 35' lang='lat'><strong>¹</strong></span> 
     </span>
     <span class='ocr_line' id='line_1_94' title="bbox 1541 2476 2866 2543; baseline 0.001 -23"><span class='ocrx_word' id='word_1_648' title='bbox 1541 2478 1632 2533; x_wconf 87' lang='lat' dir='ltr'>prie</span> <span class='ocrx_word' id='word_1_649' title='bbox 1653 2478 1827 2534; x_wconf 76' lang='lat' dir='ltr'>ephotar</span> <span class='ocrx_word' id='word_1_650' title='bbox 1857 2476 2098 2529; x_wconf 88' lang='lat' dir='ltr'>dicebatur,</span> <span class='ocrx_word' id='word_1_651' title='bbox 2125 2484 2168 2521; x_wconf 90' lang='lat' dir='ltr'>et</span> <span class='ocrx_word' id='word_1_652' title='bbox 2207 2483 2301 2521; x_wconf 90' lang='lat' dir='ltr'>erat</span> <span class='ocrx_word' id='word_1_653' title='bbox 2331 2477 2525 2532; x_wconf 80' lang='lat' dir='ltr'>linenm3</span> <span class='ocrx_word' id='word_1_654' title='bbox 2563 2477 2666 2521; x_wconf 89' lang='lat' dir='ltr'>illud</span> <span class='ocrx_word' id='word_1_655' title='bbox 2692 2489 2793 2522; x_wconf 81' lang='lat' dir='ltr'>vero</span> <span class='ocrx_word' id='word_1_656' title='bbox 2863 2528 2866 2543; x_wconf 49' lang='grc' dir='ltr'>Ι</span> 
     </span>
     <span class='ocr_line' id='line_1_95' title="bbox 1545 2550 2865 2611; baseline 0.002 -18"><span class='ocrx_word' id='word_1_657' title='bbox 1545 2551 1653 2594; x_wconf 87' lang='lat' dir='ltr'>mira</span> <span class='ocrx_word' id='word_1_658' title='bbox 1680 2550 2001 2607; x_wconf 84' lang='lat' dir='ltr'>pulchritudine</span> <span class='ocrx_word' id='word_1_659' title='bbox 2022 2551 2368 2595; x_wconf 83' lang='lat' dir='ltr'>vermiculatum.</span> <span class='ocrx_word' id='word_1_660' title='bbox 2395 2550 2588 2594; x_wconf 84' lang='lat' dir='ltr'>Tertium</span> <span class='ocrx_word' id='word_1_661' title='bbox 2609 2557 2702 2611; x_wconf 81' lang='lat' dir='ltr'>crat</span> <span class='ocrx_word' id='word_1_662' title='bbox 2721 2562 2795 2594; x_wconf 87' lang='lat' dir='ltr'>or-</span> <span class='ocrx_word' id='word_1_663' title='bbox 2860 2553 2865 2596; x_wconf 78' lang='lat'>,¹</span> 
     </span>
     <span class='ocr_line' id='line_1_96' title="bbox 1543 2616 2914 2680; baseline -0.001 -14"><span class='ocrx_word' id='word_1_664' title='bbox 1543 2623 1791 2667; x_wconf 90' lang='lat' dir='ltr'>namentum</span> <span class='ocrx_word' id='word_1_665' title='bbox 1813 2623 1926 2680; x_wconf 87' lang='lat' dir='ltr'>quod</span> <span class='ocrx_word' id='word_1_666' title='bbox 1949 2622 2153 2668; x_wconf 84' lang='lat' dir='ltr'>llebraeus</span> <span class='ocrx_word' id='word_1_667' title='bbox 2182 2626 2311 2674; x_wconf 80' lang='lat' dir='ltr'>essin,</span> <span class='ocrx_word' id='word_1_668' title='bbox 2333 2623 2507 2667; x_wconf 87' lang='lat' dir='ltr'>Graecus</span> <span class='ocrx_word' id='word_1_669' title='bbox 2533 2616 2690 2680; x_wconf 53' lang='grc' dir='ltr'>ἱὸςιίοιι,7</span> <span class='ocrx_word' id='word_1_670' title='bbox 2710 2621 2794 2666; x_wconf 86' lang='lat' dir='ltr'>La·</span> <span class='ocrx_word' id='word_1_671' title='bbox 2854 2671 2858 2674; x_wconf 44' lang='grc'>,</span> <span class='ocrx_word' id='word_1_672' title='bbox 2911 2616 2914 2619; x_wconf 73' lang='grc'><strong>’</strong></span> 
     </span>
     <span class='ocr_line' id='line_1_97' title="bbox 1542 2693 2916 2752; baseline 0.001 -14"><span class='ocrx_word' id='word_1_673' title='bbox 1542 2695 1658 2739; x_wconf 88' lang='lat' dir='ltr'>tinus</span> <span class='ocrx_word' id='word_1_674' title='bbox 1691 2695 1898 2739; x_wconf 79' lang='lat' dir='ltr'>rationale</span> <span class='ocrx_word' id='word_1_675' title='bbox 1933 2693 2054 2748; x_wconf 87' lang='lat' dir='ltr'>dicit,</span> <span class='ocrx_word' id='word_1_676' title='bbox 2075 2696 2442 2752; x_wconf 82' lang='lat' dir='ltr'>quadrangulum,</span> <span class='ocrx_word' id='word_1_677' title='bbox 2462 2702 2506 2739; x_wconf 88' lang='lat' dir='ltr'>et</span> <span class='ocrx_word' id='word_1_678' title='bbox 2537 2694 2710 2751; x_wconf 81' lang='lat' dir='ltr'>duplex,</span> <span class='ocrx_word' id='word_1_679' title='bbox 2739 2702 2796 2739; x_wconf 65' lang='grc' dir='ltr'>κιο</span> <span class='ocrx_word' id='word_1_680' title='bbox 2859 2711 2863 2747; x_wconf 81' lang='grc'>;</span> <span class='ocrx_word' id='word_1_681' title='bbox 2907 2730 2916 2743; x_wconf 71' lang='grc'>,</span> 
     </span>
     <span class='ocr_line' id='line_1_98' title="bbox 1541 2766 2862 2823; baseline 0.002 -14"><span class='ocrx_word' id='word_1_682' title='bbox 1541 2768 1729 2822; x_wconf 83' lang='lat' dir='ltr'>pondere</span> <span class='ocrx_word' id='word_1_683' title='bbox 1754 2779 2025 2823; x_wconf 83' lang='lat' dir='ltr'>gemmarum</span> <span class='ocrx_word' id='word_1_684' title='bbox 2059 2774 2352 2823; x_wconf 81' lang='lat' dir='ltr'>rumperetur,</span> <span class='ocrx_word' id='word_1_685' title='bbox 2374 2774 2622 2811; x_wconf 86' lang='lat' dir='ltr'>mensuram</span> <span class='ocrx_word' id='word_1_686' title='bbox 2658 2766 2791 2822; x_wconf 88' lang='lat' dir='ltr'>palmi</span> <span class='ocrx_word' id='word_1_687' title='bbox 2859 2772 2862 2778; x_wconf 87' lang='lat'>&#39;</span> 
     </span>
     <span class='ocr_line' id='line_1_99' title="bbox 1541 2838 2908 2898; baseline -0.002 -14"><span class='ocrx_word' id='word_1_688' title='bbox 1541 2842 1722 2892; x_wconf 72' lang='lat' dir='ltr'>habens,</span> <span class='ocrx_word' id='word_1_689' title='bbox 1757 2838 1924 2885; x_wconf 85' lang='lat' dir='ltr'>scilicet</span> <span class='ocrx_word' id='word_1_690' title='bbox 1942 2848 2188 2897; x_wconf 84' lang='lat' dir='ltr'>aperturam</span> <span class='ocrx_word' id='word_1_691' title='bbox 2221 2839 2592 2898; x_wconf 82' lang='lat' dir='ltr'>superhumeralis</span> <span class='ocrx_word' id='word_1_692' title='bbox 2615 2838 2793 2895; x_wconf 72' lang='lat' dir='ltr'>implere</span> <span class='ocrx_word' id='word_1_693' title='bbox 2859 2856 2861 2858; x_wconf 95' lang='lat'>·</span> <span class='ocrx_word' id='word_1_694' title='bbox 2900 2859 2908 2873; x_wconf 61' lang='grc' dir='ltr'><em>ο</em></span> 
     </span>
     <span class='ocr_line' id='line_1_100' title="bbox 1540 2905 2791 2970; baseline -0.002 -11"><span class='ocrx_word' id='word_1_695' title='bbox 1540 2906 1776 2969; x_wconf 78' lang='lat' dir='ltr'>sufficiens,</span> <span class='ocrx_word' id='word_1_696' title='bbox 1795 2926 1847 2958; x_wconf 83' lang='lat' dir='ltr'>ex</span> <span class='ocrx_word' id='word_1_697' title='bbox 1868 2915 2086 2970; x_wconf 86' lang='lat' dir='ltr'>praedictis</span> <span class='ocrx_word' id='word_1_698' title='bbox 2105 2905 2289 2970; x_wconf 85' lang='lat' dir='ltr'>quatuor</span> <span class='ocrx_word' id='word_1_699' title='bbox 2307 2913 2527 2959; x_wconf 89' lang='lat' dir='ltr'>coloribus</span> <span class='ocrx_word' id='word_1_700' title='bbox 2543 2919 2791 2958; x_wconf 79' lang='lat' dir='ltr'>contextum</span> 
     </span>
     <span class='ocr_line' id='line_1_101' title="bbox 1540 2987 2788 3045; baseline -0.002 -12"><span class='ocrx_word' id='word_1_701' title='bbox 1540 2998 1583 3035; x_wconf 84' lang='lat' dir='ltr'>et</span> <span class='ocrx_word' id='word_1_702' title='bbox 1636 3002 1744 3035; x_wconf 89' lang='lat' dir='ltr'>auro</span> <span class='ocrx_word' id='word_1_703' title='bbox 1793 2990 1946 3035; x_wconf 87' lang='lat' dir='ltr'>eodem</span> <span class='ocrx_word' id='word_1_704' title='bbox 1997 2993 2231 3042; x_wconf 85' lang='lat' dir='ltr'>schcmate,</span> <span class='ocrx_word' id='word_1_705' title='bbox 2287 3001 2373 3045; x_wconf 89' lang='lat' dir='ltr'>quo</span> <span class='ocrx_word' id='word_1_706' title='bbox 2420 2987 2788 3044; x_wconf 79' lang='lat' dir='ltr'>superhumerale.</span> 
     </span>
     <span class='ocr_line' id='line_1_102' title="bbox 1541 3058 2790 3120; baseline -0.003 -14"><span class='ocrx_word' id='word_1_707' title='bbox 1541 3063 1758 3120; x_wconf 82' lang='lat' dir='ltr'>Erantque</span> <span class='ocrx_word' id='word_1_708' title='bbox 1781 3062 1825 3107; x_wconf 90' lang='lat' dir='ltr'>in</span> <span class='ocrx_word' id='word_1_709' title='bbox 1845 3075 1898 3107; x_wconf 89' lang='lat' dir='ltr'>eo</span> <span class='ocrx_word' id='word_1_710' title='bbox 1923 3062 2152 3107; x_wconf 81' lang='lat' dir='ltr'>dttodecim</span> <span class='ocrx_word' id='word_1_711' title='bbox 2175 3062 2343 3118; x_wconf 80' lang='lat' dir='ltr'>lapides</span> <span class='ocrx_word' id='word_1_712' title='bbox 2360 3096 2371 3115; x_wconf 93' lang='lat'>,</span> <span class='ocrx_word' id='word_1_713' title='bbox 2395 3071 2504 3105; x_wconf 86' lang='lat' dir='ltr'>auro</span> <span class='ocrx_word' id='word_1_714' title='bbox 2521 3059 2702 3104; x_wconf 86' lang='lat' dir='ltr'>tirmiter</span> <span class='ocrx_word' id='word_1_715' title='bbox 2725 3058 2790 3102; x_wconf 86' lang='lat' dir='ltr'>in·</span> 
     </span>
     <span class='ocr_line' id='line_1_103' title="bbox 1538 3131 2791 3191; baseline -0.006 -9"><span class='ocrx_word' id='word_1_716' title='bbox 1538 3137 1665 3190; x_wconf 86' lang='lat' dir='ltr'>clusi,</span> <span class='ocrx_word' id='word_1_717' title='bbox 1688 3149 1764 3191; x_wconf 83' lang='lat' dir='ltr'>per</span> <span class='ocrx_word' id='word_1_718' title='bbox 1786 3142 1973 3191; x_wconf 85' lang='lat' dir='ltr'>quatuor</span> <span class='ocrx_word' id='word_1_719' title='bbox 1999 3137 2174 3180; x_wconf 86' lang='lat' dir='ltr'>ordines</span> <span class='ocrx_word' id='word_1_720' title='bbox 2192 3135 2295 3179; x_wconf 86' lang='lat' dir='ltr'>trini</span> <span class='ocrx_word' id='word_1_721' title='bbox 2333 3135 2375 3179; x_wconf 90' lang='lat' dir='ltr'>in</span> <span class='ocrx_word' id='word_1_722' title='bbox 2399 3133 2598 3191; x_wconf 78' lang='lat' dir='ltr'>singulis.</span> <span class='ocrx_word' id='word_1_723' title='bbox 2625 3131 2671 3176; x_wconf 88' lang='lat' dir='ltr'>ln</span> <span class='ocrx_word' id='word_1_724' title='bbox 2701 3132 2791 3188; x_wconf 84' lang='lat' dir='ltr'>pri·-</span> 
     </span>
     <span class='ocr_line' id='line_1_104' title="bbox 1539 3203 2792 3264; baseline -0.003 -10"><span class='ocrx_word' id='word_1_725' title='bbox 1539 3222 1611 3254; x_wconf 89' lang='lat' dir='ltr'>mo</span> <span class='ocrx_word' id='word_1_726' title='bbox 1624 3210 1776 3254; x_wconf 90' lang='lat' dir='ltr'>ordine</span> <span class='ocrx_word' id='word_1_727' title='bbox 1794 3209 1982 3261; x_wconf 85' lang='lat' dir='ltr'>sardius,</span> <span class='ocrx_word' id='word_1_728' title='bbox 2002 3207 2213 3263; x_wconf 87' lang='lat' dir='ltr'>topasius,</span> <span class='ocrx_word' id='word_1_729' title='bbox 2237 3205 2513 3264; x_wconf 81' lang='lat' dir='ltr'>smaragdus.</span> <span class='ocrx_word' id='word_1_730' title='bbox 2531 3204 2578 3248; x_wconf 92' lang='lat' dir='ltr'>ln</span> <span class='ocrx_word' id='word_1_731' title='bbox 2600 3203 2792 3250; x_wconf 81' lang='lat' dir='ltr'>seeundo</span> 
     </span>
     <span class='ocr_line' id='line_1_105' title="bbox 1538 3277 2787 3340; baseline -0.006 -9"><span class='ocrx_word' id='word_1_732' title='bbox 1538 3285 1852 3338; x_wconf 82' lang='lat' dir='ltr'>carbunculus,</span> <span class='ocrx_word' id='word_1_733' title='bbox 1875 3282 2135 3340; x_wconf 83' lang='lat' dir='ltr'>sapphirus,</span> <span class='ocrx_word' id='word_1_734' title='bbox 2155 3280 2308 3338; x_wconf 83' lang='lat' dir='ltr'>jaspis.</span> <span class='ocrx_word' id='word_1_735' title='bbox 2343 3279 2390 3324; x_wconf 89' lang='lat' dir='ltr'>ln</span> <span class='ocrx_word' id='word_1_736' title='bbox 2422 3279 2550 3324; x_wconf 87' lang='lat' dir='ltr'>tertio</span> <span class='ocrx_word' id='word_1_737' title='bbox 2587 3277 2787 3335; x_wconf 60' lang='lat' dir='ltr'>ligurius,</span> 
     </span>
     <span class='ocr_line' id='line_1_106' title="bbox 1544 3350 2788 3411; baseline -0.009 -9"><span class='ocrx_word' id='word_1_738' title='bbox 1544 3357 1736 3410; x_wconf 81' lang='lat' dir='ltr'>achates,</span> <span class='ocrx_word' id='word_1_739' title='bbox 1761 3356 2045 3411; x_wconf 87' lang='lat' dir='ltr'>amethystus</span> <span class='ocrx_word' id='word_1_740' title='bbox 2065 3353 2112 3396; x_wconf 88' lang='lat' dir='ltr'>ln</span> <span class='ocrx_word' id='word_1_741' title='bbox 2152 3359 2309 3409; x_wconf 89' lang='lat' dir='ltr'>quarto</span> <span class='ocrx_word' id='word_1_742' title='bbox 2333 3350 2642 3408; x_wconf 87' lang='lat' dir='ltr'>chrysolith‘us,</span> <span class='ocrx_word' id='word_1_743' title='bbox 2679 3361 2788 3406; x_wconf 86' lang='lat' dir='ltr'>ony-</span> 
     </span>
     <span class='ocr_line' id='line_1_107' title="bbox 1541 3420 2789 3483; baseline -0.008 -10"><span class='ocrx_word' id='word_1_744' title='bbox 1541 3420 1717 3482; x_wconf 86' lang='lat' dir='ltr'>chinus,</span> <span class='ocrx_word' id='word_1_745' title='bbox 1740 3434 1784 3472; x_wconf 90' lang='lat' dir='ltr'>et</span> <span class='ocrx_word' id='word_1_746' title='bbox 1806 3422 2070 3483; x_wconf 78' lang='lat' dir='ltr'>beryluS.1n</span> <span class='ocrx_word' id='word_1_747' title='bbox 2094 3425 2255 3481; x_wconf 89' lang='lat' dir='ltr'>quihus</span> <span class='ocrx_word' id='word_1_748' title='bbox 2278 3430 2401 3468; x_wconf 64' lang='lat' dir='ltr'>etant</span> <span class='ocrx_word' id='word_1_749' title='bbox 2419 3422 2585 3478; x_wconf 86' lang='lat' dir='ltr'>sculpta</span> <span class='ocrx_word' id='word_1_750' title='bbox 2623 3420 2789 3464; x_wconf 84' lang='lat' dir='ltr'>duode-</span> 
     </span>
     <span class='ocr_line' id='line_1_108' title="bbox 1543 3492 2790 3552; baseline -0.006 -7"><span class='ocrx_word' id='word_1_751' title='bbox 1543 3502 1626 3546; x_wconf 88' lang='lat' dir='ltr'>cim</span> <span class='ocrx_word' id='word_1_752' title='bbox 1659 3500 1833 3544; x_wconf 85' lang='lat' dir='ltr'>nomina</span> <span class='ocrx_word' id='word_1_753' title='bbox 1857 3499 2044 3542; x_wconf 88' lang='lat' dir='ltr'>liliorum</span> <span class='ocrx_word' id='word_1_754' title='bbox 2063 3497 2214 3550; x_wconf 88' lang='lat' dir='ltr'>lsrael,</span> <span class='ocrx_word' id='word_1_755' title='bbox 2244 3497 2370 3552; x_wconf 78' lang='lat' dir='ltr'>juxta</span> <span class='ocrx_word' id='word_1_756' title='bbox 2400 3494 2596 3539; x_wconf 79' lang='lat' dir='ltr'>ordinem</span> <span class='ocrx_word' id='word_1_757' title='bbox 2635 3492 2790 3537; x_wconf 84' lang='lat' dir='ltr'>nativi·</span> 
     </span>
     <span class='ocr_line' id='line_1_109' title="bbox 1543 3565 2829 3635; baseline -0.005 -18"><span class='ocrx_word' id='word_1_758' title='bbox 1543 3573 1644 3617; x_wconf 85' lang='lat' dir='ltr'>tatis</span> <span class='ocrx_word' id='word_1_759' title='bbox 1667 3585 1770 3624; x_wconf 85' lang='lat' dir='ltr'>suae,</span> <span class='ocrx_word' id='word_1_760' title='bbox 1797 3571 1966 3627; x_wconf 87' lang='lat' dir='ltr'>singula</span> <span class='ocrx_word' id='word_1_761' title='bbox 1999 3570 2040 3612; x_wconf 90' lang='lat' dir='ltr'>in</span> <span class='ocrx_word' id='word_1_762' title='bbox 2068 3569 2269 3629; x_wconf 81' lang='lat' dir='ltr'>singulis,</span> <span class='ocrx_word' id='word_1_763' title='bbox 2299 3578 2346 3613; x_wconf 86' lang='lat' dir='ltr'>ut</span> <span class='ocrx_word' id='word_1_764' title='bbox 2369 3571 2562 3625; x_wconf 78' lang='lat' dir='ltr'>gestaret</span> <span class='ocrx_word' id='word_1_765' title='bbox 2587 3565 2787 3611; x_wconf 86' lang='lat' dir='ltr'>sacerdos</span> <span class='ocrx_word' id='word_1_766' title='bbox 2825 3628 2829 3635; x_wconf 29' lang='grc' dir='ltr'>Ι</span> 
     </span>
     <span class='ocr_line' id='line_1_110' title="bbox 1543 3632 2787 3699; baseline -0.002 -9"><span class='ocrx_word' id='word_1_767' title='bbox 1543 3645 1799 3690; x_wconf 85' lang='lat' dir='ltr'>memoriale</span> <span class='ocrx_word' id='word_1_768' title='bbox 1824 3645 1922 3688; x_wconf 87' lang='lat' dir='ltr'>liliis</span> <span class='ocrx_word' id='word_1_769' title='bbox 1944 3641 2092 3699; x_wconf 79' lang='lat' dir='ltr'>lsrael,</span> <span class='ocrx_word' id='word_1_770' title='bbox 2118 3654 2160 3689; x_wconf 90' lang='lat' dir='ltr'>et</span> <span class='ocrx_word' id='word_1_771' title='bbox 2183 3632 2373 3689; x_wconf 82' lang='lat' dir='ltr'>liliorum</span> <span class='ocrx_word' id='word_1_772' title='bbox 2397 3643 2528 3689; x_wconf 88' lang='lat' dir='ltr'>lsrael</span> <span class='ocrx_word' id='word_1_773' title='bbox 2564 3645 2607 3688; x_wconf 88' lang='lat' dir='ltr'>in</span> <span class='ocrx_word' id='word_1_774' title='bbox 2632 3644 2787 3688; x_wconf 79' lang='lat' dir='ltr'>hume-</span> 
     </span>
     <span class='ocr_line' id='line_1_111' title="bbox 1541 3717 2788 3775; baseline -0.002 -13"><span class='ocrx_word' id='word_1_775' title='bbox 1541 3719 1603 3763; x_wconf 84' lang='lat' dir='ltr'>ris</span> <span class='ocrx_word' id='word_1_776' title='bbox 1623 3726 1666 3762; x_wconf 90' lang='lat' dir='ltr'>et</span> <span class='ocrx_word' id='word_1_777' title='bbox 1698 3724 1897 3775; x_wconf 88' lang='lat' dir='ltr'>pectore,</span> <span class='ocrx_word' id='word_1_778' title='bbox 1937 3719 1992 3762; x_wconf 91' lang='lat' dir='ltr'>ob</span> <span class='ocrx_word' id='word_1_779' title='bbox 2027 3718 2371 3763; x_wconf 87' lang='lat' dir='ltr'>recordationem</span> <span class='ocrx_word' id='word_1_780' title='bbox 2413 3717 2562 3771; x_wconf 87' lang='lat' dir='ltr'>trium,</span> <span class='ocrx_word' id='word_1_781' title='bbox 2601 3726 2788 3773; x_wconf 83' lang='lat' dir='ltr'>quorum</span> 
     </span>
     <span class='ocr_line' id='line_1_112' title="bbox 1543 3787 2825 3846; baseline -0.002 -13"><span class='ocrx_word' id='word_1_782' title='bbox 1543 3791 1672 3833; x_wconf 90' lang='lat' dir='ltr'>unius</span> <span class='ocrx_word' id='word_1_783' title='bbox 1694 3790 1877 3846; x_wconf 91' lang='lat' dir='ltr'>populus</span> <span class='ocrx_word' id='word_1_784' title='bbox 1899 3797 2013 3833; x_wconf 89' lang='lat' dir='ltr'>esset</span> <span class='ocrx_word' id='word_1_785' title='bbox 2035 3801 2217 3841; x_wconf 90' lang='lat' dir='ltr'>memor,</span> <span class='ocrx_word' id='word_1_786' title='bbox 2245 3787 2337 3846; x_wconf 86' lang='lat' dir='ltr'>ipse</span> <span class='ocrx_word' id='word_1_787' title='bbox 2357 3800 2461 3832; x_wconf 84' lang='lat' dir='ltr'>vero</span> <span class='ocrx_word' id='word_1_788' title='bbox 2484 3788 2670 3831; x_wconf 87' lang='lat' dir='ltr'>duorum</span> <span class='ocrx_word' id='word_1_789' title='bbox 2690 3799 2703 3830; x_wconf 70' lang='grc' dir='ltr'>ι</span> <span class='ocrx_word' id='word_1_790' title='bbox 2740 3791 2789 3831; x_wconf 87' lang='lat' dir='ltr'>ut</span> <span class='ocrx_word' id='word_1_791' title='bbox 2814 3815 2825 3837; x_wconf 60' lang='lat' dir='ltr'>a</span> 
     </span>
     <span class='ocr_line' id='line_1_113' title="bbox 1543 3860 2784 3919; baseline -0.002 -13"><span class='ocrx_word' id='word_1_792' title='bbox 1543 3863 1710 3907; x_wconf 85' lang='lat' dir='ltr'>scilicet</span> <span class='ocrx_word' id='word_1_793' title='bbox 1746 3864 1931 3919; x_wconf 89' lang='lat' dir='ltr'>populus</span> <span class='ocrx_word' id='word_1_794' title='bbox 1967 3862 2120 3907; x_wconf 86' lang='lat' dir='ltr'>videns</span> <span class='ocrx_word' id='word_1_795' title='bbox 2159 3860 2335 3906; x_wconf 89' lang='lat' dir='ltr'>nomina</span> <span class='ocrx_word' id='word_1_796' title='bbox 2374 3867 2543 3916; x_wconf 90' lang='lat' dir='ltr'>patrum</span> <span class='ocrx_word' id='word_1_797' title='bbox 2573 3862 2784 3912; x_wconf 73' lang='lat' dir='ltr'>suorum,</span> 
     </span>
     <span class='ocr_line' id='line_1_114' title="bbox 1543 3933 2786 3992; baseline -0.005 -11"><span class='ocrx_word' id='word_1_798' title='bbox 1543 3942 1757 3992; x_wconf 84' lang='lat' dir='ltr'>satageret</span> <span class='ocrx_word' id='word_1_799' title='bbox 1784 3948 1838 3978; x_wconf 91' lang='lat' dir='ltr'>ne</span> <span class='ocrx_word' id='word_1_800' title='bbox 1861 3947 1884 3978; x_wconf 88' lang='lat' dir='ltr'>a</span> <span class='ocrx_word' id='word_1_801' title='bbox 1903 3936 2060 3979; x_wconf 82' lang='lat' dir='ltr'>virtute</span> <span class='ocrx_word' id='word_1_802' title='bbox 2084 3936 2277 3991; x_wconf 90' lang='lat' dir='ltr'>priorum</span> <span class='ocrx_word' id='word_1_803' title='bbox 2313 3933 2615 3989; x_wconf 77' lang='lat' dir='ltr'>degeneraret3</span> <span class='ocrx_word' id='word_1_804' title='bbox 2639 3941 2786 3976; x_wconf 85' lang='lat' dir='ltr'>sacer-</span> 
     </span>
     <span class='ocr_line' id='line_1_115' title="bbox 1542 3996 2787 4062; baseline -0.003 -12"><span class='ocrx_word' id='word_1_805' title='bbox 1542 4007 1622 4050; x_wconf 91' lang='lat' dir='ltr'>dos</span> <span class='ocrx_word' id='word_1_806' title='bbox 1646 3996 1748 4051; x_wconf 68' lang='lat' dir='ltr'>vero</span> <span class='ocrx_word' id='word_1_807' title='bbox 1771 4007 1901 4050; x_wconf 86' lang='lat' dir='ltr'>vitam</span> <span class='ocrx_word' id='word_1_808' title='bbox 1927 4013 1969 4050; x_wconf 90' lang='lat' dir='ltr'>ct</span> <span class='ocrx_word' id='word_1_809' title='bbox 1998 4006 2122 4050; x_wconf 83' lang='lat' dir='ltr'>tidem</span> <span class='ocrx_word' id='word_1_810' title='bbox 2149 4004 2492 4062; x_wconf 84' lang='lat' dir='ltr'>patriarcharum</span> <span class='ocrx_word' id='word_1_811' title='bbox 2519 4003 2787 4047; x_wconf 84' lang='lat' dir='ltr'>meminisset</span> 
     </span>
     <span class='ocr_line' id='line_1_116' title="bbox 1544 4067 2831 4134; baseline -0.001 -13"><span class='ocrx_word' id='word_1_812' title='bbox 1544 4077 1731 4131; x_wconf 84' lang='lat' dir='ltr'>imitari;</span> <span class='ocrx_word' id='word_1_813' title='bbox 1752 4079 2020 4123; x_wconf 88' lang='lat' dir='ltr'>meminisset</span> <span class='ocrx_word' id='word_1_814' title='bbox 2041 4078 2169 4123; x_wconf 88' lang='lat' dir='ltr'>etiam</span> <span class='ocrx_word' id='word_1_815' title='bbox 2193 4079 2398 4134; x_wconf 83' lang='lat' dir='ltr'>populum</span> <span class='ocrx_word' id='word_1_816' title='bbox 2419 4089 2471 4121; x_wconf 84' lang='lat' dir='ltr'>ex</span> <span class='ocrx_word' id='word_1_817' title='bbox 2496 4076 2563 4119; x_wconf 88' lang='lat' dir='ltr'>his</span> <span class='ocrx_word' id='word_1_818' title='bbox 2591 4075 2790 4132; x_wconf 80' lang='lat' dir='ltr'>patribus</span> <span class='ocrx_word' id='word_1_819' title='bbox 2824 4067 2831 4076; x_wconf 61' lang='lat'>⁸</span> 
     </span>
     <span class='ocr_line' id='line_1_117' title="bbox 1544 4148 2785 4204; baseline -0.005 -8"><span class='ocrx_word' id='word_1_820' title='bbox 1544 4159 1710 4204; x_wconf 89' lang='lat' dir='ltr'>ortum,</span> <span class='ocrx_word' id='word_1_821' title='bbox 1736 4150 1961 4196; x_wconf 82' lang='lat' dir='ltr'>sacrificiis</span> <span class='ocrx_word' id='word_1_822' title='bbox 1985 4158 2027 4195; x_wconf 90' lang='lat' dir='ltr'>et</span> <span class='ocrx_word' id='word_1_823' title='bbox 2051 4150 2320 4194; x_wconf 88' lang='lat' dir='ltr'>orationibus</span> <span class='ocrx_word' id='word_1_824' title='bbox 2343 4149 2432 4193; x_wconf 83' lang='lat' dir='ltr'>Deo</span> <span class='ocrx_word' id='word_1_825' title='bbox 2466 4148 2785 4195; x_wconf 76' lang='lat' dir='ltr'>commendare.</span> 
     </span>
     <span class='ocr_line' id='line_1_118' title="bbox 1543 4220 2786 4282; baseline -0.005 -14"><span class='ocrx_word' id='word_1_826' title='bbox 1543 4225 1851 4282; x_wconf 87' lang='lat' dir='ltr'>Appellabatur</span> <span class='ocrx_word' id='word_1_827' title='bbox 1885 4226 2001 4268; x_wconf 89' lang='lat' dir='ltr'>enim</span> <span class='ocrx_word' id='word_1_828' title='bbox 2039 4223 2250 4268; x_wconf 82' lang='lat' dir='ltr'>rationale</span> <span class='ocrx_word' id='word_1_829' title='bbox 2279 4222 2463 4278; x_wconf 70' lang='lat' dir='ltr'>Judicii;</span> <span class='ocrx_word' id='word_1_830' title='bbox 2489 4221 2591 4277; x_wconf 84' lang='lat' dir='ltr'>quia</span> <span class='ocrx_word' id='word_1_831' title='bbox 2625 4220 2786 4275; x_wconf 83' lang='lat' dir='ltr'>scripta</span> 
     </span>
     <span class='ocr_line' id='line_1_119' title="bbox 1544 4292 2878 4350; baseline -0.004 -9"><span class='ocrx_word' id='word_1_832' title='bbox 1544 4304 1670 4342; x_wconf 85' lang='lat' dir='ltr'>erant</span> <span class='ocrx_word' id='word_1_833' title='bbox 1695 4298 1739 4341; x_wconf 92' lang='lat' dir='ltr'>in</span> <span class='ocrx_word' id='word_1_834' title='bbox 1759 4309 1812 4341; x_wconf 92' lang='lat' dir='ltr'>eo</span> <span class='ocrx_word' id='word_1_835' title='bbox 1840 4299 1931 4341; x_wconf 81' lang='lat' dir='ltr'>haec</span> <span class='ocrx_word' id='word_1_836' title='bbox 1953 4297 2041 4341; x_wconf 91' lang='lat' dir='ltr'>duo</span> <span class='ocrx_word' id='word_1_837' title='bbox 2066 4296 2238 4340; x_wconf 89' lang='lat' dir='ltr'>nomina</span> <span class='ocrx_word' id='word_1_838' title='bbox 2261 4294 2501 4350; x_wconf 84' lang='lat' dir='ltr'>,judicium</span> <span class='ocrx_word' id='word_1_839' title='bbox 2529 4299 2573 4337; x_wconf 90' lang='lat' dir='ltr'>et</span> <span class='ocrx_word' id='word_1_840' title='bbox 2607 4292 2782 4344; x_wconf 76' lang='lat' dir='ltr'>veritas,</span> <span class='ocrx_word' id='word_1_841' title='bbox 2828 4307 2832 4311; x_wconf 46' lang='lat'>&gt;¹</span> <span class='ocrx_word' id='word_1_842' title='bbox 2875 4307 2878 4320; x_wconf 88' lang='grc'>·</span> 
     </span>
     <span class='ocr_line' id='line_1_120' title="bbox 1546 4366 2783 4417; baseline -0.006 -3"><span class='ocrx_word' id='word_1_843' title='bbox 1546 4371 1611 4414; x_wconf 81' lang='lat' dir='ltr'>vel</span> <span class='ocrx_word' id='word_1_844' title='bbox 1647 4370 1843 4414; x_wconf 90' lang='lat' dir='ltr'>doctrina</span> <span class='ocrx_word' id='word_1_845' title='bbox 1881 4378 1925 4412; x_wconf 87' lang='lat' dir='ltr'>et</span> <span class='ocrx_word' id='word_1_846' title='bbox 1959 4370 2138 4414; x_wconf 81' lang='lat' dir='ltr'>veritas.</span> <span class='ocrx_word' id='word_1_847' title='bbox 2184 4367 2298 4411; x_wconf 84' lang='lat' dir='ltr'>Sane</span> <span class='ocrx_word' id='word_1_848' title='bbox 2335 4368 2407 4410; x_wconf 86' lang='lat' dir='ltr'>nbi</span> <span class='ocrx_word' id='word_1_849' title='bbox 2439 4379 2519 4411; x_wconf 89' lang='lat' dir='ltr'>nos</span> <span class='ocrx_word' id='word_1_850' title='bbox 2548 4366 2783 4417; x_wconf 85' lang='lat' dir='ltr'>habemus,</span> 
     </span>
     <span class='ocr_line' id='line_1_121' title="bbox 1546 4438 2782 4497; baseline -0.005 -14"><span class='ocrx_word' id='word_1_851' title='bbox 1546 4454 1668 4497; x_wconf 71' lang='lat' dir='ltr'>pones</span> <span class='ocrx_word' id='word_1_852' title='bbox 1705 4442 1745 4482; x_wconf 79' lang='lat' dir='ltr'>in</span> <span class='ocrx_word' id='word_1_853' title='bbox 1798 4439 2005 4483; x_wconf 75' lang='lat' dir='ltr'>rationale</span> <span class='ocrx_word' id='word_1_854' title='bbox 2034 4439 2188 4491; x_wconf 69' lang='lat' dir='ltr'>judicit</span> <span class='ocrx_word' id='word_1_855' title='bbox 2210 4471 2224 4493; x_wconf 87' lang='lat'>,</span> <span class='ocrx_word' id='word_1_856' title='bbox 2249 4438 2458 4494; x_wconf 80' lang='lat' dir='ltr'>judicium</span> <span class='ocrx_word' id='word_1_857' title='bbox 2496 4444 2535 4479; x_wconf 84' lang='lat' dir='ltr'>et</span> <span class='ocrx_word' id='word_1_858' title='bbox 2571 4438 2782 4480; x_wconf 78' lang='lat' dir='ltr'>veritatem</span> 
     </span>
    </p>
   </div>
   <div class='ocr_carea' id='block_1_8' title="bbox 2820 252 2924 4588">
    <p class='ocr_par' dir='ltr' id='par_1_11' title="bbox 2820 252 2924 4588">
     <span class='ocr_line' id='line_1_122' title="bbox 2820 252 2924 4588; baseline 0 0"><span class='ocrx_word' id='word_1_859' title='bbox 2820 252 2924 4588; x_wconf 95' lang='lat' dir='ltr'>   </span> 
     </span>
    </p>
   </div>
  </div>
 </body>
</html>
