2924 4588
224 168 329 213 ΗΜ

1225 159 1389 205 PETnt
1420 158 1772 204 cottsssroms

2674 116 2788 199 isaia

222 267 291 304 tra
340 258 488 308 Vasthi
516 269 605 301 non
629 255 897 312 ingrediatur
927 252 982 297 ad
1016 263 1179 309 regem.
1205 252 1280 296 scd
1323 253 1458 295 altera
1485 255 1519 299 Α
1542 251 1675 294 exivit
1700 249 1862 294 mensis
1886 246 2181 292 duodecimus.
2210 261 2224 288 ι
2251 243 2374 288 Tune
2396 244 2456 288 ait
2481 243 2613 290 Autan
2640 246 2694 290 ad
2716 259 2788 291 re·

222 312 374 375 nielior
400 313 563 386 'regne‘
585 342 663 385 pro
696 340 763 372 ea.
804 325 856 369 Et
888 326 993 369 exiit
1016 325 1204 369 edietum
1242 324 1286 367 in
1308 337 1462 368 onmes
1476 334 1489 338 ²

222 402 466 458 provincias
490 413 564 456 per
586 395 808 455 epistolssn
832 397 982 454 regis:

281 486 297 513 ι
321 472 372 514 Et
408 471 611 514 dixerunt
653 470 775 526 pueri
816 464 930 525 regis
970 467 1023 511 ad
1059 481 1154 512 eum
1179 467 1464 519 :Quaerantur

219 545 310 601 regi
334 544 488 599 puellae
525 538 716 597 vingnes
751 542 973 597 speciosae.
1018 547 1060 584 et
1092 540 1316 583 tradantur
1346 539 1461 596 Egco

217 617 419 660 eunucho
437 615 489 658 ad
514 615 755 659 custodiam
778 647 789 663 ,
815 621 857 658 et
884 614 1099 669 accipiant
1126 614 1336 656 muudum
1372 626 1459 654 mn-

218 689 229 729 l
249 689 394 731 ebrem
415 687 598 743 (Esther.
620 686 687 745 n),
710 703 725 730 t
758 688 799 730 id
821 695 887 731 cst
903 694 1060 738 vestes,
1084 693 1126 730 rt
1149 687 1308 736 cultus,
1329 693 1371 730 et
1389 698 1460 729 or-

216 766 363 803 natus.
393 759 514 803 Unde
544 766 587 804 et
611 760 834 806 ministros
870 759 1018 802 talium
1044 755 1357 802 mundiburdos
1384 770 1457 799 vo·

215 844 382 883 camus,
398 838 446 876 -et
478 844 742 888 quaecunque
762 835 901 878 oculis
933 834 1047 890 regis
1071 833 1282 889 placuerit
1303 838 1458 887 regnet

216 917 295 959 pro
313 903 484 948 Vastbi.
507 904 673 948 Placuit
712 918 855 950 sermo
894 907 1001 962 regi,
1021 912 1063 950 ct
1090 905 1221 962 jussit
1243 906 1324 950 hec
1346 905 1454 949 fieri.

215 976 319 1019 Erat
340 981 443 1021 tune
466 978 509 1021 in
530 977 654 1022 Susis
675 975 867 1031 Jndaeus,
896 978 1107 1022 vocabulo
1142 977 1455 1028 Mardocha-us,

215 1048 400 1093 detribu
440 1047 614 1100 Jemini,
658 1049 731 1104 qui
772 1048 1055 1093 descenderat
1087 1049 1141 1091 de
1175 1049 1459 1105 transmigra-

214 1127 330 1168 tione
344 1120 574 1167 lechoniae.
601 1122 679 1166 llic
691 1123 1001 1168 eratnutritius
1017 1122 1113 1166 tilia·
1130 1122 1276 1167 fratris
1296 1122 1457 1170 Edissae

214 1209 311 1252 quae
341 1202 384 1240 et
406 1195 560 1239 Esther
583 1195 836 1246 vocabatur,
862 1209 1008 1252 quam,
1054 1197 1251 1240 orbatam
1275 1203 1458 1253 utroque

214 1276 408 1326 parente,
436 1268 732 1318 Mardochaeus
776 1269 1056 1325 adoptaverat
1088 1270 1153 1313 in*
1178 1270 1325 1316 liliam.
1357 1270 1455 1314 Haec

212 1342 327 1385 inter
353 1348 531 1386 caeteras
545 1342 700 1385 tradita
721 1349 785 1385 est
801 1342 1015 1393 eunucho,
1042 1355 1122 1386 nee
1147 1342 1353 1387 indicavit
1376 1357 1456 1400 po·-

212 1412 359 1466 pulum
384 1423 526 1455 suum.
549 1411 620 1455 Sic
645 1412 758 1456 enim
781 1413 1058 1457 mandaverat
1082 1418 1121 1458 ei
1144 1414 1454 1469 Mardoeliaeus,

212 1490 252 1525 ct
271 1483 434 1526 invenit
450 1484 631 1539 gratiam
653 1483 698 1526 in
721 1483 860 1528 oculis
893 1484 1099 1536 eunuchi,
1134 1491 1175 1529 et
1199 1478 1457 1531 acceleravit

211 1556 250 1599 ei
266 1557 429 1599 cultum
451 1557 721 1609 muliebrem,
738 1563 779 1602 et
800 1557 919 1601 dedit
935 1558 974 1602 ei
998 1565 1162 1615 septem
1189 1561 1371 1616 puellas.
1411 1570 1458 1606 nt

211 1641 304 1672 eam
328 1635 530 1674 orna.ent
554 1636 596 1673 et
617 1631 878 1675 excolerent.
906 1629 1041 1676 Porro
1059 1633 1250 1688 virgines
1282 1646 1358 1690 per
1380 1647 1456 1679 sex

211 1714 381 1748 menses
402 1701 674 1759 ungebantur
688 1704 784 1749 oleo
809 1706 1033 1762 myrrhino
1051 1737 1063 1758 ,
1089 1713 1131 1750 et
1157 1707 1255 1751 aliis
1273 1721 1348 1752 sex
1366 1709 1458 1765 qui-

209 1774 390 1819 busdam
419 1776 648 1833 pigmentis
681 1783 723 1821 et
746 1779 1013 1823 aromatibus
1032 1781 1279 1833 utebantur,
1302 1788 1456 1839 utpost

211 1856 372 1890 annum
395 1847 723 1904 ingrederentur
742 1850 795 1893 ad
825 1862 985 1909 regem,
1007 1859 1049 1896 et
1067 1866 1162 1908 quae
1186 1866 1364 1910 vespere
1389 1854 1459 1898 in·

209 1919 348 1962 trahat
369 1920 670 1976 egrediebatur
693 1934 840 1978 mane,
867 1936 948 1970 nec
966 1932 1134 1982 poterat
1158 1928 1300 1973 redire
1320 1961 1332 1980 ,
1371 1931 1456 1974 nisi

208 2006 286 2037 rex
309 2005 360 2038 ex
386 1995 563 2038 nomine
602 1995 807 2050 iussisset
838 2010 933 2042 eam
958 2001 1121 2044 venire.
1159 2000 1454 2048 mardochaeus

209 2073 354 2110 autem
375 2068 629 2111 versabatur
662 2067 706 2112 in
730 2070 944 2115 vestibulo
977 2073 1130 2117 domus
1154 2075 1282 2131 regiae
1305 2088 1454 2120 curam

208 2152 343 2196 agens
391 2142 544 2188 salutis
585 2143 695 2187 tiliae.
750 2142 942 2188 Tandem
986 2145 1178 2191 instabat
1229 2147 1323 2192 dies
1367 2162 1454 2206 qua

210 2214 382 2267 Esther,
406 2214 492 2259 lilia
516 2216 703 2270 Abibail,
730 2216 891 2262 intrare
913 2219 1094 2264 debebat
1118 2222 1170 2265 ad
1194 2234 1354 2279 regem,
1374 2237 1454 2270 nec

210 2290 406 2344 quaesivit
426 2291 480 2333 ab
500 2290 613 2347 Egeo
631 2292 791 2335 cultum
822 2293 1076 2338 muliebrem
1098 2310 1107 2348 ;
1141 2297 1216 2340 sed
1243 2300 1386 2353 posuit
1409 2300 1453 2345 in

1545 335 1639 379 gem
1667 336 1678 364 z
1705 322 1890 366 interest
1915 322 2003 377 regi
2041 331 2214 364 servare
2230 331 2377 374 pacem
2402 333 2412 372 ;
2439 330 2623 362 noverca
2643 326 2788 363 autem

1543 397 1662 451 pacis
1678 402 1747 440 est
1772 394 2095 439 dissimilitudo.
2125 407 2140 433 ‹
2169 392 2245 436 Est
2281 392 2397 435 enim
2436 404 2540 446 gens
2576 395 2619 435 in
2657 403 2790 447 regno

1543 474 1616 510 tuo
1641 466 1868 510 dissimilis
1886 465 2072 513 caeteris,
2095 464 2217 528 novis
2245 470 2367 505 utens
2388 462 2571 518 legibus,
2612 463 2790 518 insuper
2846 463 2848 467 ’
2915 457 2921 501 ἶ

1542 545 1584 581 et
1617 539 1732 592 regis
1757 538 1867 581 scita
1885 543 2185 580 contemnens.
2216 535 2394 591 Expedit
2428 534 2522 587 tihi,
2544 541 2589 576 ut
2610 547 2698 577 non
2722 536 2791 578 in-

1542 613 1744 663 solvscat,
1766 611 1950 655 decerne
1975 621 2075 665 ergo
2099 616 2145 651 nt
2171 615 2330 664 pereat.
2357 607 2406 650 Et
2432 621 2486 652 ne
2516 607 2789 662 dispendium

1541 683 1706 728 sentias
1726 683 1768 725 in
1791 683 1966 726 tributis
2007 682 2156 725 decem
2178 681 2308 723 millia
2330 681 2591 723 talentorum
2624 687 2789 735 appen-
2850 714 2853 740 7

1541 757 1638 799 dam
1666 756 1848 799 arcariis
1867 767 1983 810 gazae
2005 760 2103 798 tuae.
2126 753 2328 809 'salitque
2362 765 2434 796 rex
2458 753 2681 803 annulum,
2703 765 2793 808 quo
2819 809 2827 813 -
2848 787 2850 791 ,

1541 830 1759 879 utebatur,
1780 836 1822 872 et
1854 829 1970 871 dedit
1993 824 2110 870 illum
2156 830 2311 878 Antan,
2339 826 2491 871 dit-ens
2514 843 2526 870 2
2553 826 2788 885 Argentum
2811 863 2815 869 .
2848 887 2849 890 Ἴ

1540 909 1661 945 tuum
1689 902 1761 945 tibi
1794 901 1864 945 sit.
1905 909 1947 945 et
1992 902 2045 945 de
2083 901 2241 957 populo
2273 914 2349 957 age
2390 901 2505 956 (prod
2527 900 2604 943 tibi
2631 903 2787 956 placet.

1540 974 1663 1017 Tunc
1687 975 1861 1029 scripsit
1881 974 2017 1017 Aman
2042 986 2090 1018 ex
2115 974 2286 1017 nomine
2305 976 2420 1029 regis
2444 973 2610 1016 litteras
2627 973 2788 1018 annulo

1540 1048 1653 1103 regis
1690 1049 1941 1104 designatas
1987 1049 2028 1091 in
2068 1060 2216 1098 omncs
2255 1048 2516 1103 provincias,
2543 1053 2591 1090 ιιι
2614 1046 2789 1091 occide—

1539 1127 1690 1164 rentur
1721 1114 1855 1164 iudai
1880 1135 1902 1165 a
1927 1122 2124 1176 parvulo.
2149 1134 2286 1176 usque
2325 1121 2376 1166 ad
2421 1133 2586 1173 senem,
2611 1127 2654 1165 et
2673 1121 2788 1165 bona
2853 1162 2856 1167 .

1538 1206 1688 1238 eorum
1707 1195 1997 1250 diriperentur
2035 1194 2161 1238 tertio
2176 1195 2342 1238 decimo
2358 1194 2425 1237 die
2447 1196 2607 1239 mensis
2627 1193 2791 1240 duode-

1539 1267 1657 1310 cimi.
1699 1267 1941 1322 Statimque
1967 1267 2007 1309 in
2037 1265 2161 1310 Susis
2182 1266 2383 1322 pependit
2409 1265 2615 1311 edictum.
2641 1282 2656 1307 ι

1594 1338 1716 1390 Quod
1743 1351 1840 1382 cum
1867 1340 2073 1395 legissent
2094 1337 2228 1382 Judaei
2254 1339 2479 1381 fleverunt.
2501 1338 2584 1383 Sed
2608 1344 2652 1386 et
2677 1336 2789 1382 Mar-

1538 1410 1743 1454 dochacus
1787 1410 1964 1460 indutus
2010 1420 2075 1455 est
2118 1423 2263 1462 sacco,
2310 1418 2352 1454 et
2387 1423 2591 1466 aspersus
2624 1412 2786 1463 cinere,
2811 1410 2813 1412 ’

1537 1495 1693 1539 magna
1716 1495 1820 1530 voce
1845 1484 2038 1539 ejulabat
2059 1493 2145 1540 prae
2173 1483 2337 1527 loribus
2357 1483 2504 1541 palatii
2525 1481 2691 1542 (Esther
2710 1483 2785 1540 tr).
2838 1473 2842 1475 Δ

1537 1556 1631 1600 Non
1649 1557 1765 1601 enIm
1791 1556 1856 1602 sas
1880 1565 1972 1601 erat
1991 1556 2164 1603 indutos
2201 1570 2328 1601 sacco
2365 1557 2527 1601 intrare
2561 1557 2785 1614 palatium.
2839 1610 2842 1611 ⁷

1537 1627 1660 1682 Quod
1684 1640 1782 1676 cum
1808 1631 2050 1686 accepisset
2091 1628 2265 1681 Esther,
2311 1635 2588 1675 consternata
2628 1637 2712 1681 est,
2744 1638 2788 1674 et

1537 1703 1656 1745 misit
1679 1703 1716 1747 ei
1736 1709 1913 1757 vestem,
1935 1715 2019 1759 qna
2046 1702 2221 1746 indutus
2244 1702 2422 1746 intraret
2447 1705 2499 1746 ad
2518 1715 2629 1754 eam,
2658 1713 2786 1759 quiam
2809 1747 2813 1752 ,

1537 1777 1733 1831 accipere
1757 1775 1913 1826 noluit,
1937 1773 2012 1819 sed
2035 1773 2296 1830 significavit
2334 1774 2373 1818 ei
2411 1778 2488 1836 per
2528 1775 2778 1818 eunuchum

1537 1836 1712 1892 causam
1741 1847 1883 1899 lictus,
1910 1855 1953 1892 et
1976 1850 2197 1903 exemplar
2227 1847 2374 1901 edicti,
2414 1849 2530 1904 quod
2569 1847 2787 1905 pendebat

1536 1926 1579 1968 in
1609 1923 1734 1966 Susis
1756 1922 1872 1966 misit
1897 1920 1953 1972 ei,
1981 1933 2160 1965 monens
2183 1934 2295 1972 eam,
2332 1928 2376 1964 ut
2424 1922 2606 1966 intraret
2629 1924 2681 1966 ad
2718 1934 2787 1967 re·
2838 1974 2843 1980 .

1537 2009 1649 2052 gem,
1674 2001 1716 2039 et
1742 1995 2007 2051 supplicaret
2029 1996 2066 2038 ei
2092 2007 2171 2050 pro
2192 1995 2350 2050 populo
2369 2006 2464 2039 sue.
2482 1993 2587 2048 Quae
2607 2007 2788 2046 respon·

1535 2071 1625 2117 dit:
1655 2071 1749 2116 lam
1775 2071 1954 2128 triginta
1966 2070 2119 2118 diebus
2142 2082 2230 2113 uon
2254 2082 2348 2114 snm
2370 2076 2518 2114 vocata
2543 2072 2597 2114 ad
2622 2082 2783 2128 regem.

1534 2152 1578 2189 et
1592 2144 1813 2191 decretum
1837 2151 1903 2190 cst
1942 2145 2078 2200 utqui
2103 2157 2188 2188 non
2214 2152 2392 2187 vocatus
2428 2142 2662 2188 accesserit
2693 2155 2784 2186 mo·

1535 2221 1688 2274 riatur,
1708 2221 1792 2264 nisi
1818 2219 1926 2263 sorte
1947 2233 2021 2263 rex
2054 2230 2227 2262 ani-eam
2249 2221 2412 2275 virgam
2440 2218 2492 2262 ad
2517 2230 2611 2262 eain
2635 2224 2786 2262 exten·-

1535 2292 1662 2337 derit.
1684 2293 1962 2348 llursumque
1986 2291 2282 2340 Mardocbaeus
2321 2292 2373 2334 ad
2398 2304 2490 2335 eam
2518 2290 2659 2344 :Quid
2697 2293 2783 2336 scis

210 2364 431 2409 voluntate
451 2365 565 2419 ejus,
587 2366 660 2413 aui
678 2368 903 2411 tenebatur
929 2369 1087 2424 puellis
1122 2370 1226 2415 dare
1251 2383 1455 2427 quaeeun·
1477 2379 1511 2425 C
1535 2372 1682 2410 utrum
1700 2366 1868 2409 idcirco
1887 2365 1942 2408 ad
1960 2376 2142 2420 regnum
2176 2364 2366 2416 veneris,
2404 2370 2447 2406 ut
2488 2363 2533 2407 in
2568 2365 2642 2407 tali
2676 2370 2788 2408 tem—-

210 2448 294 2491 que
315 2437 542 2491 petissent.
574 2436 624 2480 Et
645 2438 821 2487 intravit
853 2440 906 2484 ad
952 2454 1096 2498 regem
1134 2454 1247 2487 anno
1271 2446 1453 2500 septimo

209 2510 331 2565 regni
375 2509 532 2566 ipsius,
574 2523 723 2557 mense
757 2514 923 2559 decimo
950 2516 1022 2572 qni
1057 2515 1268 2562 Hebraice
1296 2518 1456 2563 dieitur

209 2580 421 2632 Thebeth.
453 2583 603 2628 Latine
622 2584 874 2641 lanuarius,
899 2594 942 2632 et
960 2590 1123 2634 invenit
1141 2592 1322 2647 gratiam
1340 2594 1454 2648 apud

208 2669 368 2712 regem,
408 2664 449 2701 et
487 2657 589 2702 l'eeit
628 2671 723 2704 eam
754 2674 938 2719 regnare
967 2675 1046 2720 pro
1073 2663 1240 2710 Vasthi.
1267 2665 1317 2709 Et
1341 2667 1454 2711 cele-

209 2728 352 2773 bravit
397 2730 571 2786 nuptias
595 2743 674 2787 per
701 2744 908 2787 mensem,
937 2739 980 2779 et
1002 2735 1222 2780 mandavit
1252 2750 1329 2793 per
1358 2750 1452 2793 eos,

208 2802 281 2856 qni
311 2802 471 2858 ,499αή
508 2804 729 2856 dicuntur,
770 2805 813 2849 id
836 2812 903 2852 est
933 2819 1135 2854 cursores
1153 2842 1164 2861 ,
1190 2811 1382 2866 requiem
1409 2811 1454 2855 in

209 2875 412 2920 universo
432 2889 563 2933 regno
586 2889 661 2934 per
679 2883 850 2935 tempus
871 2881 1135 2936 nuptiarum.
1159 2882 1359 2928 Mardocli
1373 2898 1453 2930 nus

210 2952 381 2999 antem,
423 2949 497 3005 qui
541 2950 808 3006 frequentius
853 2955 1102 2998 morabatur
1140 2957 1182 3000 in
1221 2957 1452 3015 Babylonia

211 3022 322 3064 unde
367 3030 407 3065 et
452 3023 637 3068 adducta
677 3024 817 3069 suerat
842 3027 1012 3079 Esther,
1051 3031 1271 3073 transtulit
1314 3044 1361 3074 se
1407 3035 1452 3076 in

210 3096 353 3141 Susis..
377 3095 437 3142 Eo
466 3104 657 3154 tempore
674 3101 770 3144 irati
798 3108 899 3146 sunt
932 3107 1048 3160 regis
1075 3105 1161 3149 dno
1177 3108 1363 3150 eunuchi
1382 3109 1451 3163 ja·-

207 3169 401 3223 nitores,
436 3177 479 3214 et
520 3173 883 3218 machinabantur
923 3183 970 3219 ut
999 3177 1247 3223 occiderent
1287 3191 1450 3237 regem.

209 3241 330 3294 Quod
363 3257 450 3287 non
485 3245 608 3289 latuit
627 3246 961 3300 Mardocbaeum,
989 3257 1030 3294 et
1055 3251 1259 3295 indicavit
1279 3251 1450 3305 Esther,

208 3319 250 3358 «zt
266 3315 335 3358 illa
347 3327 399 3359 ex
412 3318 583 3362 nomine
595 3317 848 3365 Mardocbaei
866 3321 1018 3366 detulit
1035 3324 1087 3367 ad
1101 3336 1258 3380 regem.
1283 3325 1451 3379 Quasi·

208 3393 383 3443 tumque
399 3394 531 3443 est,et
551 3392 789 3445 inventum,
810 3402 850 3438 et
866 3400 1041 3451 appensi
1058 3405 1155 3440 sunt
1175 3398 1216 3441 in
1240 3398 1455 3454 patibulo.

1535 2453 1638 2496 pore
1665 2441 1910 2496 parareris?
1929 2437 1973 2482 Si
1995 2451 2110 2481 nunc
2126 2438 2316 2490 silueris,
2335 2451 2410 2494 per
2433 2438 2567 2482 alium·
2587 2438 2783 2483 liberabit

1535 2514 1744 2558 Dominus
1781 2513 1983 2569 populum
2007 2524 2150 2563 suum,
2187 2518 2229 2555 et
2250 2520 2292 2555 tu
2316 2518 2358 2556 et
2373 2512 2528 2556 doinus
2561 2512 2697 2567 patris
2719 2514 2782 2554 tui

1535 2587 1749 2643 peribitis
1797 2585 1919 2630 Tune
1958 2584 2179 2628 mandavit
2216 2584 2371 2628 Esther
2413 2584 2699 2633 Mardochaeo,
2736 2588 2784 2626 ut

1534 2672 1686 2706 omnes
1707 2659 1859 2710 lud-ri,
1885 2660 2096 2715 quierant
2119 2660 2164 2702 in
2197 2658 2322 2702 Susis
2363 2671 2436 2714 pei·
2464 2657 2654 2700 triduum
2675 2657 2784 2712 Jeju-

1534 2737 1705 2782 narcnt,
1729 2738 1772 2774 et
1795 2735 1969 2774 orarent
1989 2743 2066 2786 pro
2091 2740 2159 2783 ea,
2180 2728 2255 2774 sed
2283 2737 2324 2772 et
2343 2731 2436 2784 ipsa
2456 2728 2684 2784 jejunavit.
2707 2745 2721 2770 ι

1596 2820 1610 2847 ι
1638 2804 1715 2849 Die
1737 2811 1880 2848 autem
1906 2805 2029 2847 tertia
2059 2804 2209 2848 induta
2233 2802 2448 2859 regalibus
2470 2802 2587 2846 stetit
2610 2802 2651 2845 in
2672 2801 2781 2846 atrio

1534 2880 1690 2925 domus
1710 2913 1723 2933 ,
1749 2886 1901 2923 contra
1920 2878 2143 2922 basilicam
2159 2878 2272 2934 regis
2296 2888 2394 2920 eum
2421 2875 2589 2918 duabus
2607 2874 2778 2930 puellis.

1533 2965 1718 3010 quarum
1751 2964 1878 2996 unam
1917 2951 2237 2994 incumbentem
2277 2949 2534 2999 sustinebat,
2557 2951 2689 2992 altera
2711 2960 2781 2991 se·

1533 3039 1671 3082 quens
1693 3023 2008 3080 longitudinem
2046 3023 2179 3068 vestis
2203 3025 2385 3067 summis
2409 3021 2554 3077 digitis
2579 3020 2778 3077 deporta·

1533 3100 1606 3144 bat
1638 3097 1807 3155 (Esther
1828 3104 1890 3154 v).
1910 3097 1965 3140 At
1995 3109 2066 3140 rex
2090 3096 2266 3140 sedebat
2283 3107 2414 3150 supra
2448 3095 2605 3139 solium
2626 3099 2779 3139 eontra

1532 3171 1692 3216 ostium
1711 3169 1884 3214 domus.
1905 3168 2103 3222 Quicum
2127 3170 2392 3223 respexisset
2405 3179 2498 3212 eam
2518 3175 2640 3212 torvo
2656 3167 2779 3212 vultu

1530 3244 1719 3299 collapsa
1743 3250 1824 3288 est.
1849 3244 2044 3302 Cumque
2061 3241 2238 3287 vidisset
2260 3241 2412 3286 Esther
2429 3243 2594 3298 lapsam
2615 3241 2778 3299 placuit

1529 3330 1586 3368 et.
1615 3323 1658 3362 et
1679 3317 1872 3362 extendit
1919 3324 2068 3361 contra
2103 3329 2198 3360 eam
2233 3327 2408 3358 auream
2446 3315 2626 3372 virgam.
2674 3314 2777 3369 Quae

1532 3404 1815 3449 consurgens,
1849 3398 1892 3436 et
1915 3391 2144 3441 accedens,
2170 3391 2362 3434 osculata
2382 3395 2448 3434 est
2484 3390 2773 3436 summitatem

207 3457 260 3500 Et
282 3459 483 3502 traditum
509 3467 574 3506 est
596 3474 742 3506 coram
768 3477 866 3521 rege
903 3466 944 3510 in
971 3469 1214 3520 annalibus,
1244 3487 1258 3512 ι
1286 3471 1331 3515 ἰιι
1354 3471 1453 3528 qui·
1478 3449 1511 3492 Ι)
1538 3478 1669 3520 virgae
1693 3498 1703 3515 ,
1728 3473 1769 3509 et
1797 3466 1858 3507 ait
1880 3477 1952 3509 rex
1978 3480 1987 3507 :
2009 3462 2119 3518 Quid
2144 3464 2227 3516 ris,
2248 3463 2434 3506 Esther?
2454 3461 2670 3518 Quidquid
2700 3474 2774 3519 pe-

205 3531 286 3575 hus
308 3544 427 3587 reges
451 3534 690 3578 accidentia
713 3540 918 3593 temporis
936 3541 1002 3583 sui
1025 3541 1288 3598 redigebant.

261 3604 364 3649 Post
388 3605 478 3651 haec
500 3606 719 3654 Assuerns
741 3612 946 3656 exaltavit
967 3614 1105 3658 Antan
1130 3615 1448 3672 Amalecbiten,

205 3676 279 3732 qui
300 3683 392 3721 erat
415 3679 468 3723 de
500 3680 631 3736 stirpe
653 3680 788 3739 Agag,
826 3696 951 3739 quem
997 3685 1169 3731 Samuel
1201 3689 1446 3742 trucidavit,

204 3754 248 3791 et
270 3748 507 3795 adorabant
523 3764 619 3796 eum
644 3755 756 3798 servi
788 3757 900 3813 regis
919 3764 1074 3813 praeter
1110 3759 1447 3816 mardochaeum,

206 3821 279 3875 qui
304 3828 477 3878 propter
514 3824 678 3878 patrias
705 3826 820 3883 leges
863 3839 1010 3872 coram
1034 3841 1085 3873 eo
1110 3843 1220 3886 genu
1259 3844 1349 3878 non
1371 3831 1444 3876 sse·

203 3892 360 3936 ciebat.
387 3893 509 3948 Quod
530 3898 753 3942 attendens
785 3898 920 3942 Antan
944 3900 1190 3957 indignatus
1211 3910 1292 3951 est.
1320 3912 1447 3949 etac-

204 3961 371 4021 cipiens
389 3978 487 4009 eum
510 3965 734 4012 Rebi-:rum
768 3983 863 4014 esse
898 3970 1064 4027 (Esther
1082 3973 1164 4029 ιιι),
1187 3974 1245 4019 ait
1269 3995 1278 4020 :
1304 3975 1447 4020 Persae

203 4034 330 4080 liberi
354 4034 532 4082 flectunt
571 4051 727 4095 genua,
757 4057 771 4082 ι
796 4042 865 4084 hic
889 4049 1032 4087 autem
1058 4057 1211 4091 servus
1240 4047 1446 4104 dedigna-

204 4112 291 4154 tur.
317 4107 370 4151 Et
388 4109 602 4165 disposuit
629 4113 809 4168 perdere
830 4113 1016 4168 ludaeos,
1052 4118 1123 4172 qui
1148 4127 1270 4163 erant
1297 4121 1344 4164 in
1376 4135 1445 4165 re-

204 4192 289 4235 gno
305 4179 483 4226 Assueri
500 4184 634 4228 veteri
670 4192 814 4230 motus
849 4187 962 4240 odio,
992 4193 1091 4245 qnia
1126 4191 1444 4237 Judaeideleve-

203 4258 305 4296 rant
344 4251 654 4302 Amalecbitas.
702 4257 963 4304 Duodecimo
996 4262 1142 4318 itaque
1174 4275 1288 4309 anno
1322 4264 1441 4322 regni

203 4325 400 4380 Assum-i,
449 4339 597 4373 mense
624 4329 781 4386 primo,
819 4332 953 4376 missa
987 4341 1054 4377 est
1084 4336 1240 4379 sorsin
1270 4349 1441 4389 urnam,

205 4408 301 4451 quae
325 4394 532 4449 ssebraiee
551 4400 712 4445 dieitur
733 4401 860 4458 phur.
900 4416 1046 4449 coram
1064 4404 1221 4458 Aman,
1237 4421 1322 4463 qua
1354 4409 1442 4460 die.

202 4476 252 4514 et
263 4482 350 4536 quo
372 4483 519 4518 mense
537 4485 642 4531 gens
677 4473 921 4521 Judaeorum
947 4472 1123 4524 deberet
1166 4479 1365 4534 interfici,
1394 4488 1439 4526 *et

1533 3540 1652 3582 lieris
1675 3538 1789 3590 dabo
1823 3537 1918 3580 tihi.
1944 3535 2047 3589 Quae
2082 3536 2331 3590 respondit:
2350 3534 2538 3578 Obsecro
2557 3541 2602 3578 ut
2625 3535 2772 3578 venias

1530 3609 1584 3653 ad
1610 3622 1676 3654 me
1695 3610 1837 3660 hodie,
1862 3615 1903 3653 ct
1931 3610 2067 3653 Aman
2095 3615 2233 3651 tecum
2254 3607 2306 3650 ad
2329 3608 2587 3650 convivium.
2611 3605 2663 3651 Et
2682 3619 2776 3651 sur·

1531 3694 1636 3732 mens
1660 3684 1778 3725 venit
1803 3683 1856 3726 ad
1887 3694 2002 3726 eam.
2031 3681 2083 3724 Et
2113 3681 2377 3725 fovens-eam
2417 3681 2596 3735 gremio,
2614 3692 2771 3725 coriso-

1529 3755 1700 3800 labatur
1719 3755 1871 3799 dicens
1892 3767 1904 3797 t
1929 3753 2025 3798 Noli
2066 3751 2245 3806 timere;
2270 3764 2348 3808 pro
2366 3747 2550 3796 subditis
2575 3752 2643 3795 lex
2670 3750 2771 3796 data

1529 3834 1611 3879 est,
1638 3836 1684 3871 ιιι
1702 3840 1804 3872 vero
1823 3827 1927 3871 milti
1952 3837 2209 3883 conregnas.
2231 3824 2535 3881 veneruntque
2569 3825 2696 3868 ambo
2715 3822 2772 3868 ad

1527 3903 1774 3948 convivium
1819 3903 1992 3959 reginae.
2030 3901 2230 3955 ίὶιιιιιᾳιιο
2259 3899 2441 3944 bibisset
2483 3899 2770 3951 abundanter,

1526 3976 1587 4030 ait
1653 3974 1755 4019 Pete
1772 3975 1885 4031 quod
1907 3975 1987 4025 vis,
2014 3971 2186 4020 Esther.
2211 3978 2255 4015 et
2279 3972 2544 4028 impetrabis.
2568 3971 2672 4024 Quae
2702 3982 2772 4016 re-

1527 4043 1700 4104 spondit
1728 4062 1738 4090 :
1765 4046 1958 4091 Obsecro
1986 4052 2033 4088 ut
2055 4045 2201 4089 veniat
2243 4056 2342 4089 cras
2376 4056 2469 4095 rex,
2491 4051 2533 4088 et
2555 4042 2694 4107 Antan
2712 4042 2766 4086 ad

1526 4118 1788 4170 convivium,
1817 4126 1858 4162 et
1906 4117 2110 4163 indicabo
2141 4120 2207 4163 eis
2234 4127 2311 4162 cor
2350 4129 2509 4162 meum.
2555 4114 2768 4173 Egressus

1524 4194 1751 4249 estltaque
1790 4191 1926 4234 Ainan
1970 4193 2108 4234 taetus.
2146 4190 2343 4244 Cumque
2388 4188 2567 4232 vidisset
2598 4187 2768 4231 Mardo-

1525 4265 1688 4310 ehzeum
1711 4277 1797 4311 non
1823 4275 2117 4308 assurrexisse
2132 4263 2214 4308 sibi
2233 4262 2481 4319 indignatus
2497 4267 2579 4311 cst,
2604 4267 2647 4303 et
2663 4271 2767 4304 eon·

1524 4350 1684 4384 vocans
1733 4349 1912 4382 uxorem
1946 4341 1991 4380 et
2027 4336 2210 4388 amicos,
2249 4333 2449 4390 exposuit
2485 4335 2552 4379 eis
2593 4344 2762 4378 omnem

1523 4412 1703 4467 gloriam
1728 4423 1869 4462 suam,
1911 4408 2076 4452 addens
2101 4408 2215 4465 quod
2232 4420 2331 4453 enni
2375 4407 2510 4451 :olum
2542 4418 2640 4451 cum
2665 4418 2767 4470 rege

1523 4483 1679 4529 Esther
1699 4482 1866 4529 vocavit
1885 4480 1938 4526 ad
1957 4482 2220 4527 convivium.
2248 4479 2552 4527 Vei-nintamen
2584 4490 2631 4525 sc
2655 4478 2764 4527 nihil
