2924 4588
44 34 47 43 „

62 70 70 77 .

61 115 67 126 ¹
151 101 236 150 5⁶9

70 130 74 138 .

47 149 51 159 Ι

68 167 82 178 ,

66 205 72 212 .

154 266 232 309 mit
266 279 277 308 ε
317 264 361 307 id
395 261 589 319 profecto
626 274 679 306 eo
716 261 1003 318 periculosius
1023 294 1036 314 ,
1060 274 1148 319 quo
1170 263 1401 309 occultius.

157 337 202 382 Si
241 338 354 380 enim
398 337 544 391 aperte
585 335 639 378 ad
679 333 1002 379 reaedificandos
1044 347 1193 380 muros
1232 334 1402 380 «Iericho

157 408 362 451 cervicem
387 419 509 451 snam
526 407 710 463 erigeret
730 405 837 463 (Ios.
857 417 917 454 vx,
941 405 1031 463 26),
1048 406 1322 451 resisteretur
1342 408 1399 452 ei.

156 479 279 524 Nunc
302 484 471 530 autem,
496 483 671 534 putatur
697 490 793 523 esse
815 491 869 521 ex
890 477 1021 522 sociis
1048 476 1209 524 Josue:
1237 479 1310 523 sed
1335 483 1405 524 est

45 540 85 610 ξ
157 564 255 596 cum
295 551 554 595 adversariis
580 550 690 606 ejus.
734 549 787 592 Et
819 562 917 606 quae
957 551 1092 606 pestis
1114 550 1329 594 efficacior
1348 552 1403 595 ad

44 621 87 651 ²
156 624 399 668 nocendum
423 653 436 676 ,
481 636 610 679 quam
654 621 878 666 familiaris
913 623 1137 666 inimicus?
1158 622 1268 667 Ecce
1302 636 1402 667 cum

45 696 53 707 λ
74 686 86 705 ²
157 699 291 742 abbas
314 697 472 741 absens
491 702 558 740 est
581 695 813 752 unicuique
839 695 911 738 dat
943 696 1074 739 licere
1091 728 1101 745 ,
1128 696 1244 752 quod
1281 697 1399 751 libet;

23 822 26 824 v
67 763 91 801 ”-
157 771 322 815 ordinis
351 770 512 826 passim
537 769 927 824 transgressiones,
951 770 1250 824 aequanimiter
1270 771 1405 814 susti-

17 887 21 892 ,
45 838 61 892 ἦ
85 881 90 884 .
158 849 246 888 net.
266 842 466 886 Extendit
490 853 665 885 manum
684 853 804 884 suam
830 853 927 884 cum
952 840 1159 892 Absalon,
1184 846 1226 885 et
1250 841 1403 898 singu·-

44 925 85 983 ιχ]-
159 919 224 960 ios
245 916 551 966 deosculatur,
576 921 624 958 ut
661 914 862 958 sollicitet
901 914 1032 957 corda
1072 915 1265 958 virorum
1305 921 1402 970 post

160 1001 207 1033 se
232 988 301 1043 (11
325 987 421 1044 Req.
448 1001 519 1040 xv,
544 987 603 1043 5).
634 986 852 1043 Quidquid
883 988 1097 1030 construit
1129 987 1264 1032 abbas
1300 988 1402 1031 dum

161 1073 348 1118 praesens
371 1067 463 1112 est,
487 1061 579 1116 ipse
601 1060 784 1104 destruit
801 1061 845 1103 in
869 1060 1064 1104 absentia
1085 1061 1196 1116 eius.
1231 1060 1302 1104 Sic
1324 1073 1401 1116 pe-

161 1136 216 1178 rit
239 1134 329 1190 ipse
351 1138 393 1176 et
430 1133 602 1189 perimit
619 1133 800 1181 ordinis,
825 1132 1145 1187 praevaricando
1160 1165 1172 1184 ,
1207 1138 1365 1177 statuta
1389 1148 1400 1176 ε

159 1213 454 1262 transgressor
476 1206 692 1257 existens,
730 1210 773 1249 et
807 1205 913 1249 alios
937 1205 1178 1261 transgredi
1212 1206 1404 1261 aequani-

162 1280 287 1323 miter
308 1281 527 1323 sustinens
547 1311 556 1330 ,
583 1279 669 1322 imo
692 1279 959 1334 praecipiens.
996 1277 1089 1331 Qua
1111 1284 1253 1322 autem
1275 1290 1404 1334 poena

14 1362 20 1417 g
45 1357 58 1376 ¹
161 1351 434 1396 mulctandus
469 1353 549 1402 sit,
573 1351 824 1407 perpendite
843 1382 855 1402 ,
893 1352 967 1406 qui
1000 1351 1166 1395 ordinis
1195 1363 1292 1395 esse
1318 1364 1404 1394 non

163 1425 314 1468 metuit
335 1423 579 1468 destructor
602 1439 612 1468 ε
640 1425 714 1480 qui
736 1424 900 1467 electus
919 1428 986 1467 est
1008 1423 1103 1478 ejus
1137 1423 1402 1468 observator.

48 1518 50 1526 =
84 1498 87 1507 '
162 1495 214 1539 Et
235 1510 313 1544 cur
329 1497 420 1541 dixi
444 1495 656 1546 abbatem,
683 1503 726 1540 ct
748 1497 950 1552 priorem,
977 1497 1253 1552 praepositum
1288 1495 1408 1540 vidc-

161 1570 289 1621 licct,
331 1577 372 1614 et
409 1570 708 1626 presbyterum
742 1569 928 1624 pendere
949 1581 1001 1613 ex
1025 1570 1205 1613 invicem
1243 1570 1286 1613 in
1312 1574 1409 1612 tan-

163 1647 270 1694 tum,
297 1646 343 1685 ut
369 1643 412 1685 in
438 1648 639 1697 suscepto
668 1641 804 1685 otlicio
833 1642 1052 1685 fructuose
1080 1647 1231 1686 neuter
1256 1641 1410 1698 degere

50 1701 86 1724 ⁵‘'
164 1722 311 1771 queat,
335 1715 420 1758 nisi
443 1715 550 1759 alter
574 1716 698 1758 alteri
727 1727 962 1771 congruam
986 1716 1269 1759 reverentiam
1295 1716 1412 1759 exhi-

165 1789 287 1840 beat,
309 1794 352 1831 et
375 1789 546 1843 plenum
574 1789 779 1831 auxilium
801 1787 1034 1843 impendat.
1075 1786 1120 1830 Si
1151 1793 1292 1830 autem
1314 1799 1415 1842 per·-

165 1860 277 1907 fecte
305 1874 467 1912 unum,
496 1862 734 1905 secundum
755 1860 887 1904 Deum
915 1866 1038 1910 sunt,
1067 1859 1286 1903 fructuose
1319 1860 1410 1914 jam

167 1934 350 1978 officium
376 1946 501 1978 suum
524 1935 698 1990 exsequi
725 1938 951 1989 poterunt,
980 1942 1117 1988 eoque
1150 1933 1345 1976 securius
1368 1931 1413 1974 in

168 2006 382 2050 universis
396 2006 485 2061 jam
506 2006 691 2061 negotiis
709 2005 800 2049 suis
823 2004 929 2047 alter
947 2003 1070 2047 alteri
1093 2003 1250 2059 poterit
1267 2002 1410 2054 inniti,

166 2094 252 2136 quo
294 2079 488 2123 tenacius
525 2091 730 2135 compage
755 2078 964 2128 sincerae,
990 2075 1225 2120 secundum
1261 2075 1411 2126 Deum,

167 2145 409 2196 dilectionis
436 2151 592 2194 luerint
617 2150 741 2193 uniti.

225 2207 295 2268 Vs.
325 2223 519 2278 Qualiter
542 2232 645 2267 vere
669 2223 738 2265 sui
761 2223 824 2265 eis
849 2221 1033 2265 debeant
1057 2219 1242 2275 subiecti
1264 2218 1414 2262 obedi-

627 150 631 154 ,
854 71 926 141 nr:
957 96 1161 144 ennius
1191 97 1260 143 ur
1290 99 1491 157 nasim
1522 101 1776 148 canonic.
1805 102 1994 150 aaran.

157 200 242 244 tur,
268 190 342 236 sed
365 194 408 236 et
429 188 689 247 refragatur?
702 187 826 243 Quod
849 189 886 232 si
909 195 1057 246 aperte
1075 190 1219 235 id'non
1234 203 1374 248 praesu
1388 216 1400 223 -
1426 194 1461 239 Α
1482 204 1606 236 mure
1617 225 1633 249 ‚
1657 198 1737 237 aut
1752 226 1766 246 ,
1799 206 1899 239 cum
1922 205 2132 251 responso
2153 193 2339 239 nolentis
2362 195 2596 251 efficiatum
2618 200 2722 255 >quin

2635 109 2721 155 570

1482 263 1742 317 obedientia,
1760 278 1854 322 quae
1868 266 2103 320 majoribus
2122 267 2348 322 praebetur‚
2370 267 2460 314 Deo
2478 269 2717 317 exhibetur.

1482 334 1577 392 lpse
1601 337 1715 381 enim
1741 337 1849 381 dixit
1874 353 1885 382 t
1914 338 1999 391 Qui
2019 353 2087 382 ros
2109 339 2226 382 audit
2244 372 2256 391 ,
2289 354 2352 383 me
2385 342 2502 384 audit
2527 341 2646 399 (Luc.
2672 355 2719 396 x,

1484 408 1572 466 19).
1593 409 1646 451 Et
1678 422 1775 452 cum
1798 409 1913 453 bono
1935 411 2077 453 animo
2100 424 2123 454 a
2160 411 2381 467 discipulis
2415 425 2510 456 eam
2541 414 2722 469 praeberi

1484 488 1650 539 oportet
1670 497 1683 536 ;
1707 483 1807 539 quia
1828 483 2003 526 hilarem
2033 482 2218 527 datorem
2239 484 2373 541 diligiti
2398 485 2506 530 Deus
2533 485 2603 543 (ΙΙ
2619 486 2718 532 Cor.

1483 567 1543 605 ix,
1567 554 1624 612 7).
1658 554 1763 598 Nam
1788 555 1826 599 si
1851 554 2022 599 obediat
2056 556 2293 613 discipulus
2324 557 2452 615 304.
2484 570 2581 602 cum
2610 558 2724 602 malo

1484 629 1644 680 animo,
1680 632 1723 672 et
1745 641 1831 672 non
1854 629 1993 672 solum
2017 640 2108 680 ore,
2131 629 2206 672 sed
2233 630 2361 672 ctiam
2393 631 2521 674 corde
2549 631 2725 674 obmur-

1482 706 1624 745 muret
1644 716 1654 744 z
1689 701 1856 746 etiamsi
1894 701 2070 757 impleat
2108 701 2346 756 iussionem
2366 737 2376 755 ‚
2416 710 2560 748 tamen
2597 715 2724 749 acce-

1482 780 1602 830 ptum
1627 788 1714 819 non
1729 776 1812 820 erit
1823 775 1924 827 Deo,
1940 776 2014 832 qui
2034 788 2109 819 cor
2126 777 2301 832 respicit
2323 780 2648 824 murmurantis.
2672 779 2727 823 Et

1482 858 1560 902 pro
1584 848 1659 890 tali
1682 846 1795 891 facto
1817 848 1976 890 nullam
2000 850 2279 904 consequitur
2297 851 2494 904 gratiam,
2523 851 2607 895 imo
2631 865 2725 908 poe·-

1483 930 1582 961 nam
1605 920 1915 980 murmurantis
1938 920 2139 970 incurrit,
2164 921 2200 964 si
2215 934 2299 964 non
2319 934 2417 964 eum
2436 923 2727 971 satisfactione

1482 994 1788 1039 emendaverit.
1815 992 2063 1037 Exhibenda
2086 1000 2152 1039 cst
2184 996 2329 1050 itaque
2352 997 2592 1040 obedientia
2615 1011 2725 1053 prae-

1483 1067 1654 1123 posito;
1675 1065 1750 1110 sed
1771 1071 1974 1122 tanquam
1995 1064 2129 1111 Patri.
2154 1069 2288 1111 multo
2307 1069 2442 1125 magis
2460 1071 2724 1127 presbytera

1544 1138 1626 1181 VH.
1659 1136 1970 1187 obedientiam,
1991 1144 2036 1181 ut
2058 1139 2237 1190 aestimo,
2257 1139 2303 1183 B.
2322 1139 2590 1196 Augustinus
2621 1143 2730 1186 lilia-

1483 1211 1568 1254 lem
1591 1210 1839 1266 requirebat
1866 1225 1875 1253 ι
1907 1210 2044 1266 quint
2066 1209 2209 1261 Patri,
2229 1211 2293 1254 sic
2323 1215 2574 1267 praeposito,
2594 1215 2730 1258 multo

1486 1288 1629 1326 autern
1664 1282 1801 1338 magis
1823 1283 2074 1339 presbytero
2097 1283 2273 1327 obedire
2298 1284 2491 1339 jubebat.
2515 1285 2621 1328 Nam
2654 1287 2731 1329 lia-

1483 1356 1554 1400 bet
1579 1355 1778 1399 dominus
1803 1366 1990 1407 servum,
2031 1355 2155 1399 habet
2185 1355 2492 1410 paterfamilias
2511 1370 2728 1403 mercena·

1484 1428 1615 1479 rium,
1644 1428 1772 1472 habet
1804 1439 1973 1483 quoquc
2015 1435 2136 1483 pater
2160 1428 2310 1474 tilium.
2346 1429 2650 1487 Unusquisque
2672 1435 2732 1476 is-

1486 1505 1627 1543 torum
1667 1499 1849 1544 obedit:
1881 1500 2019 1556 patri,
2055 1500 2199 1552 tilius;
2240 1500 2446 1555 Domino,
2476 1515 2658 1557 servus;
2691 1511 2733 1548 et

1486 1572 1781 1615 mercenarius
1819 1572 1889 1621 ei,
1929 1571 2002 1627 qui
2036 1572 2239 1615 conduxit
2269 1572 2405 1616 illum.
2435 1572 2518 1617 Sed
2543 1575 2596 1617 ad
2629 1576 2732 1619 obe-

1488 1645 1690 1689 diendum
1726 1657 1924 1699 servum,
1965 1645 2142 1700 impellit
2181 1646 2309 1688 timor
2339 1665 2348 1688 ‚¹
2394 1647 2729 1699 mercenarium,

1490 1718 1623 1760 allicit
1646 1730 1771 1774 spes;
1795 1716 1925 1760 lilium
1950 1729 2051 1760 vero
2071 1717 2223 1759 invitat
2240 1728 2374 1759 arnor.
2400 1717 2569 1761 Primus
2593 1718 2733 1776 timet,

1491 1789 1708 1834 secundus
1733 1795 1892 1845 sperat,
1919 1790 2071 1832 tertius
2087 1793 2213 1831 amat.
2231 1786 2385 1832 Obedit
2408 1789 2534 1844 igitur
2547 1789 2728 1843 primus,

1490 1864 1590 1918 quia
1612 1874 1782 1918 poenam
1808 1863 1959 1905 metuit
1979 1876 1991 1914 ;
2015 1861 2246 1913 secundus,
2268 1862 2368 1917 quia
2395 1861 2632 1905 mercedem
2657 1875 2733 1904 cu-

1492 1937 1586 1992 pit;
1616 1935 1792 1987 tertius,
1830 1935 1930 1989 quia
1969 1939 2133 1991 patrem
2162 1934 2317 1989 diligit.
2367 1933 2465 1976 llaec
2494 1934 2735 1978 obedientia

1492 2009 1631 2064 prima
1654 2020 1702 2051 ac
1727 2007 1914 2051 secunda
1934 2007 2058 2062 longe
2082 2006 2311 2062 pretiosior
2333 2011 2374 2049 et
2398 2006 2621 2050 sublimior
2649 2012 2732 2061 est;

1494 2083 1594 2138 quia
1617 2094 1791 2124 manuni
1819 2093 1907 2123 non
1930 2079 2108 2130 metuit,
2132 2091 2227 2135 quae
2252 2079 2376 2122 feriat
2397 2110 2408 2131 ,
2434 2091 2521 2122 non
2558 2090 2734 2122 manum

1495 2156 1697 2208 attendit,
1736 2167 1831 2211 quae
1860 2155 2077 2211 porrigat,
2119 2153 2195 2196 sed
2230 2154 2370 2208 ipsum
2393 2153 2438 2195 in
2474 2153 2735 2196 omnibuset

1495 2244 1582 2288 prae
1606 2230 1805 2273 omnibus
1826 2234 1955 2271 amat.
1986 2227 2037 2269 Et
2057 2227 2171 2283 quod
2198 2226 2311 2271 aliud
2337 2227 2464 2283 huius
2485 2225 2737 2270 obedientias

168 2309 231 2349 re,
250 2297 295 2339 in
320 2302 568 2340 sanctorum
592 2293 751 2348 passim
775 2292 948 2348 scriptis
973 2292 1152 2348 poterit,
1172 2289 1244 2346 qui
1270 2289 1415 2332 volue-
1435 2318 1469 2364 C
1497 2303 1719 2361 praemmm
1743 2302 1840 2352 em,
1865 2300 1948 2344 „251
1983 2301 2083 2351 ine,
2109 2311 2236 2356 quem
2258 2299 2351 2356 ipse
2387 2300 2592 2344 obediens
2615 2299 2660 2342 5ss
2685 2310 2736 2342 03

57 2387 74 2397 ··
99 2370 101 2372 ’
171 2371 260 2423 rit,
287 2369 548 2414 sufficienter
567 2367 775 2411 invenire.
801 2365 987 2416 Scribit,
1031 2375 1202 2420 quoque
1236 2369 1412 2407 sanctus

172 2443 296 2488 Pater
318 2443 574 2487 Benedictus
594 2442 636 2483 in
659 2440 968 2483 monachorum
985 2437 1147 2493 Regula
1163 2437 1246 2479 hoc
1261 2434 1410 2478 modo:

176 2516 344 2560 Primus
362 2549 372 2567 ,
400 2515 568 2570 inquit,
593 2513 842 2556 humilitatis
869 2511 1025 2570 gradus
1062 2518 1150 2562 est,
1184 2509 1415 2553 obedientia

171 2591 259 2632 sine
277 2602 406 2631 mora.
434 2587 531 2632 ilaec
559 2587 761 2630 convenit
801 2587 868 2629 his
905 2585 979 2640 qui
1003 2584 1085 2627 sibi
1109 2583 1217 2627 nihil
1242 2582 1415 2626 Christo

173 2663 347 2706 charius
375 2661 534 2716 aliquid
557 2660 819 2703 existimant.
856 2656 1036 2712 Propter
1070 2656 1292 2699 servitium
1315 2667 1418 2698 san-

173 2741 289 2778 ctum
305 2767 315 2783 ,
342 2734 455 2790 quod
481 2731 665 2788 professi
689 2735 814 2780 sunt,
852 2742 927 2774 seu
954 2734 1130 2784 propter
1161 2731 1321 2770 metum
1343 2738 1418 2782 ge·-

175 2808 341 2859 bennie,
368 2807 434 2851 vel
455 2807 633 2862 gloriam
655 2805 754 2847 vitae
770 2809 954 2857 aeternae,
973 2814 1070 2844 mox
1090 2805 1136 2843 ut
1154 2799 1313 2855 aliquid
1335 2799 1418 2842 im-

175 2887 370 2939 peratum
399 2879 526 2922 fuerit
551 2891 574 2919 a
600 2875 762 2931 majore
778 2907 789 2926 ‚
815 2874 917 2918 acsi
934 2872 1141 2916 divinitus
1165 2872 1416 2926 imperetur,

177 2967 342 2998 moram
366 2954 454 3009 pati
478 2951 678 2994 nesciunt
706 2948 750 2991 in
788 2946 996 2990 faciendo.
1037 2945 1096 2988 De
1127 2943 1283 3000 quibus
1312 2942 1420 2986 dicit

178 3025 384 3070 Dominus
406 3040 415 3067 :
441 3022 502 3068 Ab
522 3022 668 3065 auditu
690 3021 803 3062 entis
827 3018 1003 3060 obedivit
1027 3017 1127 3059 milti
1149 3015 1289 3073 (Psal.
1305 3027 1415 3065 xvn,

181 3100 269 3155 45).
295 3099 405 3155 Ergo
429 3097 535 3140 tales
557 3095 600 3138 hi
614 3093 904 3148 relinquentes
931 3090 1074 3133 statim
1088 3100 1185 3144 quae
1202 3099 1279 3131 sua
1302 3094 1417 3140 sunt,

178 3182 221 3219 et
236 3174 495 3216 voluntatem
514 3167 729 3224 propriam
742 3165 1003 3213 deserentes,
1022 3174 1117 3206 mox
1133 3175 1185 3205 ex
1198 3160 1419 3218 occupatis

179 3247 395 3296 manibus,
409 3249 451 3288 et
475 3242 589 3299 quod
602 3242 783 3298 agebant
803 3237 1096 3294 imperfectum
1111 3235 1418 3292 relinquentes,

180 3320 322 3364 vicino
359 3317 611 3361 obedientiae
646 3314 751 3371 pede
779 3313 970 3369 iubentis
1006 3323 1157 3354 vocem
1192 3309 1318 3353 tactis
1353 3321 1422 3352 se·-

1496 2377 1666 2434 quoerit‘?
1690 2374 1835 2430 Itaque
1859 2378 1904 2415 ut
1927 2373 2044 2414 Patri
2066 2372 2316 2416 obediamus
2337 2373 2581 2428 praeposito,
2600 2370 2736 2414 multo

1494 2456 1636 2495 autern
1653 2449 1789 2504 magis
1807 2447 2084 2504 presbytero:
2113 2451 2324 2502 quatenus
2348 2458 2435 2490 non
2459 2457 2623 2498 servos,
2649 2457 2737 2491 non

1494 2523 1802 2573 mercenarios,
1816 2521 1892 2565 sed
1912 2521 2020 2564 tilios
2044 2532 2125 2564 nos
2135 2531 2232 2565 esse
2255 2520 2611 2575 comprobemus;
2635 2518 2736 2562 dum

1495 2609 1581 2640 non
1599 2595 1750 2638 timore
1772 2594 1926 2644 coacti,
1947 2606 2030 2636 non
2055 2586 2289 2648 cupiditate
2310 2592 2477 2644 allecti,
2499 2592 2575 2636 sed
2596 2591 2739 2635 chari-

1495 2672 1584 2710 tate
1606 2666 1750 2721 potius
1768 2664 2033 2717 inflammati,
2056 2675 2273 2720 paremus.

1551 2735 1657 2780 Vni.
1691 2736 1886 2792 Sequitur
1905 2768 1915 2786 ,
1940 2742 1984 2776 ut
2011 2740 2149 2778 autem
2181 2741 2329 2778 cuncta
2353 2736 2435 2778 ista
2459 2741 2680 2785 serventur,
2698 2744 2739 2778 ex

1496 2808 1644 2865 siquid
1667 2810 1800 2851 miuus
1825 2814 2028 2851 servatum
2044 2806 2184 2862 fuerit,
2209 2819 2290 2849 non
2307 2807 2553 2863 neqliqenter
2568 2814 2740 2862 praeter-

1496 2889 1615 2926 eatur
1638 2894 1652 2924 .·
1695 2880 1766 2924 sed
1798 2887 1841 2923 ut
1876 2880 2195 2929 emendandum,
2232 2879 2595 2936 corriqendumque
2627 2892 2741 2923 cure-

1498 2962 1597 3004 tur,·
1630 2952 1683 2995 ad
1713 2951 1980 3008 proepositum
2002 2952 2205 3006 praecipae
2225 2950 2459 3005 pertinebit,
2484 2958 2528 2993 ut
2566 2950 2620 2992 ad
2643 2963 2739 3006 pre·

1496 3025 1721 3081 sbyterum,
1738 3024 1851 3080 cujus
1873 3023 1983 3080 apud
1999 3036 2066 3067 ros
2085 3023 2286 3078 majorcst
2306 3025 2548 3073 auctoritas,
2569 3023 2738 3078 reserat,

1497 3099 1605 3155 quod
1628 3097 1795 3141 modum
1812 3130 1822 3149 ‚
1850 3097 1910 3141 rel
1933 3098 2038 3140 vires
2068 3097 2158 3154 ejus
2181 3095 2356 3140 excedit.
2380 3095 2606 3152 Regularia
2641 3109 2739 3153 pro-

1499 3171 1611 3215 fecto
1634 3172 1828 3214 instituta
1852 3169 1957 3220 liare,
1977 3169 2029 3211 ad
2055 3170 2134 3212 hoc
2159 3168 2425 3224 prounilgata
2448 3174 2570 3223 sunt:
2593 3174 2639 3211 ut
2661 3168 2744 3213 sol·

1498 3244 1614 3288 licite
1637 3242 1951 3287 custodiantur.
1993 3242 2116 3293 Quod
2154 3243 2216 3294 si,
2241 3248 2485 3297 emergente
2523 3241 2632 3284 sorte
2663 3241 2742 3284 ali-

1499 3329 1584 3372 quo
1606 3328 1726 3366 casu,
1746 3315 1890 3358 minus
1911 3327 1961 3358 ea
1984 3315 2208 3370 contigerit
2225 3314 2446 3364 custodiri,
2475 3314 2593 3356 nullo
2615 3313 2742 3356 modo

182 3400 406 3450 quantur:
450 3397 492 3434 et
534 3388 664 3432 veluti
700 3391 941 3436 momentu,
986 3384 1185 3440 praedicta
1228 3381 1421 3438 magistri
1446 3385 1482 3434 D
1503 3387 1661 3431 dentur
1690 3386 1926 3441 neglectui;
1965 3386 2040 3429 sed
2070 3386 2280 3442 cogitetur
2318 3385 2523 3436 sollicite,
2559 3385 2743 3440 qualiter

181 3467 318 3522 jussio
337 3497 351 3515 ,
374 3469 418 3507 et
439 3461 624 3518 perfecta
666 3459 863 3514 discipuli
893 3457 1112 3501 exsecutio
1137 3456 1192 3498 ab
1219 3455 1275 3498 iis
1301 3466 1422 3498 coma

183 3538 370 3582 munit-er
391 3536 518 3578 citius
543 3531 819 3588 perficiuntur
841 3544 850 3573 :
876 3528 1030 3584 quibus
1055 3527 1109 3570 ad
1130 3527 1262 3569 vitam
1295 3531 1420 3569 aeter-

184 3624 282 3655 nam
306 3607 527 3666 gradiendi
569 3617 689 3647 amor
712 3603 934 3646 incumbit.
954 3601 1052 3645 ldeo
1070 3604 1295 3655 angustam
1308 3598 1422 3641 viam

187 3683 433 3739 arripiunt„
453 3679 506 3723 dc
528 3690 612 3734 qua
635 3675 842 3719 Dominus
873 3674 1002 3717 dicit:
1029 3672 1220 3728 Angusta
1251 3675 1312 3713 est
1340 3669 1421 3719 via,

187 3755 405 3813 quaeducit
427 3753 480 3797 ad
505 3753 631 3797 vitam
654 3748 823 3806 (Mami.
859 3761 901 3798 v,
930 3746 1013 3803 tt).
1038 3745 1092 3788 Ut
1116 3757 1204 3788 non
1240 3756 1319 3789 suo
1353 3755 1424 3786 ar·-

188 3830 315 3872 bitrio
336 3828 528 3872 viventes
550 3857 560 3876 ‚
585 3824 652 3869 vel
678 3820 902 3865 desideriis
927 3820 1034 3871 suis,
1058 3824 1101 3863 et
1132 3816 1425 3873 voluptatibus

191 3902 465 3947 obedientes:
490 3899 565 3944 sed
589 3897 855 3944 ambulantes
887 3893 1024 3936 alieno
1048 3891 1210 3948 judicio
1229 3923 1241 3943 ,
1280 3895 1323 3935 et
1344 3889 1426 3935 sub

191 3975 371 4030 imperio
391 3973 436 4016 in
456 3969 664 4015 coenobiis
686 3969 902 4024 degentes,
927 3965 1122 4008 abbatem
1143 3963 1228 4007 sibi
1244 3975 1426 4020 praeesse

191 4045 452 4091 desiderent.
494 4042 594 4086 Sine
635 4039 766 4084 dubio
809 4038 854 4081 lii
885 4037 994 4080 tales
1026 4036 1141 4079 illam
1167 4036 1426 4078 dominicam

193 4117 414 4163 imitantur
451 4112 732 4162 sententiam,
757 4122 853 4167 quae
881 4108 986 4152 dicit
1011 4123 1021 4150 :
1049 4106 1147 4151 Non
1180 4107 1269 4150 veni
1292 4107 1427 4162 facere

194 4189 447 4233 voluntatem
470 4182 620 4239 meam,
641 4185 711 4230 sed
730 4175 981 4228 voluntatem
1002 4183 1108 4238 ejus,
1133 4182 1203 4239 qui
1229 4183 1341 4225 misit
1365 4194 1429 4223 me

197 4260 340 4316 (Joan.
360 4273 405 4311 v,
420 4259 512 4317 50).
535 4257 620 4303 Sed
636 4258 727 4302 liaec
749 4257 843 4313 ipsa
858 4254 1098 4299 obedientia
1116 4259 1218 4297 tunc
1231 4260 1429 4309 accepta-

195 4331 293 4375 bilis
311 4331 394 4375 erit
412 4329 515 4384 Deo,
542 4337 585 4374 et
605 4329 746 4375 dulcis
769 4326 1039 4379 hominibus,
1062 4325 1100 4370 si
1123 4325 1429 4383 quodJubetur

197 4414 284 4448 non
305 4404 480 4461 trepide,
504 4416 594 4448 ‘non
616 4405 753 4457 tarde,
778 4418 865 4450 non
888 4403 1030 4460 tepide
1045 4435 1056 4457 ,
1085 4408 1159 4447 aut
1190 4414 1288 4449 cum
1311 4415 1430 4447 mur-

1500 3460 1668 3517 possint
1690 3460 1924 3503 emendari.
1952 3460 2084 3516 Maior
2108 3464 2225 3503 certe
2242 3459 2490 3513 plerumque
2511 3457 2634 3513 culpa
2657 3463 2740 3509 est,

1501 3539 1598 3590 post
1621 3545 1843 3577 excessum
1867 3533 2080 3588 negligere
2112 3531 2418 3574 correctionem
2439 3562 2450 3579 ,
2472 3541 2600 3587 quam
2616 3542 2741 3573 exce«

1501 3606 1642 3650 dendo
1663 3608 1831 3664 lapsum
1859 3607 2093 3650 incurrere.
2111 3605 2217 3649 Nam
2234 3606 2315 3649 hoc
2337 3609 2606 3659 contemptus
2622 3604 2739 3647 dam-¹

1504 3680 1644 3724 nabile
1666 3679 1791 3732 sacit;
1819 3679 1922 3722 illud
1947 3691 2048 3722 vcro
2072 3679 2308 3733 ignorantia
2331 3680 2741 3732 nonnunquam‚aut

1504 3751 1730 3796 infirmitas
1746 3751 1927 3795 veniale.
1951 3749 2069 3793 Unde
2091 3754 2133 3792 et
2153 3747 2278 3791 Pater
2293 3753 2455 3798 noster,
2474 3751 2627 3790 cuncta
2638 3745 2736 3797 ista,

1504 3837 1599 3881 quae
1621 3825 1674 3868 ab
1695 3826 1790 3881 ipso
1810 3823 1989 3867 exordio
2007 3822 2193 3878 Regulae,
2220 3834 2354 3876 usque
2379 3819 2431 3863 ad
2456 3820 2569 3863 bunc
2598 3819 2740 3861 locum

1505 3899 1618 3942 dicta
1643 3903 1765 3949 sunt,
1790 3897 1996 3952 praecipit,
2022 3901 2069 3939 ut
2094 3900 2337 3948 serventur;
2364 3902 2406 3938 et
2426 3891 2577 3949 siquid
2606 3893 2741 3935 vuinus

1505 3978 1713 4015 servatum
1729 3971 1870 4026 suerit,
1881 3970 2004 4025 iubet
2021 3975 2165 4011 utnon
2185 3966 2432 4023 negligenter
2445 3972 2712 4019 proetercacur
2725 3976 2740 4007 .·

1505 4045 1576 4089 sed
1602 4042 1987 4094 ut'emendandum,
2007 4040 2370 4097 corriqendumque
2397 4047 2576 4082 curetur.
2605 4038 2742 4082 Perti-

1507 4129 1609 4161 nere
1639 4129 1809 4173 quoque
1837 4116 2047 4172 praecipue
2081 4115 2135 4158 ad
2176 4115 2449 4171 praepositum
2485 4111 2669 4160 asserit,
2695 4115 2743 4152 ut

1507 4199 1662 4233 cuncta
1688 4189 1769 4232 ista
1788 4193 2028 4239 serventur,
2041 4194 2083 4231 et
2101 4187 2243 4231 minus
2268 4190 2434 4229 servata
2456 4185 2738 4238 corrigantur.

1508 4261 1628 4316 Quod
1654 4261 1696 4303 in
1716 4260 1782 4304 his
1809 4260 2050 4312 servandis,
2068 4272 2115 4302 ac
2140 4258 2405 4314 corrigendis
2426 4255 2598 4300 modum
2617 4266 2742 4298 suum

1507 4332 1615 4376 vidit
1637 4332 1860 4382 excedere,
1883 4330 1936 4373 ad
1960 4331 2254 4387 presbyterum
2283 4328 2450 4373 studeat
2466 4326 2639 4369 referre.
2670 4322 2742 4367 Sic

1510 4402 1623 4448 enim
1648 4402 1908 4460 gradientem
1933 4414 2008 4458 per
2031 4402 2245 4446 desertum
2266 4399 2384 4444 illum
2412 4396 2632 4453 mitiquum
2664 4393 2741 4439 Dei
