2924 4588
293 149 312 174 ⁸
578 158 606 193 s

266 202 347 249 959
788 245 819 275 ο

255 294 323 338 rio
346 286 623 336 Lauraccnsi,
644 283 758 340 quod
778 285 869 337 ipse
890 291 972 329 con

258 367 412 412 sticum
438 363 636 413 habitum
656 366 894 407 assumere,
915 351 1027 398 etde
1061 346 1250 406 peccatis
1273 344 1333 387 ibi
1355 340 1492 398 poeni-

258 443 349 481 tere
372 434 577 490 permisit.

312 506 621 551 Constantinus
664 501 827 543 interea
860 499 1109 552 imperator,
1136 489 1317 535 consilio
1344 484 1494 529 matris

260 588 348 622 suae
367 574 527 624 lrenes,
555 577 599 613 ut
622 571 759 618 aiunt,
783 579 869 610 11011
894 565 1029 608 multo
1062 566 1158 618 post
1183 562 1387 607 caecatus,
1411 556 1494 598 im-

258 649 366 705 perii
389 646 456 689 sui
491 656 603 688 anno
636 642 776 699 primo
802 640 915 684 diem
938 636 1065 689 obiit;
1091 631 1368 690 regnavitque
1399 631 1498 683 post

258 730 354 762 eum
377 721 513 758 mater
554 725 633 757 sua
658 711 847 767 quinque
871 709 1012 761 annis;
1037 704 1150 748 unde
1190 707 1417 757 postquam
1452 697 1496 740 in

259 801 432 834 manum
460 786 637 831 feminae
654 785 883 828 devenerat
922 780 1167 836 imperium,
1191 777 1369 832 dignum
1404 777 1498 819 erat

259 869 306 907 ut
330 862 379 904 ad
406 860 541 908 Frant
545 872 611 912 05,
635 860 752 903 viros
774 856 1114 914 potentissimos,
1140 850 1465 894 transferretur.

258 936 340 979 Leo
359 944 466 990 papa
492 933 631 978 Romae
654 932 781 986 fuisse
816 935 996 972 caecatus
1030 933 1065 968 et
1092 913 1233 980 linqua
1258 921 1495 971 mutilatus,

520 998 561 1034 et
585 991 734 1031 iterum
759 999 783 1027 a
808 984 893 1026 Deo
916 981 1234 1036 redintequatus

314 1069 473 1113 Eodem
499 1071 692 1117 tempore
714 1057 801 1101 Leo
823 1068 950 1112 papa,
977 1065 1090 1096 anno
1116 1053 1169 1095 ab
1201 1048 1500 1094 incarnatione

260 1141 427 1186 Domini
470 1130 848 1193 septingentesimo
893 1125 1174 1181 nonagesimo
1214 1133 1362 1173 110110,
1402 1125 1500 1176 post

259 1218 444 1255 mortem
467 1218 587 1265 papae
609 1200 788 1246 A‘driani
814 1197 1066 1248 succedens,
1092 1208 1115 1238 a
1146 1194 1351 1238 Romanis
1378 1189 1502 1248 nagi-

260 1284 495 1328 tiosissime
517 1282 742 1327 tractatur,
768 1274 829 1316 ita
843 1277 891 1315 ut
914 1270 1050 1316 oculis
1073 1280 1158 1312 una
1184 1266 1255 1311 die
1275 1266 1341 1312 bis
1366 1276 1498 1309 caeca-

1180 172 1470 235 801)ssme
1494 162 1874 215 vl‘rssitmENsts

975 281 1208 325 struxerat,
1227 280 1325 316 eum
1342 268 1491 312 Mona·
1513 270 1548 313 Α
1569 259 1751 303 Nomine
1769 252 2010 304 paschalis,
2035 254 2204 302 cantor,
2230 259 2436 304 papaeque
2453 246 2652 300 sacrista,

1575 332 1818 386 sacrilegas
1839 327 1956 371 dedit
1977 319 2174 374 insidias,
2199 332 2299 365 nam
2323 323 2546 377 perpetrat
2569 320 2667 372 ista,

1628 403 1767 447 Ambo
1783 412 1910 457 pares
1933 397 2096 443 scelere
2118 399 2238 446 sunt,
2261 393 2507 449 pariterque
2527 392 2661 436 luent.

1573 493 1722 538 Leonis
1747 490 1915 548 querela
1953 486 2064 544 apud
2100 485 2317 536 Carvium,
2357 491 2397 528 et
2440 483 2491 527 de
2533 482 2723 539 Campa„

2037 541 2247 585 Paschali
2262 542 2360 584 reis.

1575 620 1679 672 Quae
1702 617 1790 662 Leo
1810 627 1971 674 passus
1994 620 2102 665 erat,
2131 613 2318 669 populus
2341 617 2558 655 tormenta
2588 611 2764 665 revelat,

1575 691 1759 736 Carolus
1782 690 1948 733 interea
1965 687 2155 742 suscepit
2178 685 2232 728 ab
2254 685 2358 728 urbe
2378 684 2616 739 querelam,

1631 765 1684 809 Et
1702 764 1826 820 jubet
1850 771 1898 806 ut
1921 762 2066 806 veniat
2085 758 2261 816 praesul,
2286 766 2328 803 et
2350 757 2422 802 ille
2442 763 2576 810 meat,

1577 837 1676 882 Haec
1704 837 1777 880 ubi
1803 847 1914 891 papa
1938 833 2065 890 gerit,
2091 831 2243 877 solatia
2266 830 2382 886 regia
2407 829 2579 886 quaerit,

1578 911 1796 967 Multaque
1810 907 2009 951 Romulei
2029 917 2178 950 secum
2206 905 2306 947 tulit
2333 905 2505 962 agmina
2526 903 2644 957 cleri,

1633 983 1750 1028 Ultio
1774 980 1994 1038 martyrii,
2013 978 2128 1036 quod
2149 977 2237 1022 Leo
2261 969 2422 1035 portat,
2446 977 2544 1020 erit.

1579 1057 1712 1103 Curia
1739 1055 2012 1099 Francorum
2038 1051 2241 1110 precibus
2265 1052 2496 1096 miseretur
2512 1055 2679 1103 eorum,

1579 1130 1743 1185 Quaerit
1765 1136 1806 1172 et
1828 1128 2024 1184 ipsorum
2054 1136 2150 1182 quae
2178 1126 2233 1169 sit
2254 1124 2385 1168 modo
2409 1135 2542 1168 causa
2565 1123 2782 1175 laborum,
2822 1103 2838 1195 ἶ

1637 1201 1769 1246 Stans
1795 1201 1882 1245 Leo
1905 1199 2204 1254 conqueritur,
2230 1202 2378 1241 narrat
2402 1197 2558 1254 etipse
2578 1195 2743 1242 dolum.

1582 1275 1770 1331 Tempus
1794 1278 1841 1317 nt
1862 1271 2019 1329 exegit,
2045 1270 2132 1315 Leo
2154 1271 2302 1315 retulit
2326 1270 2470 1315 omnia
2493 1270 2600 1327 regi,

260 1366 347 1407 tus,
372 1362 414 1400 et
436 1355 583 1409 lingua
617 1349 685 1393 bis
712 1350 937 1391 truncatus
963 1342 1133 1395 suisset,
1171 1345 1215 1384 et
1250 1339 1295 1382 in
1336 1338 1500 1395 capella
1528 1339 1560 1383 B
1580 1348 1684 1402 Quae
1707 1347 1818 1390 mala
1845 1346 2031 1402 collegit,
2057 1356 2154 1400 quae
2178 1344 2413 1400 Campuius
2431 1331 2502 1387 ille
2524 1343 2706 1400 peregit,

262 1429 444 1487 quadam
470 1425 666 1470 reclusus
695 1427 773 1466 est.
796 1416 1001 1474 Sequenti
1033 1419 1159 1458 nocte
1182 1423 1205 1455 a
1246 1409 1503 1467 quibusdam

264 1502 461 1546 sidetbus
498 1498 550 1541 ad
589 1494 814 1539 Basilicam
856 1491 969 1535 beati
1004 1487 1120 1531 Petri
1146 1484 1398 1542 perductus,
1430 1481 1504 1525 ubi

262 1577 422 1619 virtute
455 1571 530 1615 Dei
555 1569 704 1613 oculos
727 1573 768 1608 nt
793 1565 934 1607 lumen
958 1561 1198 1610 oculorum,
1237 1564 1280 1603 et
1313 1557 1502 1613 linguam

259 1661 360 1692 cuin
413 1644 581 1701 loquela
608 1639 782 1695 recepit.
834 1635 995 1680 Deinde
1033 1633 1087 1677 ad
1123 1643 1267 1687 regem
1301 1629 1503 1675 Carolnm

258 1719 499 1769 transiens,
526 1720 725 1759 eventum
747 1722 892 1754 rerum
916 1707 1126 1763 deplorat.
1148 1702 1502 1761 Igitur-Carolus,

261 1792 504 1848 subjugatis
529 1788 609 1832 sibi
651 1787 740 1842 iam
769 1783 961 1835 Bavaris,
985 1787 1025 1825 et
1064 1780 1213 1832 Danis,
1239 1784 1282 1823 et
1322 1776 1506 1841 Saxoni-

263 1867 361 1915 bns,
388 1869 515 1919 atque
537 1858 780 1916 Aquitanis,
819 1854 1096 1904 Norniannis,
1128 1858 1170 1896 ct
1195 1849 1428 1900 Britannis,
1464 1853 1506 1891 et

264 1936 513 1985 Pannoniis,
554 1932 787 1986 multisque
825 1929 920 1971 aliis
961 1925 1220 1982 provinciis,
1262 1923 1316 1967 ad
1355 1922 1504 1966 urbem

263 2011 444 2053 Romam
481 2006 649 2050 ulturus
686 1999 1090 2059 papanntenalebat.
1130 1997 1214 2041 Leo
1238 2008 1347 2052 papa
1387 1994 1507 2051 prius

264 2094 343 2138 per
367 2081 529 2134 legatos
547 2077 597 2120 in
622 2075 766 2119 sedem
785 2085 906 2117 suam
938 2072 1177 2121 restitutus,
1220 2077 1320 2113 tunc
1357 2069 1397 2113 ci
1435 2080 1508 2126 ve·-

266 2154 406 2198 nienti'
424 2151 479 2195 ad
517 2150 728 2194 decimum
753 2146 936 2203 lapidem
973 2145 1180 2196 occurrit,
1205 2149 1249 2188 et
1272 2141 1509 2187 honorilice

266 2239 363 2271 eum
389 2225 593 2279 suscepit.
637 2219 887 2264 Transactis
918 2225 1014 2275 post
1054 2219 1143 2261 lzacc
1159 2216 1304 2260 decem
1337 2215 1505 2265 diebus,

268 2312 340 2344 rex
368 2298 410 2341 in
432 2296 588 2352 populo
610 2293 726 2337 sacta
757 2292 964 2335 concione
990 2302 1164 2334 causam
1200 2289 1411 2332 adventus
1441 2286 1509 2330 sui

270 2370 460 2426 exponit,
496 2367 569 2410 ubi
598 2365 684 2409 Leo
723 2375 832 2420 papa
870 2370 1106 2418 spontanea
1124 2361 1362 2411 voluntate,
1390 2358 1509 2402 nullo

269 2453 370 2485 eum
394 2445 589 2495 cogente,
616 2450 640 2479 a
677 2436 856 2479 crimine
895 2435 978 2479 sibi
1008 2435 1176 2489 obJecto
1214 2433 1342 2476 tactis
1363 2434 1511 2476 sacro-

273 2514 435 2558 sanctis
470 2510 710 2567 Evangeliis
732 2521 778 2552 se
810 2510 1022 2566 purgarit.
1048 2507 1210 2551 Caetera
1234 2518 1387 2551 versus
1431 2505 1513 2548 ba-

272 2590 375 2631 bcnt

274 2661 379 2707 Item
403 2670 451 2702 ae
480 2660 618 2703 eodem
643 2660 775 2703 Leone
796 2670 906 2715 papa
930 2657 1066 2706 tertia,
1087 2655 1225 2709 versvs*
1227 2667 1287 2705 ce
1309 2651 1513 2709 quomodo

510 2723 687 2759 caecatus
711 2723 788 2766 est,
808 2723 846 2758 et
871 2714 1012 2769 {influa
1043 2718 1278 2754 amaricatus

273 2790 458 2834 Prorsus
484 2790 537 2832 ab
559 2789 747 2834 Ecclesia
767 2789 968 2844 Ligurum
991 2787 1080 2841 jam
1106 2792 1224 2841 peste
1250 2789 1428 2835 remota,

274 2862 486 2918 Plebeque
505 2860 711 2906 Romulea
736 2861 947 2917 gaudente
971 2871 1045 2915 per
1069 2858 1209 2901 omnia
1228 2862 1316 2900 tota
1331 2889 1342 2907 ‚

332 2934 526 2978 Volvitur
550 2935 746 2990 ambigua
766 2938 881 2978 sorte
905 2932 1067 2976 serente
1087 2937 1197 2974 rota.

275 3007 389 3064 Papa
413 3007 497 3051 Leo
522 3007 702 3061 capitur,
730 3005 950 3063 processio
974 3005 1073 3048 dum
1099 3004 1357 3054 celebratur,

277 3080 468 3134 Corpore
487 3079 740 3128 conteritur,
766 3077 975 3120 radicitus
999 3076 1267 3126 exoculatur,

335 3151 486 3195 Caecus
504 3157 545 3195 et
569 3150 763 3193 horribili
788 3159 962 3193 carcere
979 3160 1088 3205 papa
1108 3148 1239 3203 jacet.

281 3224 463 3271 Sustulit
483 3230 524 3267 et
541 3224 727 3279 linguam
754 3223 925 3279 penitus
947 3234 1049 3277 gens
1072 3221 1143 3263 illa
1168 3219 1379 3274 maligna,

281 3299 388 3343 Cum
417 3296 524 3340 foret
544 3297 714 3352 indigna
739 3297 905 3352 papalia
929 3301 1106 3348 tangere
1125 3294 1266 3348 signa,

335 3368 541 3425 Linguam
558 3382 655 3412 cuin
680 3369 820 3424 rapuit
849 3380 1001 3411 rursus
1026 3366 1078 3408 ab
1104 3365 1201 3409 inde
1224 3365 1337 3409 tulit.

284 3442 406 3486 Mane
429 3443 509 3485 sub
531 3453 685 3486 aurora
703 3453 770 3484 res
795 3440 974 3484 vertitur
998 3439 1051 3482 ad
1077 3438 1270 3488 meliora,

282 3514 391 3558 Dum
416 3515 598 3570 populus
622 3514 779 3569 plorat,
803 3513 903 3555 dum
929 3522 1104 3554 carcerc
1129 3522 1239 3566 papa
1265 3510 1449 3561 laborat,

338 3587 534 3630 Carceris
557 3599 581 3630 e
602 3586 741 3629 medio
766 3585 931 3628 tollitur
954 3590 1044 3627 arte
1062 3584 1196 3628 foras.

284 3659 468 3702 Tristior
488 3658 681 3702 Ecclesia
707 3658 932 3701 Dominum
952 3669 1050 3700 cum
1070 3668 1246 3700 cernere
1270 3662 1448 3712 quaerat,

285 3731 472 3776 Vulnera
498 3731 716 3779 mortifera
739 3730 877 3774 reiicit
900 3729 1137 3775 Clementia
1155 3729 1279 3782 vera',

334 3802 523 3847 (Lumina
548 3801 775 3858 participat
796 3802 870 3857 qui
896 3801 1021 3845 modo
1045 3813 1182 3844 caecus
1206 3806 1314 3845 erat.

286 3871 448 3916 Praesul
471 3873 634 3930 liabens
657 3871 806 3916 ¹oculos
827 3872 940 3915 videt
961 3872 1103 3914 omnia
1122 3872 1283 3915 lumine
1306 3870 1468 3927 prisco,

288 3945 434 3990 Gloria
453 3947 509 3992 sit
531 3946 721 3999 Christo,
742 3945 814 4000 qui
837 3946 945 3988 mira
968 3945 1154 4000 patravit
1179 3945 1220 3987 in
1247 3944 1357 3998 ipso,

344 4017 438 4078 Quo
460 4019 616 4060 meruit
644 4030 786 4063 caecus
810 4016 963 4060 frontis
989 4018 1145 4060 babere
1168 4017 1314 4061 decus.

291 4090 462 4134 Obtinet
481 4098 523 4134 et
549 4092 766 4148 propriam
794 4092 998 4146 linguam,
1025 4090 1232 4134 redeunte
1256 4089 1439 4146 loquela.

292 4161 420 4206 Aiidit
442 4169 484 4206 et
506 4163 696 4207 Ecclesia
718 4175 825 4219 papa
848 4165 1056 4207 recitante
1078 4163 1314 4218 quierelain,

347 4235 484 4278 Pollet
503 4234 546 4277 in
568 4235 739 4290 eloquio
759 4236 832 4290 qui
856 4236 982 4278 modo
1000 4240 1144 4278 mutus
1166 4241 1273 4279 erat.

293 4308 528 4350 Auctorum
552 4307 727 4350 sceleris
745 4307 894 4358 lector,
920 4308 955 4350 si
978 4309 1151 4351 nomina
1175 4307 1349 4363 qumis,

294 4379 528 4437 Campulns
551 4380 754 4437 Ecclesiae
772 4382 1043 4435 primicerius
1065 4381 1362 4436 ordinecleri,

349 4456 508 4500 Auctor
530 4461 620 4501 erat
638 4455 813 4499 sceleris
836 4468 961 4510 quein
985 4456 1083 4508 data
1107 4466 1233 4512 poena
1259 4455 1371 4500 ferit.

1528 2403 1566 2452 C

1639 1419 1911 1476 compatitur
1935 1417 2109 1463 miseris
2136 1417 2211 1473 qui
2232 1416 2429 1461 diadema
2452 1417 2577 1473 regit.

1583 1492 1724 1538 Corde
1744 1493 1891 1537 dolent
1915 1490 2060 1541 mites,
2083 1489 2256 1547 plorant
2285 1489 2447 1546 pietate
2469 1489 2672 1547 quirites,

1583 1565 1787 1610 Praesulis
1806 1560 2036 1608 horribiles
2057 1567 2294 1620 properant
2318 1563 2592 1619 exstinguere
2617 1561 2732 1614 lites,

1638 1638 1793 1683 Castra
1819 1642 1992 1682 movent
2018 1648 2235 1693 proceres,
2268 1635 2387 1693 regia
2403 1635 2525 1692 signa
2549 1635 2702 1678 nitent.

1584 1712 1718 1770 Copia
1739 1711 1972 1768 primatum
1999 1709 2191 1766 suscepit
2212 1711 2267 1755 ab
2291 1708 2409 1754 Urbe
2429 1714 2646 1763 senatum,

1587 1784 1779 1842 Suscipit
1804 1784 2030 1827 archatum
2055 1783 2136 1827 sibi
2161 1794 2270 1839 papa
2291 1782 2636 1834 reconciliatum,

1639 1858 1730 1902 Pax
1755 1859 1871 1902 velut
1895 1863 2068 1913 optatur
2089 1868 2190 1913 rege
2210 1855 2389 1911 jubente
2406 1855 2547 1900 datur.

1587 1932 1826 1990 Campulus
1856 1937 1899 1975 et
1920 1930 2094 1986 reliqni,
2119 1942 2230 1987 quos
2254 1929 2385 1974 noxia
2408 1930 2533 1985 culpa
2558 1928 2740 1980 notavit,

1587 2005 1793 2050 Traditur
1813 2003 1997 2055 exsiliis,
2022 2002 2124 2059 quia
2145 2002 2329 2045 crimina
2353 2005 2463 2045 tetra
2490 1998 2694 2057 patravit,

1642 2080 1804 2126 Praesul
1825 2085 1866 2123 ct
1884 2077 2079 2123 Ecclesia
2104 2077 2261 2134 gaudia
2284 2077 2411 2132 longa
2440 2075 2589 2118 trahit.

1589 2155 1781 2209 Qualiter
1821 2160 1860 2196 et
1876 2150 2041 2216 quando
2075 2150 2255 2194 Carolus
2281 2147 2462 2214 Maqrtus
2489 2147 2626 2200 [actus
2661 2152 2722 2191 est
2754 2144 2839 2190 Ro-

1714 2221 1932 2252 manorum
1954 2207 2199 2263 imperator,
2224 2204 2509 2262 sexagesimus
2527 2212 2713 2246 octavus

1603 2321 1606 2324 ,
1645 2283 1769 2326 Α11110
1793 2280 1850 2323 ab
1867 2277 2168 2323 incarnatione
2199 2275 2370 2320 Domini
2389 2273 2467 2319 801
2498 2274 2551 2318 ab
2585 2272 2701 2318 Urbe
2733 2283 2840 2316 con·

1590 2356 1680 2399 dita
1707 2354 1835 2403 1552,
1854 2352 2038 2397 Carolus
2063 2350 2245 2408 Magnus
2269 2361 2405 2393 xxxin
2425 2348 2547 2404 regni
2571 2346 2638 2391 sui
2663 2357 2794 2398 anno,
2815 2357 2841 2389 a

1593 2428 1735 2472 Leone
1756 2425 1886 2470 tertio
1913 2435 2084 2470 summo
2108 2421 2310 2480 pontifice
2329 2426 2580 2472 coronatur,
2609 2419 2726 2464 omni
2758 2430 2839 2475 po·

1594 2501 1694 2557 pulo
1714 2499 1909 2543 Romano
1930 2504 2033 2542 tnnc
2051 2497 2335 2549 acclamante,
2359 2501 2402 2541 ct
2424 2495 2575 2540 laudes
2596 2494 2851 2551 imperiale

1594 2580 1792 2619 canente.
1813 2572 1890 2618 Est
1907 2575 2039 2630 igitur
2061 2571 2297 2628 imperator
2316 2569 2502 2615 Carolus
2520 2579 2654 2612 uvnt
2674 2567 2728 2611 ab
2755 2566 2819 2610 Au

1595 2652 1722 2702 gusto
1746 2651 1945 2690 vocatus.

1648 2717 1833 2762 Carolus
1858 2717 1991 2772 igitur
2029 2715 2269 2772 Augustus,
2290 2713 2388 2757 illos
2416 2712 2492 2769 qui
2516 2709 2561 2756 111
2573 2722 2738 2770 papam
2773 2721 2820 2774 sa

1596 2793 1818 2848 erilegium
1859 2790 2188 2840 commiserunt,
2219 2786 2475 2857 campulum
2506 2784 2671 2830 scilicet
2693 2783 2822 2840 prim
2838 2739 2868 2870 Ξ

1597 2866 1774 2916 cerium,
1801 2869 1843 2907 et
1873 2862 2123 2914 Paschalem
2155 2861 2400 2913 sacristam,
2431 2858 2603 2929 capitali
2635 2856 2842 2902 sentent}
2839 2901 2865 2933 -t

1599 2938 1926 2988 condemnatos,
1955 2936 2200 2981 interventu
2221 2947 2343 2991 papae
2378 2933 2525 2977 vivere
2560 2943 2638 2989 pel
2641 2929 2775 2983 misit

1598 3010 1650 3054 ad
1679 3009 1977 3065 poenitentiam
1991 3008 2228 3068 agendam,
2254 3006 2407 3052 exsilio
2431 3003 2650 3062 relegavit.
2835 2974 2863 3100 Ξ

1652 3082 1789 3131 Porro
1811 3082 1933 3127 Irene
1962 3081 2210 3127 Graecorum
2249 3075 2518 3136 imperatrix,
2550 3077 2699 3124 missis
2734 3078 2800 3134 leg

1602 3157 1655 3200 tis
1678 3168 1828 3212 pacem
1853 3156 1966 3200 inter
1985 3155 2158 3200 Graecos
2181 3159 2223 3199 et
2248 3150 2647 3219 Francosordinari
2663 3152 2826 3208 rogavi
2850 3110 2913 3180 i

1602 3229 1711 3274 Cum
1734 3230 1893 3286 quibus
1916 3229 2100 3274 canotus
2137 3228 2286 3272 missis
2309 3216 2400 3272 suis
2428 3225 2604 3279 1111111115,
2629 3223 2782 3269 irenen
2823 3193 2857 3255 ἰ’

1603 3314 1782 3346 uxorem
1803 3302 1884 3347 sibi
1915 3301 2166 3358 postulavit.
2205 3300 2283 3344 Cui
2309 3297 2410 3343 dum
2445 3297 2568 3342 lrene
2607 3296 2778 3341 annuis
2797 3269 2855 3323 i

1603 3374 1755 3418 Eutius
1773 3374 1984 3430 patricius
2008 3372 2292 3430 praesentibus
2318 3371 2469 3428 legatis
2485 3370 2645 3433 Caroli,
2671 3368 2828 3414 fratr

1548 3468 1582 3510 D
1608 3460 1734 3492 sunm
1765 3446 2055 3503 Nicephorum
2079 3445 2179 3490 iecit
2217 3445 2539 3501 imperatorem,
2565 3449 2607 3487 et
2622 3429 2782 3486 irenen

1607 3519 1919 3563 monasterium
1944 3518 2092 3562 trusit.
2125 3515 2395 3572 Nicephorus
2419 3514 2530 3559 idem
2555 3513 2694 3558 sactus
2713 3511 2820 3558 1111

2733 155 2822 203 9„
2883 169 2885 171 ,

2916 3283 2924 3326 ——.„
2918 3147 2924 3235 ——.-
2914 3080 2924 3121 —;

2816 3336 2921 3392 ἣ»,

1603 3599 1738 3644 tator,
1770 3593 1935 3647 legatos
1974 3602 2077 3635 suos
2100 3601 2199 3633 cnm
2211 3588 2377 3644 legatis
2412 3585 2556 3631 Caroli
2593 3583 2842 3710 transm&
2909 3570 2924 3691 't

1605 3671 1647 3706 et
1671 3663 1813 3707 soedus
1835 3671 1936 3707 tunc
1950 3663 2068 3719 inter
2092 3673 2138 3706 se
2162 3646 2321 3705 litteris
2345 3672 2397 3703 ac
2420 3659 2583 3704 nuntiis
2611 3659 2759 3703 srmav

1606 3735 1694 3779 Rex
1738 3747 1911 3790 quoque
1933 3725 2167 3778 Persarum
2194 3730 2398 3775 Carolum
2430 3730 2732 3798 imperatoiem
2757 3725 2828 3798 11ιῂ

1607 3806 1783 3851 neribus
1807 3807 1899 3851 suis
1922 3812 2026 3849 tuno
2047 3803 2288 3849 honoravit.
2320 3802 2484 3847 Caetera
2503 3794 2556 3846 de
2574 3801 2813 3846 coronatio

1606 3880 1748 3923 Caroli
1775 3876 1928 3923 versus
1952 3879 2128 3924 babent,
2311 3885 2314 3887 “
2791 3887 2793 3890 ⁴
2831 3876 2833 3881 ⁴

1609 3964 1718 4008 Item
1741 3965 2076 4008 decoronatione
2109 3963 2255 4008 Caroli
2287 3962 2450 4019 Magni,
2483 3962 2669 4026 versifice
2701 3973 2779 4005 nar
2820 3950 2821 3953 ¹

2199 4027 2281 4061 tur.

1610 4090 1808 4148 Undique
1830 4077 1977 4150 papali
1996 4091 2188 4149 gaudens
2208 4091 2296 4135 Leo
2314 4102 2419 4146 pace
2440 4089 2575 4134 beari:
2630 4087 2631 4090 ’

1608 4166 1717 4210 Dum
1743 4179 1872 4222 super
1894 4166 2021 4209 altari
2044 4165 2202 4222 satagit
2221 4154 2368 4208 divina
2392 4155 2574 4226 parari,
2601 4162 2603 4166 ⁴

1662 4239 1822 4282 Oidinc
1845 4239 1978 4296 regali
2000 4238 2117 4293 regia
2140 4243 2275 4279 metra
2297 4235 2431 4280 canit.

1609 4311 1775 4355 Laudat
1796 4317 1838 4356 et
1861 4311 2043 4355 ecclesia
2069 4308 2229 4372 populo
2251 4296 2480 4362 plaudente
2498 4315 2723 4358 coronam,
2800 4292 2821 4367 ’1

1610 4382 1779 4442 Imperii
1804 4395 1953 4427 zonam
1976 4382 2083 4426 satis
2106 4374 2260 4424 obtulit
2283 4370 2442 4436 inclyta
2464 4375 2619 4425 Roma,
2763 4379 2767 4382 ’
2817 4370 2819 4383 “

1672 4455 1888 4503 Laudibus
1911 4453 2079 4512 imperii
2105 4452 2275 4498 sortiter
2295 4451 2394 4495 aula
2421 4455 2567 4496 tonat..
2818 4468 2825 4511 f

2792 4061 2830 4094 ’Π

2822 4108 2826 4121 t

2795 4131 2827 4176 »i

2778 4173 2803 4194 ,ι’
