2924 4588
0 183 233 239 101111οὴ0111,
257 185 410 232 modos
429 186 555 232 nobis
579 187 900 233 manifestando
915 219 928 239 ,
951 187 1111 243 quibus
1137 187 1214 231 ab·
1236 195 1272 239 A

0 262 84 309 octo
105 259 338 303 damnabili
354 265 532 314 peccato
556 261 799 317 negationis
816 293 828 311 ,
853 260 1056 304 virtutem
1090 271 1214 304 exer-

0 341 70 388 ere
92 333 309 390 possimus
325 330 633 384 consessionis,
655 333 911 377 suavitatem
930 333 1060 376 etiam
1079 333 1214 376 menti

0 402 131 452 1051110
152 403 307 448 interni
324 403 594 448 infundendo
616 405 800 461 saporis.
828 403 912 448 Sed
932 405 1022 460 jam
1050 404 1214 461 aliquid

0 477 154 525 {eluda
181 482 223 521 et
261 476 314 520 de
346 478 470 532 aquis
499 477 804 533 redemptionis
839 478 935 533 ejus
967 477 1210 533 loquamur.

0 550 97 596 *rins
122 549 286 594 scilicet
306 549 503 594 videntes
529 551 687 606 qulbus
717 549 857 593 modis
890 550 1030 602 hanc,
1055 549 1108 593 de
1128 561 1214 606 qua

0 623 201 685 aquimur,
219 621 540 666 consessionem
564 634 766 667 exercere
783 621 1043 674 debeamus;
1060 621 1214 666 deinde

5 695 127 742 uibus
172 693 377 750 quoque
385 693 526 737 modis
558 705 653 738 eam
706 694 933 749 acquirere
974 693 1209 750 possimus.

0 771 218 820 lfflremo,
257 768 372 824 quod
409 768 571 824 plures
567 766 665 811 sint
702 765 1000 811 consessiones
1035 767 1214 810 demon-

0 846 178 904 trantes,
197 846 240 884 et
262 840 495 896 unicuique
514 839 741 897 proprios,
769 839 926 896 quibus
951 838 1213 896 acquirenda

0 932 1 936 ¹
43 913 233 966 ,modos
248 914 536 969 assignantes.

26 984 94 1029 ΠΙ.
117 984 219 1028 Mihi
242 987 384 1028 autem
407 983 580 1027 videtur
608 984 724 1040 quod
762 983 963 1039 primitus
994 980 1212 1026 confessio

4 1062 84 1104 ent
102 1063 168 1102 051
184 1058 226 1102 in
246 1057 373 1102 nobis
390 1090 400 1109 ‚
429 1057 489 1100 ita
516 1069 613 1101 esse
636 1057 762 1100 debet
782 1061 824 1100 et
845 1056 899 1100 de
925 1055 1068 1106 nobis,
1088 1055 1210 1110 juxta

6 1128 76 1176 1111
87 1130 186 1187 quia
214 1127 362 1173 Iustus
381 1129 424 1172 in
444 1128 648 1186 principio
662 1135 883 1173 accusator
903 1136 964 1172 est
985 1129 1052 1171 sui
1065 1128 1208 1184 (Prov.

92 1233 104 1254 ,
123 1201 208 1256 17).
233 1199 457 1252 Quatenus
483 1201 615 1245 talem
638 1201 830 1245 exterius
857 1206 900 1244 te
932 1200 1136 1244 ostendas
1165 1200 1210 1243 in

6 1274 216 1332 '.,qualis
240 1275 360 1318 intus
387 1274 498 1330 apud
533 1274 719 1330 teipsum
740 1274 864 1317 lates
895 1273 940 1316 in
964 1279 1120 1316 mente.
1159 1272 1212 1315 Et

7 1348 110 1393 alis
131 1347 244 1403 apud
271 1339 456 1403 teipsum
487 1361 534 1392 es
563 1348 606 1391 in
641 1353 810 1399 mente,
832 1348 916 1390 nisi
945 1347 1132 1403 injustus
1171 1352 1213 1390 et

12 1429 85 1460 ι
98 1425 180 1471 tor,
195 1420 232 1464 si
255 1424 400 1463 tamen
423 1432 512 1463 non
531 1420 798 1472 dissimulas,
825 1420 863 1464 si
883 1418 1071 1476 undique
1103 1419 1148 1462 in
1171 1423 1213 1463 te

13 1492 118 1537 11105
137 1497 310 1548 apertos
333 1492 588 1548 retorques?
611 1491 764 1537 Nonne
783 1492 821 1537 si
845 1493 1022 1549 projicis
1037 1506 1060 1535 a
1086 1498 1128 1536 te
1140 1493 1212 1535 illa

51 1584 59 1601 v:
88 1563 211 1615 110115,
231 1564 389 1621 quibus
406 1564 602 1609 consutis
625 1563 701 1622 [al.
717 1564 909 1622 consuti]
930 1571 1212 1621 agnoscentes

11 1640 132 1685 ’0550
153 1637 310 1689 nudos,
336 1637 592 1693 protoplasti
616 1637 679 1680 illi
707 1637 904 1681 fecerunt
925 1636 1005 1682 sibi
1036 1637 1210 1693 perizo-

18 1708 219 1767 fflffien.
242 1721 320 1762 111,
346 1709 404 1767 7),
431 1710 598 1755 videbis
618 1710 722 1767 quia
740 1710 923 1766 aplanta
934 1709 1058 1766 pedis
1073 1722 1211 1766 usque

28 1780 270 1831 'tunicam
292 1793 382 1825 non
406 1786 472 1825 est
494 1782 540 1825 in
561 1787 605 1825 te
621 1777 817 1827 sanitas?
839 1771 948 1838 (Iso.
977 1793 1018 1833 1,
1044 1780 1106 1839 6.)
1126 1778 1209 1834 Qui

29 1851 207 1909 0,ρι1(1
238 1858 282 1897 10
307 1853 396 1910 jam
428 1852 745 1910 quatriduanus
779 1852 887 1899 fetes
922 1853 968 1897 in
1005 1853 1208 1910 spelunca

62 1925 254 1978 ientiae,
273 1927 529 1972 venisoras
520 1941 563 1971 m
581 1925 1015 1984 confessioneran.
1035 1939 1096 1979 xi,
1116 1927 1205 1984 59).

0 1977 42 2064 i
46 1959 253 2052 11101010,
277 2000 390 2044 sicut
411 2013 511 2045 vere
532 2012 595 2052 es,
615 2007 902 2057 peccatorem.
936 2000 1092 2057 Detege
1107 2013 1208 2057 pec-

18 2076 110 2116 tum
139 2078 259 2119 tuum
299 2079 345 2118 ut
379 2072 607 2131 impleatur
641 2075 687 2117 in
711 2081 751 2118 te
783 2074 898 2131 quod
936 2075 1208 2131 prophetavit

21 2142 118 2196 its,
142 2146 212 2201 qui
239 2147 328 2190 ait:
359 2145 566 2190 Revelabt't
589 2153 704 2189 terra
731 2147 974 2201 sanquinem
992 2159 1135 2196 suum,
1167 2152 1208 2190 et

23 2219 238 2273 moperiet
283 2220 395 2262 ultra
435 2220 670 2276 interfectos
707 2232 804 2263 suos
835 2218 942 2276 (150.
962 2232 1087 2272 xxvi,
1113 2218 1202 2278 at).

20 2301 100 2340 rra
121 2293 313 2336 revelans
336 2293 590 2349 sanguinem
608 2305 750 2346 suum,
776 2294 919 2336 anima
932 2299 998 2337 est
1013 2305 1090 2349 per
1103 2305 1208 2337 con·
1229 2316 1263 2363 C

23 2352 196 2410 sivaem
239 2365 442 2422 detegens
479 2371 705 2421 peecatum
749 2377 892 2410 suum.
936 2364 1041 2417 Quae
1077 2365 1207 2409 etiam

24 2443 84 2480 a
103 2435 400 2482 interfectores
426 2449 529 2482 snos
552 2449 639 2480 non
667 2436 836 2493 operit,
861 2436 962 2479 dum
993 2436 1209 2492 cogitatus

27 2512 309 2557 ts'interiores
324 2514 413 2557 vita
444 2512 685 2569 spirituali,
708 2524 789 2568 per
814 2524 1073 2556 consensum
1108 2523 1209 2566 pec-

28 2582 280 2640 ti3²privatos
306 2599 393 2631 non
415 2585 657 2630 abscondit.
685 2585 765 2641 51
785 2584 919 2628 Valde
942 2584 1146 2636 salubris,
1162 2589 1210 2627 ut

15 2653 119 2708 ftis,
140 2657 357 2702 confessio
380 2657 464 2701 ista
496 2662 646 2713 utpote
665 2657 759 2700 sine
775 2667 861 2712 qua
885 2655 941 2698 ad
961 2668 1106 2700 veram
1139 2668 1210 2699 sa·

12 2737 100 2773 :em
129 2731 370 2786 pertingere
391 2730 638 2786 nequimus.
675 2727 827 2773 Nonne
857 2728 940 2772 hoc
968 2729 1105 2773 sensit
1140 2729 1210 2772 ille

35 2800 163 2864 init:
191 2802 453 2860 Confitemint
484 2803 734 2846 atterutrum
765 2809 933 2856 peccata
975 2808 1133 2853 vestra,
1169 2800 1210 2844 et'

32 2881 89 2919 ate
107 2886 178 2930 pro
194 2875 378 2927 invicem,
402 2882 450 2918 111
465 2875 716 2919 salvemini?
743 2873 854 2932 (Jac.
879 2887 922 2925 v,
956 2873 1045 2930 16.)
1075 2873 1209 2929 Cuius

14 2945 96 2991 bis
119 2948 336 2993 sententiae
368 2949 602 2993 utilitatem
632 2946 712 3006 [al.
730 2946 992 3004 veritatemi,
1022 2945 1138 3002 quod
1169 2946 1209 2990 ei

20 3020 235 3064 utrarium
256 3026 322 3065 est
345 3020 621 3077 dispendium
650 3019 814 3075 aperit,
850 3017 966 3074 quod
1003 3018 1090 3060 tale
1124 3022 1206 3067 est,

36 3091 329 3137 siconfitemini
352 3094 638 3145 alterutrum,
664 3097 707 3136 et
731 3092 864 3136 oretis
891 3104 969 3160 pro
999 3091 1205 3142 1nvicem,
1230 3123 1234 3126 -

39 3177 62 3206 u
80 3165 314 3211 salvamini.
331 3167 410 3210 Cui
433 3166 578 3212 sensui
600 3171 643 3210 et
680 3165 763 3209 hoe
786 3165 1011 3220 astipulari
1024 3163 1206 3216 videtur,

30 3216 89 3280 od
106 3234 305 3283 Salomon
330 3238 416 3281 ait:
439 3238 520 3291 Qui
539 3236 756 3280 abscondit
776 3236 935 3280 scelera
950 3249 1026 3278 sna
1051 3249 1130 3278 non
1146 3234 1212 3277 di·-

40 3315 145 3360 etur,
168 3312 388 3367 qttiatttem
412 3311 624 3366 confessus
657 3310 868 3366 [11011101
896 3308 1108 3364 reliquerit
1133 3321 1208 3359 ca,

42 3382 294 3427 seriani-diam
311 3391 579 3440 consequetur
604 3382 746 3440 (Prov.
768 3395 922 3430 xxviii,
942 3381 1028 3439 15).
1048 3381 1209 3425 Verum

43 3447 173 3507 mino,
197 3469 343 3500 verum
379 3465 446 3501 est
482 3457 592 3508 hoc,
630 3456 837 3512 quoniam
873 3460 916 3499 et
947 3454 1021 3510 qui
1054 3454 1215 3498 revelat

45 3534 148 3573 eata
169 3541 260 3581 sua,
280 3530 630 3587 promovebitur-4
647 3529 723 3586 qui
741 3534 882 3571 autem
903 3528 1010 3582 tegit
1033 3532 1075 3570 et
1099 3526 1212 3568 fovet

45 3600 223 3645 ,8101110
238 3615 334 3646 eum
354 3603 576 3665 damnatio
595 3606 901 3657 consequetur.

22 3631 103 3714 11Ἴ.
129 3670 313 3719 Audistis
334 3685 529 3731 quaenam
552 3686 649 3718 esse
670 3673 824 3716 debeat
840 3672 931 3714 haec
954 3669 1092 3725 plima
1114 3680 1215 3710 con·

27 3738 127 3788 sio.
163 3744 310 3791 Videte
341 3758 457 3793 nunc
481 3747 640 3803 quibus
673 3745 727 3787 ad
766 3756 860 3788 eam
896 3742 979 3786 viis
1008 3741 1214 3784 accedere

1236 1255 1270 1298 B

1236 3390 1268 3432 D

0 3783 79 3887 ἶ
75 3817 180 3862 tis.
215 3817 278 3862 Sit
299 3819 379 3863 tibi
403 3820 542 3876 prima
562 3818 688 3864 diaeta
713 3828 850 3872 usque
874 3815 928 3858 ad
965 3813 1212 3856 intuendam

49 3894 119 3930 me
131 3891 420 3935 enormitatem
454 3891 661 3934 facinoris
690 3890 766 3931 tui.
807 3887 1060 3930 Nullatenus
1097 3884 1212 3927 enim

10 3955 11 3960 ¹
34 4013 38 4015 ,
138 3969 239 4007 ern
261 3971 301 4008 te
324 3977 420 4010 esse
441 3964 671 4014 fateberis,
698 3964 734 4007 si
759 3970 799 4006 te
823 3966 1092 4012 Deecatoicm
1117 3970 1213 4003 0550

0 4036 10 4101 3'
32 4018 63 4087 ζ·
97 4030 288 4091 intelligis
303 4067 314 4087 ‚
349 4043 429 4081 nec
454 4043 526 4079 tua
547 4036 716 4079 medico
738 4034 914 4077 vulnera
939 4031 1212 4074 demonstra-

16 4142 44 4178 3
67 4101 135 4151 ’,εἰ
155 4109 196 4148 10
213 4108 479 4152 vulneratum
503 4120 606 4151 non.
622 4106 838 4162 agnoscis.
879 4103 1088 4147 Auferens
1110 4113 1212 4156 ergo

6 4180 142 4266 „³⁰⁵⁴
161 4183 320 4235 tergum
345 4187 482 4232 tuum,
500 4181 573 4223 ubi
598 4186 639 4223 te
664 4179 925 4235 projeceras,
952 4186 1135 4230 arguens
1152 4179 1209 4222 tc,

32 4252 346 4305 11010οο111111
353 4252 502 4296 faciem
514 4258 630 4295 tuam
656 4250 793 4307 (Psat
823 4259 939 4298 ιιι-11,
955 4245 1044 4300 ⁶21),
1059 4250 1102 4288 et
1117 4245 1213 4288 vide

27 4284 115 4377 {stim
126 4320 264 4367 loedus
279 4331 320 4368 et
343 4325 499 4370 fetidus
520 4327 596 4374 515
622 4336 751 4379 quiam
774 4321 949 4365 tabidus
982 4326 1023 4364 et
1046 4319 1213 4362 ulcero-

5 4389 158 4463 ἳ3555)
187 4393 228 4438 S.
250 4395 424 4452 Gregor.
449 4399 593 4441 homil.
623 4399 695 4444 55

241 4470 419 4518 Parion.
459 4467 620 4517 cxci
629 4467 716 4517 lli.

751 90 1056 137 Santonus.
1095 115 1142 123 --—
1170 89 1223 133 IN
1254 83 1508 136 ADVENTU
1545 92 1748 137 nomm.

2463 103 2571 150 470.

1294 197 1386 238 sus,
1411 193 1457 230 ut
1473 186 1706 242 displicens
1729 187 1805 230 tibi
1830 187 1961 232 etiam
1983 175 2154 234 horrori
2179 191 2253 235 tibi
2279 193 2356 236 sis2
2380 193 2432 237 Et
2455 196 2545 240 ele·

1294 268 1400 300 vans
1422 270 1571 301 vocem
1597 259 1900 305 commotionis
1926 273 2106 318 magnas,
2131 264 2199 308 his
2227 266 2371 308 verbis
2394 279 2545 323 aggre-

1294 329 1428 374 diaris
1450 332 1635 385 teipsum
1656 364 1667 382 ,
1694 337 1736 375 et
1750 332 1870 378 dicas
1890 335 1965 378 tibi
1982 333 2124 391 'aliqua
2155 337 2197 380 in
2213 336 2327 381 hunc
2340 341 2541 385 moduni:

1294 398 1402 451 Heu,
1418 401 1524 445 heu!
1551 414 1629 445 cur
1646 408 1710 445 tot
1725 405 1939 460 tantisque
1957 406 2095 463 plagis
2119 409 2338 452 vulneravi
2357 412 2544 456 animam

1294 482 1431 514 meam
1454 483 1690 516 occurrens
1712 473 1941 520 adversum
1964 476 2116 529 Deum,
2142 485 2287 524 erecto
2314 483 2443 533 collo,
2470 497 2546 539 per

1294 543 1460 599 plateas
1495 543 1752 600 Babylonis;
1788 549 2008 595 seminans
2042 551 2087 594 in
2121 562 2280 605 carne,
2316 554 2540 601 involvens

1293 615 1504 672 meipsum
1524 617 1567 659 in
1588 618 1817 663 volutabro
1841 620 1936 671 luti,
1962 621 2119 666 infixus
2137 624 2181 667 in
2194 617 2295 668 limo
2310 628 2547 682 profundi?

1293 691 1336 730 et
1348 687 1524 732 omissis
1544 690 1668 745 aquis
1691 689 1814 735 Judae
1829 705 1925 748 quae
1943 695 2167 749 mundant,
2191 697 2236 740 in
2248 696 2395 742 Abana
2415 712 2485 743 me
2502 707 2545 745 et

1292 757 1516 816 Pharphar
1532 760 1672 805 fluviis
1690 762 1887 808 Damasci
1908 766 2166 824 immergens
2179 770 2218 826 (1
2232 771 2263 813 V
2277 767 2374 828 Rey.
2392 774 2541 828 v,12),

1293 837 1423 887 caput
1445 833 1642 888 aspidum
1668 848 1856 892 sugens,
1881 842 1923 881 01
1946 852 1968 881 a
1994 840 2139 896 lingua
2168 843 2327 898 viperae
2349 847 2539 896 occisus,

1293 902 1432 958 ipsam
1462 905 1662 951 videlicet
1696 908 1741 951 in
1781 909 1903 953 initio
1934 914 2189 958 tentationis
2223 917 2542 972 suggestionem

1291 975 1612 1022 blandientem·
1601 992 1644 1022 1n
1660 981 1792 1024 eorde
1816 982 2071 1038 admittens;
2095 986 2245 1042 sicque
2260 989 2393 1032 vitam
2417 991 2543 1034 inme

1293 1049 1559 1104 spiritualem
1597 1052 1873 1108 subsequenti
1910 1067 2088 1101 assensu
2114 1059 2348 1105 amittens?
2382 1061 2445 1106 En
2467 1066 2541 1119 qui

1293 1120 1339 1163 in
1361 1124 1536 1166 sacculo
1554 1124 1721 1179 signata
1742 1126 1878 1170 haheo
1891 1136 2067 1182 peccata
2079 1142 2172 1174 mea
2196 1130 2300 1186 (Iob
2326 1145 2414 1184 xiv,
2438 1135 2539 1191 17);

1292 1197 1334 1235 et
1354 1194 1483 1238 modo
1507 1195 1744 1239 miserabili
1770 1198 1941 1241 horrori
1967 1200 2073 1243 mihi
2093 1232 2104 1251 ‚
2128 1207 2171 1244 et
2199 1203 2324 1247 taedio
2346 1204 2538 1255 effectus.

1292 1266 1464 1320 qualem
1487 1279 1556 1310 me
1584 1279 1717 1323 cogor
1739 1270 1951 1325 aspicere,
1981 1273 2108 1315 talem
2127 1286 2196 1318 me
2217 1287 2384 1331 nequeo
2409 1278 2541 1321 susti—

1293 1352 1411 1384 nere.
1438 1340 1597 1393 Quidni
1619 1347 1707 1385 tam
1735 1356 1896 1400 aegrum
1918 1346 1960 1389 te
1977 1344 2167 1400 intuens,
2193 1349 2359 1394 medico
2381 1348 2542 1396 0111551·-

1293 1422 1363 1456 me
1396 1407 1516 1455 tuam
1547 1414 1845 1470 aegritudinem
1877 1422 2101 1474 exponas?
2129 1419 2538 1477 Alioquin-vulnus,

1292 1485 1393 1529 dum
1417 1486 1666 1544 negligitur,
1691 1496 1734 1533 et
1754 1490 1942 1557 maxime
1961 1479 2064 1536 dum
2087 1493 2383 1546 absconditur,
2405 1496 2447 1539 in
2468 1510 2543 1552 pua

1291 1558 1504 1603 tredinem
1525 1560 1721 1604 vertitur.
1755 1560 2034 1608 Putredinem
2057 1578 2160 1609 vero
2190 1567 2386 1623 sequitur
2407 1582 2540 1614 mors³

1292 1629 1444 1675 Restat
1464 1643 1567 1688 ergo
1593 1638 1640 1676 ut
1663 1635 1841 1680 auribus
1873 1637 2076 1681 audiendi
2103 1639 2270 1691 audias,
2297 1642 2371 1697 qui
2402 1642 2544 1698 lepro-

1291 1716 1368 1749 sus
1390 1717 1455 1757 es,
1473 1705 1590 1762 quod
1612 1707 1796 1764 leprosis
1820 1707 1874 1751 ad
1895 1721 1994 1752 eum
2017 1711 2304 1757 clamantibus
2319 1725 2445 1758 verus
2471 1716 2542 1762 ilie

1290 1778 1484 1825 medicus
1508 1780 1709 1836 injunxit.
1740 1781 1818 1833 Ite,
1845 1778 2001 1839 inquit,
2028 1784 2231 1829 ostendite
2254 1790 2323 1830 iios
2349 1788 2543 1832 sacerdo-

1291 1851 1401 1896 tibus
1425 1852 1543 1909 (Lito.
1575 1865 1684 1908 xvu,
1706 1855 1790 1912 14).

1347 1923 1398 1967 V.
1430 1925 1552 1979 Quod
1578 1927 1615 1970 si
1639 1927 1694 1970 ad
1723 1927 2041 1974 consessionem
2075 1931 2248 1976 trahere
2280 1945 2367 1976 non
2401 1934 2543 1990 potest

1289 1998 1478 2053 cognitio
1502 2000 1654 2056 culpae,
1680 2001 1822 2043 trahat
1843 2007 1886 2044 te
1899 2002 2050 2045 saltem
2074 2003 2364 2049 consideratio
2388 2019 2541 2062 preme.

1290 2075 1337 2113 ut
1359 2071 1432 2127 qui
1458 2077 1575 2117 taces
1596 2075 1727 2117 etiam
1750 2074 1933 2118 horrore
1958 2076 2122 2130 pcccati
2147 2077 2372 2130 confusus,
2395 2079 2543 2135 loquaa

1286 2142 1366 2194 ris,
1405 2145 1471 2188 vel
1497 2150 1661 2189 terrore
1682 2147 1882 2202 supplicii
1906 2158 2162 2192 concussus,
2205 2148 2258 2191 Et
2291 2162 2424 2206 quare
2457 2162 2542 2195 non

1288 2217 1354 2260 vis
1381 2217 1608 2261 confiteri?
1643 2217 1840 2263 fortassis
1879 2224 2054 2274 propter
2089 2218 2312 2275 pudorem.
2351 2220 2435 2266 Sed
2465 2230 2543 2268 cur

1288 2289 1419 2345 pudet
1457 2295 1498 2333 te
1525 2295 1794 2347 peccatorem
1819 2290 1961 2334 dicere
1979 2322 1991 2342 ,
2017 2303 2115 2335 cum
2138 2293 2276 2348 magis
2309 2295 2469 2348 pudere
2501 2302 2543 2338 te

1287 2358 1441 2405 debeat
1465 2362 1592 2406 esse?
1613 2361 1774 2413 Pudor,
1794 2375 1956 2419 quaeso‚
1983 2363 2194 2420 pudorem
2225 2367 2443 2421 projiciat,
2468 2382 2542 2411 1-0-

1287 2435 1538 2479 rccundiam
1565 2437 1822 2479 verecundia
1846 2437 2052 2491 expellat,
2088 2442 2133 2481 ut
2167 2439 2280 2482 sicut
2311 2440 2364 2483 de
2391 2446 2541 2483 sancta

1289 2507 1361 2550 illa
1383 2508 1618 2563 poenitente
1641 2509 1792 2553 beatus
1816 2508 2054 2566 Gregorius
2066 2512 2125 2554 ait
2144 2509 2278 2570 (ΞΒ-Εἰ),
2305 2516 2393 2554 tam
2412 2513 2541 2556 vehe⁴

1288 2587 1453 2625 menter
1478 2581 1753 2638 temetipsum
1775 2583 2010 2627 erubescas
2040 2584 2183 2635 intus,
2223 2589 2270 2627 ut
2305 2585 2412 2628 nihil
2444 2595 2541 2630 esse

1288 2655 1459 2706 credas,
1479 2666 1565 2710 quo
1585 2655 1887 2699 verecunderis
1908 2655 2030 2701 soris.
2054 2655 2188 2713 Magis
2212 2657 2431 2709 nimirum,
2462 2672 2541 2714 pu-¹

1289 2726 1392 2771 dere
1415 2732 1459 2770 te
1483 2727 1609 2772 debet
1635 2729 1727 2780 tui,
1761 2728 1932 2785 quando
1966 2729 2086 2774 fosso
2107 2730 2268 2787 pariete
2292 2730 2538 2774 animalium

1288 2805 1418 2856 atque
1441 2801 1657 2856 reptilium
1672 2802 2035 2846 abominationem
2052 2802 2418 2860 intueris-<Euda
2440 2816 2536 2852 vin,

1291 2871 1361 2929 to)
1377 2884 1506 2927 quam
1524 2871 1696 2928 quando
1716 2873 1914 2917 eumdem
1933 2875 2141 2929 parietem
2160 2875 2372 2930 aperiens,
2388 2874 2438 2916 ad
2460 2874 2539 2917 hoc

1291 2949 1337 2987 ut
1358 2944 1597 2996 deleantur,
1624 2945 1970 2990 abominationes
1993 2947 2089 2990 illas
2118 2947 2313 3002 exponis.
2355 2945 2405 2988 Et
2430 2946 2539 2989 sorte

1266 3026 1378 3073 ,prae
1403 3018 1559 3062 timore
1585 3030 1672 3061 non
1708 3019 1950 3069 confiteris,
1993 3032 2048 3062 ne
2083 3019 2283 3063 videlicet
2316 3019 2535 3063 confitenti

1291 3092 1436 3147 gravia
1461 3092 1599 3148 aliqua
1626 3093 1921 3148 injungantur,
1946 3104 2252 3148 expavescens,
2271 3093 2421 3136 etidco
2439 3105 2540 3147 ope-

1291 3165 1380 3208 rire
1405 3172 1444 3209 10
1466 3177 1542 3222 per
1566 3166 1785 3209 silentium
1809 3166 1985 3222 eligens.
2014 3164 2097 3209 Sed
2120 3166 2257 3220 magis
2284 3165 2438 3206 timere
2461 3178 2535 3218 po-

1292 3244 1356 3282 tes
1382 3238 1618 3281 terribilem
1638 3238 1752 3280 illam
1778 3245 1875 3293 post
1900 3235 2082 3280 mortem
2108 3236 2271 3278 inimici
2304 3238 2538 3290 0110100111ή

1294 3311 1453 3353 tionem
1465 3313 1508 3352 et
1521 3307 1769 3352 horribilem
1788 3309 1944 3352 inferni
1963 3308 2298 3351 damnationem.
2312 3307 2538 3362 Alloque-re

1292 3393 1393 3436 ergo
1416 3381 1602 3423 animam
1626 3386 1743 3423 tuam
1770 3392 1900 3436 super
1932 3381 2014 3431 his,
2047 3380 2084 3422 si
2108 3379 2218 3422 sorte
2244 3379 2439 3422 timorem
2462 3392 2537 3421 ex·

1293 3454 1450 3509 pellere
1492 3452 1636 3508 possis
1669 3453 1839 3495 timore.
1888 3452 1938 3493 Et
1971 3455 2017 3494 ut
2053 3451 2246 3494 discedat
2281 3450 2425 3499 timor,
2463 3452 2535 3504 qui

1291 3525 1606 3570 consessionem
1634 3526 1835 3581 impedit,
1864 3531 1907 3568 et
1929 3524 2133 3569 succedat
2156 3524 2229 3581 qui
2251 3523 2376 3567 efficit
2394 3556 2404 3575 ,
2435 3536 2538 3566 con-

1292 3599 1387 3642 veni
1411 3606 1504 3641 eam
1528 3598 1572 3641 in
1592 3598 1734 3641 verbis
1756 3598 1850 3640 istis
1872 3611 1883 3639 1

1348 3662 1416 3715 Vl.
1448 3670 1522 3714 Vae
1538 3671 1658 3721 mihi,
1679 3670 1751 3725 qui
1769 3671 1810 3711 in
1831 3668 2063 3724 conspectu
2082 3669 2215 3724 ipsius
2230 3668 2535 3723 omnipotentis

1293 3748 1334 3786 et
1358 3741 1538 3785 viventis
1564 3740 1667 3788 Dei,
1696 3741 1740 3783 in
1764 3741 1887 3795 cujus
1913 3752 2063 3782 manus
2081 3772 2091 3790 ,
2129 3745 2173 3781 ut
2208 3741 2267 3782 ait
2290 3739 2534 3793 Apostolus,

1294 3816 1554 3860 horrendum
1578 3820 1645 3859 est
1667 3815 1857 3858 incidere
1876 3814 2021 3870 (Hebr.
2044 3827 2085 3863 x,
2113 3814 2182 3870 51)
2206 3845 2216 3864 ,
2242 3814 2286 3856 in
2310 3816 2533 3869 praesentia

1292 3901 1462 3944 quoque
1505 3891 1570 3930 tot
1593 3887 1772 3929 millium
1798 3892 1885 3927 tam
1907 3885 2130 3927 hominum
2155 3890 2281 3941 quam
2308 3886 2531 3941 spirituum

1292 3962 1479 4003 ultorum
1498 3959 1634 4002 haheo
1657 3958 1861 4000 confundi
1892 3973 1900 3998 :
1929 3946 2118 4000 terribile
2139 3959 2308 4013 quidem
2336 3964 2439 3999 tunc.
2472 3958 2536 4000 es-

1294 4034 1432 4078 set-tus
1455 4032 1766 4088 spectaculum,
1788 4041 1873 4072 non
1899 4031 2036 4072 solum
2056 4030 2178 4081 mihi,
2200 4031 2272 4073 sed
2290 4036 2331 4073 ct
2352 4030 2530 4085 angelis,

1293 4106 1334 4149 et
1360 4106 1444 4148 Deo
1464 4138 1474 4155 ‚
1513 4108 1555 4147 et
1586 4102 1902 4154 hominibus'(1
1919 4102 2015 4145 Cor.
2042 4115 2106 4151 xv,
2141 4103 2199 4158 9).
2242 4102 2330 4154 Vae,
2361 4103 2533 4156 inquam

1293 4177 1396 4220 mihi
1413 4209 1423 4228 ,
1449 4177 1519 4232 qui
1545 4175 1685 4231 ligatis
1709 4174 1909 4218 manibus
1937 4179 1977 4216 01
2003 4173 2203 4227 pedibus,
2224 4174 2380 4215 missus
2405 4173 2444 4213 in
2472 4178 2534 4213 te·

1292 4251 1448 4292 nebras
1471 4248 1704 4291 exteriores
1725 4245 1893 4303 (Mutet.
1910 4259 2013 4293 xxii,
2038 4245 2120 4300 15),
2137 4246 2377 4300 persolvere
2394 4243 2532 4285 habco

1296 4321 1336 4362 in
1360 4325 1488 4376 puteo
1512 4318 1727 4368 it·isernali‚
1751 4323 1812 4359 tot
1836 4322 2039 4371 tantaque
2066 4322 2301 4367 tormenta;
2336 4315 2434 4370 igne
2456 4327 2530 4368 pav·

2292 4452 2322 4497 G
