2924 4588
304 55 323 80 ⁸
456 84 461 89 ,

347 112 418 158 m
801 153 828 182 ο
1021 168 1035 181 .

345 206 427 249 Nec
446 203 561 245 deest
596 196 650 240 ibi
676 196 861 249 butyrum
881 189 929 232 de
948 190 1142 235 armento,
1173 187 1211 223 et
1240 179 1304 220 iac
1321 176 1369 218 cle
1389 173 1543 221 ovibus,
1569 172 1606 217 Α

342 287 432 318 cum
465 271 578 325 adipe
595 277 787 324 qnorum
813 269 850 304 ee
880 260 1051 302 arietum
1075 254 1211 309 (Dent.
1237 259 1370 297 xxxu,
1395 244 1480 299 15),
1505 242 1545 285 id

343 353 403 386 ι-ςι
419 340 607 385 doctrina
624 335 879 382 sublimium,
892 337 932 373 et
947 326 1151 372 sobrietas
1166 319 1435 376 simplicium,
1449 325 1546 395 cnm

342 414 546 457 charitate
577 407 792 455 humilium
814 402 1098 455 subiectorum
1124 404 1247 449 atque
1270 392 1546 447 praeeuntium

343 489 621 540 praelatorum.
657 477 769 521 Hirci
798 480 937 517 autem
970 470 1122 514 ibidem
1144 466 1326 510 eduntur
1348 468 1546 540 cum-mef

341 556 454 597 dalla
494 551 644 602 tritici,
676 556 715 592 et
748 545 913 601 sanquis
944 552 1032 584 ¹10ae
1063 538 1212 580 bibitur
1242 541 1547 577 meracissimus

342 627 474 675 «ibid,
495 625 576 680 it).
594 621 700 674 Quia
713 626 758 662 ut
773 614 1354 666 eosimitemur,peccatores,
1369 601 1442 646 sed
1458 611 1549 656 ρω-

343 702 546 743 nitentes,
573 692 696 737 nobis
717 692 759 734 in
782 687 1015 743 exemplum
1040 683 1335 738 proponuntur
1355 685 1452 719 eum
1475 671 1548 715 de-

340 781 435 811 cora
461 766 685 811 intentione
705 762 802 806 boni
826 758 1043 816 propositi,
1078 763 1119 799 et
1141 751 1335 809 passione
1358 758 1449 791 uvae
1472 756 1549 788 no·

338 850 436 885 ιιι-τε
458 841 499 883 ιιι
517 836 715 882 torculari
729 835 868 878 crucis
885 841 1109 887 expressae,
1130 838 1223 883 quae
1244 836 1324 868 uva
1347 834 1443 866 cum
1459 833 1548 863 me-

339 914 450 959 dulla
471 912 598 955 tritici
622 909 743 953 habet
769 908 810 951 in
835 917 980 950 mensa
1003 915 1077 948 sna
1102 908 1144 946 et
1167 902 1347 946 hircum.
1374 897 1482 950 Quia
1495 895 1550 937 ci-

339 996 468 1026 nerem
497 989 686 1036 tanquam
718 990 860 1033 panem
893 975 1154 1019 manducans
1187 969 1321 1027 (psat.
1347 979 1418 1017 ct,
1444 965 1512 1022 10)
1533 997 1546 1017 ,

339 1055 398 1097 sic
420 1053 499 1097 sibi
531 1053 768 1105 incorporat
793 1054 1037 1103 peccatores
1058 1043 1311 1101 poenitentes
1328 1073 1340 1093 ,
1376 1038 1486 1083 sicut
1507 1042 1549 1080 et

332 1128 471 1180 justos
494 1137 516 1166 a
538 1123 721 1179 peccatis
744 1123 1024 1165 continentes.

389 1195 472 1239 xil.
496 1194 599 1241 Etut
620 1194 801 1238 breviter
817 1192 969 1244 dicam,
994 1189 1193 1245 brevique
1205 1187 1338 1230 multa
1351 1194 1548 1230 sermone

333 1265 698 1320 rompreliendam,
716 1270 817 1320 quot
830 1262 951 1306 nobis
964 1261 1007 1305 in
1027 1261 1106 1304 bac
1125 1260 1290 1324 interna
1311 1255 1464 1301 mentis
1484 1266 1549 1298 re·
1570 1243 1604 1286 Β

331 1338 512 1380 tectione
528 1336 922 1391 contemplationum
948 1344 1115 1390 genera,
1140 1330 1299 1387 Spiritu
1316 1327 1543 1375 revelante,

336 1408 625 1459 infunduntur,
638 1408 757 1463 quasi
772 1406 881 1448 totin
899 1406 978 1448 hac
990 1416 1134 1447 mensa
1146 1413 1314 1458 magua,
1329 1398 1383 1443 ad
1398 1408 1543 1454 quam,

331 1480 383 1523 de
406 1492 521 1524 more
536 1513 547 1530 ,
582 1479 752 1528 sedetis,
777 1477 936 1522 fercula
959 1476 1077 1519 vobis
1099 1473 1388 1531 sapidissima,
1414 1469 1546 1526 Spon-

332 1565 379 1594 so
394 1552 709 1595 administrante
727 1555 1007 1607 apponuntur.
1031 1547 1113 1591 Tot
1134 1558 1325 1603 sapores,
1354 1548 1459 1602 quot
1473 1542 1546 1587 de·

330 1624 517 1666 votiones
539 1637 551 1676 ;
577 1628 677 1677 quot
693 1621 819 1667 etiam
839 1621 1043 1663 virtutum
1068 1617 1267 1675 insignia,
1291 1623 1354 1659 tot
1377 1627 1546 1672 quoque

330 1697 605 1740 instrumenta
642 1694 852 1740 sonantia.
881 1693 941 1737 lbi
969 1693 1081 1736 enim
1119 1691 1303 1747 primum
1347 1688 1542 1744 quidem,

331 1775 372 1811 ιιι
398 1768 502 1811 nibil
523 1766 575 1812 ad
597 1766 790 1811 festivam
814 1765 1000 1810 lxetltiam
1024 1766 1242 1820 pertinens
1263 1761 1396 1813 desit,
1421 1772 1543 1805 reso·

328 1845 398 1881 nat
422 1850 550 1883 sonus
566 1837 691 1887 tubae,
714 1843 854 1880 terror
874 1835 1066 1883 videlicet
1087 1834 1217 1878 divini
1237 1833 1418 1883 timoris,
1442 1831 1542 1888 quia

327 1909 485 1951 initium
507 1908 714 1963 sapientia·
747 1908 779 1950 ιι·
795 1920 868 1950 nor
890 1905 1055 1949 Domini·
1080 1904 1214 1962 (Psoi.
1237 1916 1305 1955 cx,
1332 1903 1419 1960 to).
1459 1902 1540 1946 So—

325 1986 398 2023 nat
435 1991 599 2036 quoqne
636 1978 878 2035 psalterium
908 1977 1029 2020 bonae
1059 1976 1266 2027 actionis,
1300 1981 1342 2019 et
1377 1974 1540 2018 cithara

329 2050 406 2107 15
417 2049 646 2105 corporalis
659 2046 1011 2099 mortificationis:
1030 2054 1152 2091 sonat
1173 2054 1419 2104 tympanum
1439 2046 1540 2091 ahs-

327 2123 534 2172 tinentiae,
558 2127 601 2166 et
628 2122 783 2172 chorus
803 2122 1057 2167 concordiae.
1090 2121 1268 2166 chordae
1289 2133 1378 2167 non
1413 2121 1540 2165 silent

326 2203 479 2239 mutua:
498 2194 819 2247 exhortationis,
844 2207 923 2239 nec
941 2206 1100 2251 organa
1116 2195 1329 2252 religiosae
1358 2205 1539 2238 conver-

325 2266 513 2310 sationis.
538 2265 658 2309 Absit
674 2266 846 2309 omnino
862 2271 907 2308 ut
935 2265 1086 2308 sileant
1117 2264 1176 2307 ibi
1214 2264 1406 2321 cymbala
1429 2263 1538 2308 bene

324 2338 458 2391 (Psal.
483 2337 549 2392 ci.)
567 2340 783 2388 sonantia,
809 2345 1049 2380 sanctorum
1076 2337 1384 2388 contubernia;
1409 2349 1538 2393 supe-

323 2411 434 2451 riora
469 2409 549 2451 sibi
578 2409 755 2453 invicem
787 2409 1067 2461 arbitrantia;
1100 2417 1142 2453 et
1163 2409 1258 2454 ideo
1287 2409 1447 2455 honore
1468 2410 1536 2454 in-

322 2483 454 2523 xicem
475 2482 782 2536 przcvenientia.

375 2552 478 2594 xlll.
516 2553 620 2596 Ecce
634 2565 758 2610 qnam
779 2552 1187 2608 festivaJ’ucnnditas
1218 2561 1260 2599 et
1296 2566 1427 2610 quam
1462 2554 1536 2610 ju·

321 2622 455 2664 cunda
482 2623 683 2666 festivitas
713 2625 833 2669 nobis
855 2629 1047 2682 provenit
1069 2642 1120 2673 ex
1154 2630 1336 2674 adventu
1380 2630 1534 2689 Sponsi

321 2694 463 2736 vestri.
485 2693 589 2746 Quia
614 2696 735 2739 turba
759 2697 910 2750 multa,
933 2711 1027 2754 qua:
1047 2701 1243 2744 convenit
1259 2701 1311 2744 ad
1333 2701 1445 2746 diem
1471 2702 1532 2747 se-

321 2775 430 2808 stum
454 2766 580 2817 bunc,
603 2767 831 2812 Ecclesiam
849 2770 999 2827 loquor
1020 2772 1282 2819 internarum
1305 2776 1531 2833 cogitatio·

320 2850 456 2881 num:
487 2840 692 2894 siquidem
729 2841 912 2898 reliquia:
941 2845 1199 2900 coqitatiom's
1237 2846 1343 2891 diem
1380 2849 1531 2905 sertum

318 2920 434 2968 oyem
452 2910 622 2955 Domino
646 2912 779 2968 (Paul.
802 2927 925 2978 cxxv,
943 2917 1028 2974 il),
1043 2918 1137 2963 ideo
1161 2917 1236 2977 [al.
1257 2926 1384 2978 atque
1405 2923 1528 2983 adeo]

318 2982 469 3034 gaudet
490 2984 639 3038 gaudio
680 2998 849 3042 magno,
874 2997 916 3031 et
941 2990 1091 3045 jubilat
1132 2992 1179 3035 in
1206 2993 1525 3042 vociteratione.

319 3051 613 3098 Verumtamen
630 3056 674 3098 in
698 3057 777 3101 hoc
793 3059 922 3104 nolite
944 3063 1109 3116 privato
1134 3066 1287 3121 gaudio
1322 3069 1523 3123 gaudere,

319 3125 429 3180 quod
453 3127 511 3168 sic
530 3128 770 3182 epulamini,
799 3137 839 3174 et
862 3133 923 3175 sic
944 3135 1135 3189 gaudetis
1148 3138 1166 3190 ;“
1185 3149 1263 3181 nec
1293 3137 1448 3186 dicatis
1484 3142 1527 3185 in

319 3194 573 3241 abundantia
595 3205 750 3250 vestra,
773 3203 884 3255 quod
902 3216 985 3247 non
1018 3208 1287 3252 movebimini
1325 3210 1368 3253 in
1403 3218 1526 3257 aeter-

319 3277 419 3309 num
444 3267 575 3322 (mat.
602 3281 717 3321 xxix,
743 3272 801 3327 7),
827 3276 923 3328 quia
942 3287 991 3318 ex
1023 3277 1200 3335 abrupto
1245 3280 1459 3327 auferetur
1501 3296 1525 3327 a

317 3337 437 3380 vobis
464 3339 664 3394 Sponsus,
689 3349 730 3385 et
751 3348 850 3386 tunc
872 3346 1142 3402 jejunabitis;
1167 3358 1210 3394 et
1230 3363 1339 3407 quos
1382 3354 1525 3412 lugere
1551 3370 1584 3413 D

317 3420 487 3453 necesse
506 3424 587 3455 non
609 3411 686 3455 suit
733 3418 918 3470 quandiu
958 3418 1051 3470 suit,
1081 3421 1300 3477 plorabitis
1334 3438 1386 3471 eo
1419 3429 1524 3473 sub-

317 3486 449 3557 tracto
472 3481 637 3536 (unuh.
669 3497 727 3535 ix,
753 3487 837 3543 ¹5).
881 3488 1026 3534 Subito
1067 3506 1263 3550 namque,
1289 3496 1390 3544 dum
1425 3513 1523 3546 eum

316 3556 481 3600 tenetis,
505 3562 724 3599 evanescet
750 3558 803 3600 ab
823 3561 957 3604 oculis
997 3564 1177 3620 vestris;
1216 3575 1258 3612 et
1294 3569 1394 3615 dum
1424 3585 1523 3618 eum

315 3622 626 3697 amplectimini,
644 3629 808 3672 exsiliet
833 3630 884 3674 de
923 3636 1117 3682 manibus
1160 3642 1333 3695 vestris;
1377 3644 1523 3702 sicque

313 3688 550 3743 declinabit,
565 3701 686 3750 atque
703 3701 913 3745 transiliit.
935 3703 1017 3748 Sed
1035 3707 1090 3749 ita
1106 3717 1520 3772 oportetsuspiretis,

315 3760 356 3838 ιιι
374 3762 560 3807 absentia
573 3769 850 3825 abscedentis,
876 3781 921 3816 ut
942 3778 984 3819 in
1009 3791 1084 3835 spe
1104 3786 1315 3829 reversuri
1337 3791 1520 3846 respire-

314 3836 384 3910 ιιι.
407 3835 502 3889 quia
525 3839 594 3891 qui
622 3842 780 3886 recedit
802 3853 846 3887 ut
886 3848 1099 3895 fastidium
1140 3856 1319 3911 auferat,
1345 3868 1388 3906 et
1432 3864 1519 3907 ela·

313 3908 492 3955 tionem3
518 3910 666 3953 redibit
690 3914 888 3971 proiecto,
915 3929 959 3964 ut
981 3925 1219 3972 aviditatem
1243 3931 1449 3987 conserat,
1475 3943 1519 3981 et

312 3976 653 4024 immolationem.
685 3984 761 4028 Cui
793 3987 847 4030 sit
871 3990 1005 4035 honor
1028 4001 1069 4039 ct
1097 3998 1230 4053 gloria
1267 4015 1343 4058 per
1374 4010 1517 4053 omnia

313 4047 464 4088 saecula
485 4052 747 4098 saeculorum.
775 4058 920 4106 Anien.

774 4128 950 4177 SERMO
983 4136 1052 4184 lV.

501 4204 599 4237 ιτιιι
632 4208 824 4245 nominet
849 4216 860 4245 ι
882 4219 919 4249 ιιι
944 4221 1130 4258 ιιιιτιιτυ
1160 4229 1319 4264 noum.

310 4258 534 4342 &uma
554 4269 718 4313 miserie
733 4272 922 4329 hominis,
945 4283 1045 4327 etde
1060 4286 1248 4344 beneficio
1267 4295 1493 4346 Salvator-is

311 4331 504 4380 bramis
530 4350 742 4387 mucuns.
766 4370 820 4378 -
837 4349 872 4391 1.
896 4350 1017 4398 Venit
1035 4356 1226 4406 Salvator
1249 4373 1293 4409 ut
1314 4369 1509 4426 redimat,

1557 2307 1590 2354 C

1202 86 1367 133 ADAtn
1395 67 1978 127 PRAEMONSTRATENSIS

1588 4377 1738 4433 juvant
1759 4385 1816 4430 te.
1842 4382 2041 4437 Quandiu
2066 4384 2110 4429 in
2131 4398 2237 4445 pace
2257 4386 2407 4431 humili
2429 4399 2528 4432 cum
2568 4382 2663 4432 Deo
2705 4394 2768 4431 ste
2782 4384 2802 4460 ·-
2823 4439 2825 4442 .

2785 66 2807 112 Ι
2833 80 2851 106 ι’

1680 165 1886 207 liberator
1904 165 1950 205 ut
1976 158 2130 207 solvat,
2159 159 2380 211 protector
2418 158 2466 196 ut
2503 150 2721 199 defendat.
2743 174 2802 189 -—-
2856 160 2858 162 ’

1679 221 1715 263 Α
1736 220 1856 274 lapsu
1873 218 2002 260 bomo
2026 213 2239 256 obnoxius
2265 221 2418 275 poenag,
2443 209 2596 266 eulpae,
2619 210 2791 256 tentati

1678 300 1733 308 --
1756 273 1796 317 3.
1816 271 1986 328 Triplex
2008 269 2371 327 felicitas-naturae
2390 270 2580 320 integrae,
2606 266 2703 310 etia
2718 285 2724 305 ι
2740 299 2749 305 ,
2767 285 2783 304 -.-
2853 271 2866 318 3*

1678 330 1722 376 4,
1747 328 1858 372 Deus
1880 326 1996 371 venit
2021 335 2247 369 assumens
2272 321 2386 378 quod
2403 333 2490 364 non
2508 325 2617 372 erat,
2629 326 2672 366 et
2689 333 2758 366 ma

1679 383 1794 441 quod
1813 389 1920 427 erat.
1943 406 1998 414 --
2019 381 2060 425 5.
2087 377 2468 435 Appropinquavit,
2482 384 2526 421 et
2545 377 2691 422 carnis
2707 389 2779 423 no
2824 380 2856 440 fg

1684 439 1955 485 infirmitates
1990 437 2190 493 portavit.
2227 459 2283 466 -—
2306 433 2348 478 6.
2390 431 2556 488 Ligatis
2595 433 2853 479 vulneri

1679 496 1907 551 infusoque
1928 494 2037 542 oleo,
2058 492 2256 547 Jumcnto
2276 488 2539 533 Samaritani
2577 500 2692 546 aeger
2726 491 2786 535 im
2804 495 2854 551 ,μζ

1681 553 1812 596 nitur.
1831 575 1887 582 --
1905 548 1943 591 7.
1968 546 2142 604 Triplex
2172 545 2429 590 beneficium
2471 543 2728 590 Salvatoris.
2752 567 2847 605 -ῃ

1681 607 1870 651 Primum
1904 604 2034 648 estin
2074 603 2154 646 fide
2191 600 2530 662 Redemptionis,
2554 613 2685 656 quam
2719 612 2772 646 eo
2816 652 2823 661 ‚

1680 675 1771 713 ore.
1792 658 1936 707 fronte
1957 664 2194 716 gestamus.
2217 682 2270 689 —-
2295 656 2340 701 9.
2373 655 2620 702 Secundum
2645 657 2691 703 in
2706 657 2792 703 libe
2833 662 2846 670 '

1682 720 1798 765 tione
1818 729 1843 761 a
1865 717 2071 761 servitute
2095 714 2278 771 peccati.
2295 737 2351 744 -
2374 713 2443 756 io.
2481 710 2631 756 Status
2675 713 2817 771 religi:

1679 774 1858 819 libertas
1881 777 1924 815 et
1946 770 2149 828 dignitas.
2175 793 2232 801 —
2255 769 2323 813 11.
2349 768 2454 812 Tam
2479 766 2556 824 qui
2582 780 2607 812 a
2630 767 2758 826 longe
2810 789 2812 792 ·

1680 836 1850 879 nerant,
1874 838 2004 883 quam
2027 826 2101 883 qui
2128 837 2262 882 prope
2282 825 2443 868 inventi
2467 828 2585 874 sunt,
2605 823 2765 870 debent
2806 844 2812 863 ι

1682 887 1832 931 neiicio
1859 882 2110 928 salvatoris,
2135 881 2274 924 -12
2314 880 2506 924 Tertium
2528 885 2596 924 est
2628 880 2674 923 in
2720 894 2749 928 ιι
2771 900 2800 918 ι

1683 943 1823 988 ctione
1847 945 2006 984 nostrae
2027 937 2291 982 infirmitatis
2316 938 2359 980 in
2384 937 2514 981 bello.
2542 958 2600 968 —-
2622 936 2692 980 ¹3.
2731 935 2820 982 Ben

1683 999 1779 1042 ticio
1805 995 2064 1053 adoptionis,
2090 992 2202 1050 quod
2228 992 2430 1037 Christus
2448 998 2515 1036 est
2537 1003 2615 1048 per
2645 997 2802 1036 natura
2849 1002 2854 1012 ’

1682 1055 1838 1111 accipit
1862 1054 1989 1109 bomo
2018 1063 2096 1107 per
2112 1050 2294 1106 gratiam
2342 1047 2486 1092 -14.
2515 1046 2762 1092 Similitudo
2805 1055 2827 1085 ι·

1733 1124 1756 1154 r
1797 1107 2078 1154 imitationem
2116 1110 2278 1149 sanctae
2314 1104 2674 1150 conversationis.
2716 1128 2773 1137 —
2797 1105 2816 1149 ¹

1699 1167 1829 1222 niqua
1849 1163 2061 1208 affectatio
2097 1161 2234 1217 angeli
2281 1165 2502 1217 apostatae,
2527 1172 2649 1216 aequa
2681 1171 2813 1206 conse

1679 1222 1825 1266 tientis
1846 1231 1943 1265 cum
1965 1219 2188 1262 voluntate
2212 1215 2305 1261 Dei.
2330 1216 2472 1260 -16.
2498 1215 2545 1260 ln
2561 1229 2648 1272 quo
2668 1217 2821 1262 merita

1681 1277 1890 1322 consistat
1933 1273 2287 1328 justitia—17.
2326 1272 2529 1318 Christus
2569 1273 2614 1316 in
2655 1284 2708 1317 eo
2751 1285 2828 1330 qn·

1679 1334 1836 1435 ligisno,
1861 1330 2123 1383 imitan‹lus;
2153 1329 2200 1373 in
2227 1341 2281 1374 eo
2308 1328 2591 1388 quodxneus,
2616 1327 2815 1374 desidera
2832 1395 2839 1417 i

1677 1462 1853 1508 Fratres
1887 1459 2174 1513 dilectissimi,
2198 1459 2433 1516 patienter.
2473 1464 2521 1504 ιιι
2559 1458 2717 1513 sentio,
2742 1448 2835 1505 su!

1622 1538 1734 1582 netis
1755 1535 1931 1580 verbum
1947 1533 2163 1590 prolixum
2187 1532 2241 1578 de
2266 1532 2452 1578 adventu
2472 1531 2632 1590 Sponsi
2648 1538 2693 1579 et
2730 1533 2785 1580 de
2809 1552 2815 1573 ι

1622 1610 1734 1654 liciis
1758 1608 1961 1666 Spiritus,
1985 1612 2115 1665 atque
2160 1606 2214 1655 de
2258 1606 2430 1652 interno
2475 1607 2635 1664 gaudio
2672 1606 2822 1653 menti

1621 1682 1735 1740 quod
1758 1682 1802 1725 in
1821 1680 1964 1724 anima
1985 1679 2140 1723 devota
2164 1677 2328 1725 infusio
2352 1678 2493 1736 gignit
2508 1683 2674 1724 sanctae
2695 1680 2816 1726 uncti

1620 1755 1690 1798 nis
1710 1753 1938 1812 patienter,
1963 1751 2158 1808 inquam,
2182 1750 2429 1803 sustinetis,
2454 1750 2574 1808 quia,
2595 1750 2715 1809 quod
2756 1750 2826 1797 for

1621 1827 1795 1879 auditis,
1819 1829 1936 1870 intus
1967 1826 2156 1871 sentitis.
2201 1823 2292 1870 Nee
2336 1823 2611 1869 solummodo
2654 1825 2700 1869 in
2742 1825 2827 1871 vob

1618 1902 1738 1945 auris
1756 1900 1884 1946 verba
1911 1899 2136 1956 dijudicat,
2161 1898 2237 1943 sed
2255 1903 2299 1942 et
2340 1896 2490 1944 fauces
2529 1910 2746 1956 saporem.
2777 1896 2829 1943 V

1618 1978 1860 2019 rumtamen
1883 1978 2051 2029 oportet
2078 1978 2126 2016 ιιι
2147 1977 2191 2016 et
2216 1972 2271 2016 de
2291 1970 2529 2016 Salvatoris
2554 1971 2739 2016 adventu
2786 1979 2812 2015 a·
2834 1982 2840 1985 ⁴

1618 2048 1719 2105 quid
1747 2049 1988 2105 loquamur,
2013 2052 2056 2091 et
2077 2045 2265 2103 qualiter
2287 2045 2328 2090 ei
2371 2055 2602 2090 occurrere
2630 2043 2840 2091 debeamu

1617 2121 1910 2166 ostendamus.
1930 2118 2060 2164 Venit
2085 2119 2230 2176 itaque
2255 2117 2456 2163 Salvator
2479 2122 2640 2172 vester,
2659 2117 2844 2163 lactamin

1618 2194 1661 2239 in
1686 2193 1866 2238 Domino
1888 2198 1931 2238 et
1950 2193 2164 2238 exsultate
2184 2192 2360 2250 captivi,
2381 2197 2426 2236 et
2448 2190 2690 2249 gloriamini
2714 2203 2782 2235 om
2825 2210 2836 2229 ·-

1618 2266 1755 2323 (Psal.
1779 2279 1901 2319 xxxi,
1928 2266 2014 2322 ll),
2041 2266 2113 2322 qui
2141 2265 2338 2310 clamatis
2363 2263 2418 2307 ad
2455 2263 2683 2308 Dominum
2727 2276 2755 2307 a
2800 2262 2847 2325 ss

1614 2343 1675 2386 cie
1703 2341 1960 2393 tribulantis,
1978 2341 2079 2397 qnia
2102 2340 2192 2396 iam
2232 2338 2366 2383 mittit
2399 2338 2524 2384 vobis
2543 2337 2794 2382 salvatorem
2840 2342 2849 2382 «ἶ

1609 2421 1974 2471 propuynatorem,
1995 2414 2066 2471 qui
2088 2412 2232 2456 liberet
2255 2426 2328 2456 vos
2369 2410 2496 2470 (lsai.
2538 2424 2631 2464 xix,
2654 2409 2746 2470 20).
2793 2417 2834 2449 ¹1⁴

1613 2489 1725 2532 sicut
1744 2499 1907 2531 vacuus
1933 2499 2019 2531 non
2044 2486 2178 2541 venit,
2206 2485 2310 2542 quia
2356 2486 2476 2530 venit
2518 2484 2674 2542 plenus
2712 2488 2808 2542 grat
2835 2527 2845 2546 ·.

1610 2567 1654 2606 et
1679 2560 1870 2606 veritatis
1903 2558 2045 2618 (loon.
2074 2571 2106 2612 ι,
2133 2559 2219 2616 14),
2245 2572 2323 2615 per
2345 2570 2473 2616 quem
2498 2558 2639 2616 gratia
2661 2563 2705 2603 et
2762 2579 2763 2582 =
2785 2588 2792 2594 -
2830 2597 2843 2626 .·

1611 2638 1678 2678 tas
1702 2633 1815 2677 saeta
1836 2639 1904 2678 est
1932 2649 1940 2677 :
1970 2633 2028 2677 ita
2051 2646 2131 2677 nec
2156 2633 2211 2677 ad
2232 2633 2317 2676 boc
2341 2635 2477 2683 venit,
2503 2639 2550 2676 ut
2584 2634 2640 2678 sit
2673 2632 2762 2677 otio
2815 2656 2844 2667 ·

1610 2705 1815 2762 quoniam
1837 2705 1892 2750 ad
1928 2706 2012 2751 hoe
2055 2705 2191 2758 venit,
2215 2710 2264 2749 ιιι
2306 2705 2509 2759 redimat,
2533 2711 2582 2750 ut
2625 2705 2783 2758 solvat,
2841 2752 2843 2758 ,

1610 2777 1827 2823 defendat.
1858 2777 1914 2822 Ut
1942 2777 2128 2823 redimat
2174 2778 2385 2835 captivos,
2413 2779 2553 2823 solvat
2594 2779 2785 2831 vinctos,
2821 2794 2838 2801 ··

1609 2850 1810 2895 defendat
1833 2851 2064 2897 infirmos·
2093 2850 2291 2895 Salvator
2321 2852 2486 2905 dulcis,
2507 2853 2720 2896 liberator
2739 2851 2829 2918 Ιιι.Ι

1608 2929 1824 2979 protector
1849 2923 1991 2968 fortis.
2021 2923 2120 2968 llaec
2142 2925 2225 2968 tria
2254 2925 2464 2982 propheta
2491 2925 2617 2983 (lsai.
2659 2935 2758 2978 xix,
2788 2931 2795 2939 ’
2821 2926 2835 2941 ·“

1607 3008 1693 3039 ιιοιι
1717 2997 1870 3050 tacuit,
1888 2998 1961 3055 qui
1985 2999 2171 3043 asseruit
2195 3011 2219 3041 a
2246 2999 2428 3044 Domino
2451 2998 2711 3044 mittendum
2768 3005 2778 3013 “
2816 3001 2838 3042 ,’

1606 3080 1800 3119 vatorem
1826 3090 1836 3118 ε
1867 3087 1948 3118 nec
1972 3075 2102 3118 modo
2126 3074 2414 3128 Salvatorem,
2440 3075 2516 3120 sed
2539 3079 2583 3119 et
2606 3085 2759 3132 propu
2786 3095 2790 3113 ι
2823 3082 2839 3127 ,·

1604 3152 1759 3201 torem,
1784 3153 1826 3192 et
1852 3149 1904 3191 ad
1937 3149 2035 3202 hoc,
2060 3154 2107 3191 ιιι
2150 3149 2322 3194 liberet.
2373 3147 2422 3193 ln
2458 3147 2685 3193 Salvatore
2721 3147 2782 3198 iss

1605 3219 1958 3281 redemptionem,
1984 3221 2028 3266 in
2054 3222 2287 3266 liberatore
2313 3223 2652 3276 absolutionem,
2675 3222 2720 3266 in
2743 3234 2772 3280 p
2810 3272 2822 3283 „

1603 3298 1842 3349 pugnatore
1871 3299 2018 3338 notate
2059 3295 2388 3351 protectionem.
2437 3295 2641 3353 Respiret
2682 3294 2759 3354 qui

1607 3365 1853 3420 captivitate
1897 3366 2191 3423 deprehensus
2235 3374 2302 3414 est
2342 3383 2353 3413 ε
2389 3369 2509 3415 venit
2561 3366 2810 3425 Salvator,'‘

1603 3437 1785 3479 redimat
1806 3449 1828 3479 a
1854 3438 2043 3483 miseriis
2066 3441 2394 3497 suppliciorum.
2422 3440 2576 3499 Speret
2595 3441 2673 3499 qui
2695 3443 2769 3487 in
2790 3463 2799 3478 s
2827 3489 2829 3493 ,

1602 3510 1796 3564 ptis-itate
1819 3511 1976 3567 ligatus
2002 3514 2228 3557 estzvenit
2250 3514 2458 3558 liberator
2482 3519 2532 3558 ut
2548 3514 2686 3559 solvat
2708 3523 2734 3559 a
2765 3509 2770 3514 ’

1601 3582 1710 3626 culis
1727 3589 2020 3637 peecatorum.
2045 3585 2243 3630 Conlidat
2266 3586 2340 3643 qui
2368 3587 2409 3631 in
2434 3587 2684 3633 infirmitate
2716 3582 2804 3632 π’

1600 3652 1772 3698 bundus
1787 3659 1855 3698 est
1881 3657 2027 3700 :venit
2047 3661 2283 3713 protector,
2310 3665 2359 3702 ut
2378 3656 2581 3703 defendat
2604 3672 2629 3704 a
2653 3659 2812 3704 servi

1600 3723 1677 3781 [al.
1706 3726 1927 3785 servitute]
1951 3730 2254 3775 tentationum.
2813 3718 2815 3722 ⁵

1652 3796 1701 3841 ll.
1728 3797 1839 3843 Eece
1889 3812 2019 3856 quam
2061 3802 2402 3848 misericorditer
2446 3809 2591 3849 tecum
2634 3806 2793 3862 agitur,
2823 3826 2830 3843 ι

1597 3868 1724 3914 bomo
1751 3886 1762 3924 ;
1790 3884 1943 3931 magna
1962 3880 2028 3920 est
2052 3874 2126 3921 Dei
2150 3877 2215 3921 tui
2257 3878 2555 3923 misericordia
2593 3891 2727 3936 super

1596 3956 1752 4000 magna
1793 3951 1875 3999 est,
1903 3947 2096 4004 inquam,
2131 3949 2429 3995 misericordia
2473 3963 2552 3996 sua
2601 3960 2733 4008 super
2776 3957 2838 4033 ψ

1595 4018 1695 4084 quia
1719 4024 1761 4062 et
1785 4031 1939 4076 magna
1963 4026 2031 4066 est
2053 4034 2182 4078 super
2201 4028 2244 4066 te
2278 4024 2451 4068 miseria
2489 4029 2579 4068 tua.
2622 4023 2749 4081 Depri
2793 4044 2832 4093 a,

1594 4087 1698 4132 bant
1710 4094 1754 4134 te
1778 4103 1928 4147 poenae,
1947 4093 2128 4138 redemit
2150 4101 2209 4140 te.
2236 4095 2493 4154 Ligaverant
2511 4102 2557 4141 te
2577 4097 2733 4154 culpae,
2756 4095 2816 4144 a&
2908 4139 2911 4147 ,

1594 4161 1722 4205 solvit
1743 4167 1799 4207 te.
1826 4163 2105 4212 Tentationes
2126 4169 2319 4226 quotidie
2343 4169 2525 4228 fatigant
2563 4174 2625 4220 te.
2650 4174 2696 4215 et
2740 4183 2823 4212 u:

2833 3109 2843 3160 Δι-
2832 3043 2839 3077 ‘³‘-

2832 3192 2856 3541 --Μ’-ὗ·

2809 3547 2847 3675 τιμε-ὲ-

2828 3678 2834 3686 ι

2828 3692 2839 3706 ·,

1593 4233 1858 4281 incessanter
1878 4242 2023 4285 tuetur
2046 4246 2104 4285 te.
2133 4240 2233 4286 Haee
2271 4246 2392 4287 tanta
2428 4243 2541 4286 mala
2562 4246 2651 4286 'tua
2695 4253 2765 4286 an·
2792 4265 2795 4275 =
2906 4246 2921 4295 ζ·

1592 4310 1708 4349 stant
1733 4313 1800 4362 te;
1822 4308 1913 4354 haec
1934 4311 2018 4355 tria
2040 4313 2154 4361 bona
2190 4313 2303 4358 dona
2329 4315 2413 4372 1ss
2436 4313 2606 4360 Domini
2650 4316 2716 4358 tui
2746 4326 2808 4358 a‘
