2924 4588
334 71 445 144 tais

331 269 460 305 terrae
489 258 678 302 medium
712 257 846 300 lilium
885 253 1101 305 Joachaz,
1127 262 1171 299 et
1220 254 1449 298 constituit
1486 267 1585 298 eum

331 328 473 389 regem
498 307 579 387 pro
606 336 728 387 patre
766 343 878 382 suo;
908 330 983 384 qui
1013 329 1151 371 tribus
1174 327 1398 371 mensibus
1419 332 1587 370 tantum

330 402 527 457 regnavit
564 401 610 442 in
632 389 893 444 Jerussslem.
921 398 1027 440 Natu
1047 428 1060 449 ,
1088 406 1132 440 ut
1165 397 1272 441 dicit
1293 397 1587 453 Paralipome-

336 485 443 524 non,
463 472 641 516 veniens
666 470 836 514 Pharao
859 460 1034 514 Nechao
1053 483 1127 513 rex
1145 467 1320 525 AEgypti
1346 470 1390 512 in
1411 467 1589 513 Jerusa-

331 546 432 596 lem,
462 532 622 586 amoffi
646 556 762 593 euni,
790 549 831 587 et
857 542 1063 600 imposuit
1086 543 1292 585 mulctam
1326 548 1450 585 terrae
1485 553 1589 585 cen-

331 623 423 659 tum
465 615 627 673 talenta
662 615 855 671 argenti,
898 620 942 658 et
967 627 1102 657 unum
1131 615 1256 666 auri,
1296 619 1339 657 et
1362 614 1590 658 constituit

331 698 477 743 regem
499 698 579 743 pro
606 697 656 731 eo
682 685 860 730 fratrem
901 687 996 742 ejus
1034 686 1369 742 primogenitum
1409 685 1588 747 Eliacim

332 760 418 805 sibi
456 760 736 803 tributarium
783 757 865 815 (11
913 757 1064 801 Paret.
1107 757 1282 814 xxxvi).
1329 757 1380 800 Et
1422 765 1588 803 mutato

333 832 508 877 nomine
547 832 719 876 vocavit
747 843 846 876 eum
883 830 1053 874 Joakim
1072 863 1084 883 ,
1123 839 1168 874 ut
1193 829 1374 874 mutatio
1400 832 1589 876 nominis

331 911 446 950 esset
472 904 644 959 signum
680 903 982 958 subjectionis,
1006 909 1048 946 et
1073 903 1198 946 duxit
1223 914 1374 947 secum
1401 900 1588 947 Joachaz

333 980 379 1022 in
398 978 500 1021 dolo
518 1009 529 1027 ‚
563 977 644 1021 sub
678 988 754 1031 spe
788 975 1031 1019 honorandi
1062 988 1160 1019 eum
1184 975 1226 1018 in
1255 974 1460 1032 AEgypto.
1480 973 1588 1019 Nam

332 1064 430 1094 cum
451 1049 641 1094 venisset
657 1048 701 1091 in
715 1046 894 1090 Reblata
910 1046 1049 1090 vinxit
1071 1058 1188 1097 eum,
1211 1052 1253 1089 et
1273 1047 1453 1102 ligatum
1470 1045 1590 1088 misit

332 1135 429 1167 eum
457 1123 500 1166 in
516 1133 733 1165 carcerem
756 1121 800 1163 in
822 1119 1027 1177 AEgypto.
1053 1133 1068 1160 ι
1099 1117 1235 1162 Porro
1249 1116 1418 1162 Joakim
1440 1117 1590 1174 viginti

331 1198 521 1251 quinque
555 1206 764 1237 anitiorum
798 1200 920 1241 erat,
958 1205 1058 1235 cum
1083 1203 1268 1247 regnare
1292 1190 1517 1248 coepisset,
1545 1196 1587 1234 et

332 1268 532 1313 undecim
558 1267 684 1310 annis
710 1268 905 1323 regnavit
930 1267 974 1309 in
995 1263 1235 1309 Jerusalem
1258 1296 1270 1314 ,
1296 1271 1339 1307 et
1366 1263 1469 1307 fecit
1494 1274 1588 1306 ma·
1612 1252 1644 1295 Β

330 1344 421 1386 1ιιιιι
447 1353 594 1386 coram
617 1340 799 1384 Domino
810 1341 934 1395 Juxta
955 1339 1101 1383 omnia
1120 1350 1214 1393 quae
1235 1336 1423 1381 fecerant
1438 1342 1586 1393 patres

330 1416 446 1471 ejus.
477 1428 490 1455 ι
514 1413 710 1468 Cumque
729 1416 929 1468 argueret
944 1424 1042 1456 eum
1069 1410 1198 1455 Urias
1221 1410 1446 1466 propheta,
1465 1422 1584 1454 com·

333 1487 524 1533 minatus
547 1491 614 1530 est
637 1485 675 1529 ci
710 1486 835 1528 valde
854 1517 866 1535 ,
891 1490 934 1529 e't
976 1483 1082 1541 sugit
1108 1483 1234 1528 Urias
1261 1484 1304 1526 in
1329 1482 1583 1539 AEgyptum.

333 1561 386 1605 Et
403 1561 519 1605 misit
543 1565 639 1616 post
661 1571 758 1603 oum
784 1557 969 1608 sontium
993 1564 1034 1602 et
1054 1557 1227 1601 reduxit
1251 1569 1365 1608 eum,
1384 1562 1426 1600 et
1448 1553 1586 1599 morte

332 1635 584 1691 turpissima
611 1631 827 1676 interfecit
860 1644 978 1676 eum.
1012 1632 1137 1676 Anno
1161 1637 1316 1687 quarto
1342 1631 1463 1686 regni
1484 1628 1585 1674 Joa·

331 1709 421 1753 kim
448 1710 579 1764 coepit
618 1719 799 1763 regnare
845 1707 888 1749 in
927 1706 1145 1762 Babylone
1165 1699 1583 1753 Nabuchodonosor.

331 1781 404 1837 qui
426 1782 538 1824 victo
561 1791 661 1836 ruge
687 1777 882 1835 AEgypti,
917 1778 1014 1820 tulit
1038 1782 1210 1829 onmia,
1232 1789 1328 1834 quae
1367 1778 1464 1834 ejus
1500 1778 1589 1822 sue-

331 1860 458 1906 rant,
485 1868 509 1897 a
549 1855 642 1898 rivo
676 1851 855 1909 AEgypti
885 1864 1022 1908 usque
1049 1852 1102 1895 ad
1125 1851 1281 1895 flumen
1307 1851 1587 1908 Euphratem,

331 1936 374 1973 et
399 1929 619 1973 transiens
645 1927 927 1984 Euphratem,
953 1938 1125 1970 omnem
1153 1925 1324 1983 Syriam
1372 1938 1511 1982 usque
1534 1924 1589 1967 ad

331 2003 552 2049 Pelusium
585 2002 730 2058 cepit,
776 2006 933 2058 praeter
956 1996 1148 2043 Judaeam
1194 1998 1279 2055 (IV
1318 1997 1417 2054 [ἔρῃ.
1451 1999 1588 2055 xxiv).

331 2077 468 2122 Porro
489 2089 604 2120 anno
629 2082 784 2131 quarto
803 2072 971 2117 Joakim
986 2104 997 2125 ,
1020 2073 1192 2117 locutus
1215 2080 1282 2116 cst
1305 2070 1516 2116 Jcremias
1535 2070 1588 2114 ad

331 2135 506 2198 onincm
525 2152 735 2207 populum
753 2147 880 2199 Juda,
895 2154 936 2192 ct
959 2147 1013 2191 ad
1027 2148 1143 2191 cives
1155 2145 1394 2196 Jerusalem
1409 2145 1588 2190 dicens:

337 2242 352 2269 ι
382 2226 418 2271 Α
444 2224 757 2270 tertiodecimo
804 2234 917 2265 anno
945 2220 1074 2265 Josiae
1110 2221 1281 2265 locutus
1323 2233 1419 2263 sum
1465 2218 1590 2264 vobis

331 2303 464 2344 rerba
494 2298 734 2349 Domini‚ct
756 2296 885 2339 bodie
907 2302 980 2344 est
994 2295 1226 2340 vicesimus
1251 2295 1406 2337 tertius
1430 2307 1586 2348 annus,
1610 2329 1645 2376 c

333 2382 376 2417 et
402 2386 488 2420 non
514 2371 698 2415 audistis
732 2383 816 2413 mc.
838 2369 1076 2424 Propterea
1099 2367 1189 2410 brec
1217 2366 1323 2410 dicit
1346 2365 1586 2411 Dominus:

332 2445 579 2490 Adducam,
603 2455 776 2488 servum
828 2454 972 2485 meum
1013 2440 1418 2492 Naimchodonosor
1459 2453 1591 2496 super

333 2526 496 2565 terram
520 2520 651 2570 banc,
682 2524 723 2562 et
749 2529 879 2573 super
903 2527 1058 2559 omnes
1074 2515 1274 2559 nationes
1291 2546 1303 2565 ‚
1335 2527 1432 2571 quae
1451 2515 1493 2558 in
1510 2515 1594 2558 cir·

334 2596 501 2640 cumitu
526 2593 621 2648 ejus
659 2597 790 2642 sum,
825 2596 868 2634 et
900 2589 1091 2634 servient
1115 2589 1204 2644 regi
1231 2588 1464 2646 Babylonis
1493 2601 1585 2645 sep·

334 2668 535 2727 tuaginta
575 2665 719 2710 annis.
745 2663 943 2720 Cumque
977 2663 1140 2719 impleti
1175 2663 1338 2707 suerint
1371 2665 1473 2708 anni
1489 2676 1590 2721 sep·

331 2744 530 2800 tuaginta
562 2739 747 2787 visitabo
790 2750 923 2794 super
944 2749 1090 2793 regem
1114 2736 1367 2794 Babylonis,
1392 2744 1435 2781 et
1459 2751 1591 2794 super

333 2825 498 2862 terram
516 2815 816 2860 Chaldaeorum
853 2811 1107 2869 iniquitates
1131 2822 1280 2854 cortun
1298 2843 1309 2863 ‚
1352 2818 1394 2854 et
1430 2823 1590 2867 ponam

333 2891 452 2932 iilam
490 2890 532 2932 in
578 2888 838 2931 solitudines
885 2886 1175 2943 sempiternas
1201 2880 1308 2940 (Jer.
1333 2895 1452 2938 xxv).
1484 2898 1499 2924 ι
1537 2882 1590 2926 Et

334 2961 605 3005 mirabantur
627 2959 743 3016 quod
769 2967 854 3003 tam
889 2958 1097 3003 audacter
1122 2956 1388 3014 loqueretur.
1416 2953 1524 3000 Nam
1545 2963 1590 3001 et

335 3035 379 3078 in
405 3033 614 3090 principio
639 3035 759 3089 regni
778 3032 946 3076 Joakim
972 3043 1071 3075 cum
1093 3037 1226 3075 staret
1253 3031 1296 3074 in
1323 3028 1446 3075 ati-iis
1478 3035 1589 3074 tem-

339 3108 413 3160 p!i,
438 3113 481 3150 ct
497 3107 708 3150 dixisset:
727 3120 741 3145 ‹
772 3104 872 3148 llaee
896 3104 1000 3148 dicit
1026 3104 1234 3148 Dominus
1250 3119 1259 3147 ;
1278 3103 1396 3148 Dabo
1411 3103 1592 3147 domum‘

337 3182 449 3223 lianc
472 3179 584 3223 sicut
603 3179 709 3230 Silo,
733 3184 773 3222 et
793 3179 944 3222 urbem
966 3178 1080 3223 hanc
1105 3179 1218 3223 dabo
1242 3179 1284 3222 in
1317 3176 1590 3223 maledictio·

339 3266 435 3295 nem
452 3284 462 3301 ,
484 3252 858 3307 apprehenderunt
882 3263 982 3294 cum
1007 3252 1261 3296 sacerdotes
1284 3257 1326 3295 et
1347 3251 1585 3306 prophetae,

335 3330 378 3367 ct
418 3325 560 3369 omnis
597 3324 783 3379 populus
814 3322 1011 3368 dicentes
1043 3339 1054 3367 :
1088 3324 1225 3367 Morte
1266 3325 1494 3368 inor-intur.
1535 3322 1588 3366 Et

336 3397 625 3442 ascenderunt
647 3397 701 3440 de
724 3396 854 3439 donno
878 3398 992 3452 regis
1017 3398 1235 3452 principes
1251 3396 1380 3448 Juda,
1399 3404 1445 3439 et
1463 3396 1585 3440 sedc—
1612 3402 1648 3446 n
1671 3396 1880 3441 Dominus
1915 3394 1969 3437 ad
1991 3392 2221 3437 Jeremiam
2241 3407 2252 3436 ε
2278 3389 2395 3436 Vade
2427 3398 2470 3437 et
2493 3391 2741 3438 introduces
2765 3405 2903 3439 omnm

338 3474 440 3512 runt
465 3470 506 3511 in
549 3473 672 3524 porta
695 3467 853 3511 domus
878 3466 1046 3511 Domini
1067 3499 1080 3519 ,
1105 3475 1147 3512 et
1169 3468 1436 3512 accusabant
1464 3465 1584 3511 Jcre-
1607 3488 1611 3490 Δ

338 3545 467 3587 miam
491 3542 740 3588 sacerdotes
762 3548 806 3586 et
821 3542 1057 3598 prophetae.
1078 3542 1159 3595 Qui
1182 3543 1406 3598 respondit
1431 3557 1442 3585 z
1468 3542 1586 3586 Misit

338 3631 407 3662 me
420 3618 644 3668 Dominus,
658 3622 702 3658 ut
718 3616 1018 3672 prophetarem
1037 3617 1264 3661 adversum
1280 3619 1420 3661 locum
1436 3618 1585 3663 istum.

340 3691 451 3734 Ecce
479 3692 523 3734 in
554 3690 754 3735 manibus
778 3692 936 3734 vestris
961 3703 1074 3745 sum,
1100 3690 1245 3742 facite,
1269 3691 1385 3748 quod
1418 3698 1584 3735 rectum

333 3769 407 3804 cst
442 3762 495 3806 -in
532 3762 672 3804 oculis
693 3763 852 3805 vestris
879 3760 984 3816 (λεν.
1010 3764 1148 3818 xxvi).
1175 3778 1189 3804 ι
1216 3761 1264 3804 Et
1292 3763 1587 3807 liberaverunt

335 3845 438 3876 cum
496 3833 713 3887 principes
758 3845 781 3875 a
837 3834 1040 3877 manibus
1080 3836 1224 3890 populi
1251 3867 1262 3885 ,
1314 3844 1356 3880 ct
1401 3840 1588 3884 maxime

340 3906 546 3957 Aicbam,
581 3907 693 3949 lilius
739 3906 951 3960 Sapham,
993 3907 1142 3952 dicens
1178 3909 1289 3964 quod
1319 3909 1518 3955 Michaeas
1543 3914 1587 3956 in

340 3980 495 4022 diebus
516 3979 708 4022 Ezechiae
748 3980 906 4021 similia
931 3981 1232 4035 praedicasset,
1274 3987 1316 4026 et
1339 3983 1462 4026 multi
1485 3996 1589 4040 pro-

342 4054 481 4108 phetae
505 4055 550 4096 in
574 4055 727 4099 diebus
750 4066 897 4108 regum
914 4085 924 4102 ‚
951 4066 1029 4097 uec
1058 4056 1222 4110 aliquid
1242 4068 1265 4097 a
1291 4057 1463 4112 regila-us
1486 4070 1587 4112 per-

342 4127 459 4182 pessi
486 4130 603 4172 sunt,
635 4125 710 4167 sed
733 4125 946 4167 honorati.
972 4125 1232 4169 Clauserunt
1257 4134 1398 4170 tamen
1429 4128 1588 4183 princi-

343 4208 421 4248 pes
462 4194 687 4237 Jereiniam
707 4226 717 4244 ,
757 4207 811 4236 ne
855 4195 1025 4248 publice
1058 4196 1327 4250 prae-litaret.
1387 4195 1589 4251 Dixitque

344 4275 450 4310 tune
472 4266 680 4310 Dominus
713 4266 766 4308 ad
794 4265 1025 4310 Jeremiam
1050 4282 1061 4310 τ
1088 4283 1103 4308 ι
1135 4267 1256 4313 Tolle
1292 4270 1519 4322 volumen,
1545 4276 1589 4314 et

346 4341 510 4383 scribes
557 4340 702 4382 omnia
726 4340 856 4384 rerba
896 4352 993 4395 quae
1017 4339 1188 4385 locutus
1215 4354 1308 4386 sum
1335 4342 1411 4385 tibi
1435 4342 1588 4386 adver-

347 4426 422 4459 sus
447 4411 627 4469 Juoaui,
663 4420 703 4456 ct
725 4413 834 4456 alias
874 4418 1022 4469 gentes
1059 4415 1257 4459 adiebus
1274 4413 1404 4460 Josiae
1451 4427 1587 4472 nsque

1210 62 1214 66 ’
1282 73 1289 84 ·’
1314 61 1318 76 ²
1343 53 1505 134 esrai
1530 64 1888 134 conasroms
1933 64 1935 66 ’

333 188 506 233 circiter
543 177 642 230 octo
679 197 816 229 annos
840 184 882 241 (1
896 183 925 226 V
944 182 1042 238 Περ.
1068 180 1212 238 xxm).
1238 180 1355 225 Tulit
1391 181 1577 237 populus
1601 182 1636 227 A
1659 181 1710 224 ad
1732 180 1846 224 diem
1866 179 2064 229 hanuet
2085 180 2338 224 convocavit
2360 178 2571 226 Ieremias
2581 180 2754 226 Baruch
2777 183 2867 227 filiu

2787 94 2898 139 ¹420

1667 252 1807 297 Neriae
1827 283 1840 305 ,
1877 259 1922 297 et
1948 252 2124 308 scripsit
2146 251 2320 295 Barucb
2345 264 2398 297 ex
2424 264 2502 298 ore
2535 251 2734 298 Jeremiae
2766 265 2866 297 omn

1668 325 1892 370 sermones
1906 324 2090 377 Domini,
2111 331 2153 370 et
2167 325 2275 368 dixit
2297 324 2350 368 ad
2363 338 2460 369 eum
2478 325 2686 376 Jeremias
2705 326 2912 371 :Clausus

1669 410 1766 442 sum
1825 409 1907 442 nec
1930 398 2051 442 valeo
2089 394 2255 455 ingredi
2275 397 2454 442 domum
2481 399 2668 442 Domini.
2693 398 2870 456 ingre-de
2893 403 2897 408 '

1667 481 1771 526 crgo
1791 475 1857 521 tu,
1878 475 1920 513 et
1942 471 2052 525 lege,
2080 481 2176 533 quae
2205 469 2421 526 scripsisti
2448 469 2493 514 in
2517 470 2587 515 die
2626 471 2780 526 jejunii
2799 508 2811 519 ,
2837 482 2911 516 au-

1667 542 1812 585 diente
1827 543 2004 597 populo,
2029 547 2073 585 et
2099 539 2329 591 universis,
2355 542 2431 598 qui
2454 542 2635 586 veniunt
2658 542 2714 588 de
2732 543 2906 590 civitati*

1667 614 1751 658 bus
1775 614 1884 657 suis.
1908 613 1961 656 Et
1983 614 2084 658 fecit
2098 614 2288 666 Barucli,
2313 616 2425 659 sicut
2457 623 2717 672 praeceperat
2738 621 2775 661 ei
2799 615 2910 662 lere-

1669 684 1811 734 mias,
1846 695 1959 740 saepe
1997 686 2143 740 legens
2178 685 2223 728 in
2259 685 2388 730 ᾶοιιιο
2420 684 2605 731 Domini.
2636 685 2814 732 Factum
2852 697 2900 734 es

1669 764 1812 802 autem
1837 758 1883 801 in
1909 770 2023 801 anno
2048 761 2200 813 quinto
2220 756 2408 812 Joakim,
2441 761 2484 803 in'
2508 773 2657 805 mense
2677 774 2791 806 nono
2809 773 2910 819 prte-

1670 830 1923 875 dicaverunt
1945 833 2157 886 jejunium
2179 834 2296 876 omni
2333 835 2492 889 populo
2519 831 2564 877 in
2587 827 2826 881 Jerusaieui
2846 868 2859 889 ,
2879 845 2911 881 ci

1671 902 1888 946 universis
1925 903 2000 958 qui
2035 902 2251 948 fluxerant
2282 905 2337 948 de
2374 904 2500 948 luda.
2533 905 2586 949 Et
2620 907 2721 963 legit
2753 904 2910 952 Bar-uc}

1671 987 1894 1018 sermones
1915 973 2113 1019 Jeremiae
2144 977 2188 1019 in
2226 978 2406 1020 introitu
2442 983 2579 1034 portae·
2605 988 2726 1023 novae
2764 971 2913 1025 domui

1671 1043 1996 1098 Domini.Quod
2012 1058 2110 1090 cum
2131 1047 2324 1092 audisset
2343 1048 2456 1093 lilius
2471 1048 2684 1093 Gamariae
2700 1050 2904 1096 Micuaeas

1671 1117 1896 1161 descendit
1914 1116 1968 1160 ad
1993 1118 2212 1175 principes
2235 1127 2278 1164 et
2297 1122 2490 1166 seniores
2511 1123 2665 1167 domus
2689 1126 2907 1182 regisfqu

1673 1191 1881 1236 sedebant
1899 1192 1940 1234 in
1955 1193 2263 1250 gazophylacio
2281 1195 2450 1238 scribae.
2471 1195 2663 1247 Quicum
2683 1199 2908 1243 nuntiasse

1667 1266 1748 1315 eis,
1776 1275 1873 1320 quae
1895 1264 2118 1317 audierat,
2139 1265 2460 1310 advocaverunt
2486 1267 2539 1311 ad
2564 1280 2612 1312 se
2631 1267 2819 1314 Barucli.
2841 1269 2908 1324 Qu

1667 1349 1766 1381 cum
1787 1337 2118 1394 legissetomnia
2134 1338 2264 1382 verba
2278 1350 2425 1382 coram
2442 1328 2524 1392 eis,
2539 1341 2872 1402 obstupuerunt,
2883 1358 2908 1388 e

1667 1410 1875 1454 dixerunt
1899 1412 1940 1455 ei
1972 1425 1984 1455 ε
2012 1411 2292 1461 Abscondere
2315 1417 2387 1463 tu,
2413 1420 2455 1457 et
2472 1412 2681 1460 Jeremias
2699 1448 2710 1466 ,
2736 1422 2778 1460 et
2801 1429 2910 1460 nem:

1666 1482 1777 1528 sci'at
1798 1484 1871 1528 ubi
1895 1483 2009 1529 sitis.
2033 1483 2086 1527 Et
2106 1484 2293 1542 ingressi
2333 1491 2436 1530 sunt
2459 1487 2512 1530 ad
2533 1501 2691 1547 regem,
2714 1491 2784 1545 qui
2805 1488 2906 1534 sede

1667 1557 1742 1602 bat
1787 1557 1833 1600 in
1863 1557 1994 1602 domo
2035 1557 2211 1602 hiemali
2242 1571 2392 1604 inense
2427 1572 2543 1603 nono
2589 1567 2632 1604 et
2671 1562 2807 1617 posita
2835 1574 2907 1608 era

1670 1632 1798 1674 arula
1823 1642 1971 1675 coram
1994 1642 2046 1674 eo
2065 1630 2191 1686 plena
2213 1633 2382 1688 prunis.
2403 1631 2599 1690 Cumque
2632 1633 2805 1690 legisset
2829 1633 2908 1683 Jud

1669 1702 1785 1747 tilius
1819 1702 2047 1747 Nathaniae
2069 1734 2080 1754 ,
2116 1708 2204 1747 tres
2239 1706 2428 1760 pagellas
2465 1706 2531 1749 vel
2559 1713 2762 1765 quatuor.
2802 1705 2912 1752 scidi

1669 1788 1746 1819 rex
1774 1775 1980 1820 volumen
2006 1776 2200 1822 scabello
2225 1778 2408 1830 scribae,
2435 1781 2682 1837 etnprojecit
2707 1781 2749 1824 iu
2785 1783 2907 1838 igneo

1670 1847 1811 1891 donec
1841 1855 2189 1892 consumeretur.
2217 1849 2485 1901 Quibusdam
2521 1858 2665 1897 tamen
2706 1855 2904 1906 contradi

1670 1918 1872 1962 centibus
1892 1950 1904 1967 ‚
1931 1921 2134 1975 praecepit
2158 1932 2232 1963 rex
2266 1922 2405 1966 servis
2429 1923 2521 1967 suis
2537 1956 2548 1976 ‚
2573 1929 2622 1967 ut
2644 1926 2906 1981 compr-eben

1670 1991 1822 2036 derent
1839 1990 2007 2035 Bar-neh
2024 1992 2332 2048 etJeremiam;
2353 1994 2559 2040 Dominus
2584 2004 2727 2042 autem
2748 1998 2906 2044 abscon

1671 2064 1735 2108 dit
1751 2076 1840 2109 eos.
1876 2061 1928 2107 Et
1960 2066 2069 2109 dixit
2111 2066 2266 2111 iterum
2304 2066 2514 2112 Dominus
2557 2068 2610 2112 ad
2653 2068 2884 2114 Jeremiatn

1673 2135 1827 2181 Scribe
1850 2148 2025 2181 rursum
2046 2138 2090 2181 in
2115 2140 2334 2202 volumine
2356 2153 2508 2184 ornnes
2535 2154 2784 2190 sermones.
2813 2157 2899 2201 quo

1672 2209 1916 2254 combussit
1948 2207 2133 2260 Joakim,
2160 2217 2202 2254 et
2233 2211 2500 2268 superaddes
2522 2217 2687 2269 plures,
2706 2224 2747 2258 ct
2773 2202 2899 2272 praeci

1672 2294 1757 2340 pue
1780 2295 1830 2327 ea
1875 2294 1971 2340 quae
1991 2282 2096 2326 diclt
2112 2283 2323 2329 Dominus
2346 2293 2495 2330 contra
2516 2285 2703 2334 Joakim.
2730 2289 2822 2334 Non
2840 2289 2901 2334 eri

1671 2368 1726 2401 ex
1750 2369 1827 2406 eo,
1849 2357 1922 2413 qui
1949 2359 2095 2401 sedeat
2129 2370 2259 2412 super
2288 2360 2446 2402 solium
2475 2357 2633 2412 David,-
2661 2367 2703 2405 et
2735 2364 2900 2410 cadave-

1671 2429 1768 2487 cJ‘us
1792 2431 2048 2488 projicietur
2075 2430 2128 2473 ad
2147 2437 2299 2487 aestum
2325 2444 2402 2488 per
2424 2432 2556 2485 diem,
2575 2440 2618 2478 et
2640 2435 2692 2479 ad
2724 2422 2830 2492 gelu*
2849 2450 2899 2492 pe

1671 2510 1844 2550 noctem
1870 2503 1978 2562 (Jer.
2003 2503 2169 2561 xxxvi).
2199 2503 2294 2548 Non
2319 2505 2525 2562 plangent
2547 2519 2662 2560 eum,
2680 2509 2745 2552 vol
2767 2495 2902 2554 frater

1671 2578 1739 2622 vel
1764 2568 1907 2630 soror,
1934 2593 1950 2619 ι
1978 2578 2019 2621 id
2044 2583 2111 2622 cst
2127 2590 2213 2621 non
2228 2580 2542 2634 plangentcum
2565 2581 2695 2627 frater
2714 2589 2756 2627 et
2779 2594 2903 2629 soror

1671 2652 1865 2696 dicentes
1886 2666 1920 2696 z«
1948 2650 2019 2696 Vae
2034 2666 2046 2705 ;
2071 2664 2156 2695 non
2176 2653 2500 2709 concrepabunt
2523 2654 2590 2705 ei:
2611 2653 2700 2708 Vae,
2731 2660 2903 2704 «terniue

1670 2724 1818 2778 ctVoe,
1843 2725 2018 2782 inclyte.
2038 2723 2268 2781 Sepultura
2301 2727 2410 2770 asini
2434 2729 2682 2784 sepelietur,
2706 2731 2906 2785 putres-ae

1672 2811 1759 2853 tus,
1773 2807 1816 2845 et
1836 2802 2054 2857 projectus
2078 2807 2199 2846 extra
2221 2807 2368 2858 portas
2380 2801 2620 2850 Jerusalem
2645 2805 2903 2861 Uenutii„

1671 2875 1774 2920 Car.
1791 2874 1985 2919 xxxix.
2013 2874 2075 2918 De
2100 2873 2502 2927 Nabuchodonosor,
2525 2885 2564 2920 et
2589 2885 2719 2922 morte
2734 2878 2900 2925 lentim

1727 2950 1906 2994 Factum
1922 2954 1990 2993 est
2001 2955 2144 2992 autem
2159 2950 2328 2992 inanno
2346 2950 2528 3005 septimo
2538 2949 2728 3001 lemtim,
2742 2953 2832 3008 ipse
2854 2965 2902 2999 cs

1671 3030 1855 3080 quartus
1875 3035 2016 3067 aniius
2033 3020 2452 3075 Nabuchodonosor,
2473 3024 2667 3067 ascendit
2690 3023 2903 3073 Nabuclio

1671 3097 1863 3142 donosor
1883 3096 1927 3139 in
1945 3095 2158 3149 Judaeam,
2178 3099 2221 3139 et
2245 3095 2586 3152 depopulabatur
2607 3108 2703 3141 cam
2717 3095 2761 3154 t!
2774 3098 2803 3142 V
2819 3098 2898 3156 Req

1669 3171 1808 3231 xxiv).
1831 3170 2082 3216 Recitabitae
2103 3176 2264 3222 autem,
2281 3170 2354 3227 qui
2378 3170 2628 3214 babitabant
2651 3172 2694 3215 in
2718 3173 2895 3217 taberna

1669 3245 1782 3293 culis
1822 3258 2021 3290 scorsum
2047 3245 2101 3288 ab
2122 3244 2326 3288 omnibus
2346 3276 2357 3295 ,
2390 3244 2593 3290 timentes
2627 3246 2903 3292 ascenderam

1669 3324 1714 3368 in
1736 3322 2009 3372 Jerusalem,
2043 3326 2091 3363 ut
2112 3319 2330 3364 salvarent
2359 3319 2529 3364 animas
2551 3332 2668 3364 suas.
2697 3336 2711 3363 ι
2739 3318 2791 3364 Et
2809 3322 2898 3374 dixi

1667 3467 1930 3513 Rechabitas
1960 3468 2004 3511 in
2046 3478 2175 3509 unam
2207 3463 2409 3509 exedram
2447 3466 2750 3510 thesaurorum
2791 3467 2870 3523 ,iux
2892 3480 2904 3493 ·‡

1667 3541 1843 3585 domum
1870 3539 2058 3585 Domini.
2081 3537 2134 3581 Et
2148 3538 2534 3582 introduxitcosin
2557 3538 2900 3595 gazophylacium

1668 3614 1855 3657 tiliorum
1888 3611 2068 3661 Hauon,
2097 3616 2140 3655 et
2180 3612 2325 3667 posuit
2362 3621 2508 3654 coram
2531 3610 2595 3656 eis
2635 3611 2848 3667 scyphos,
2874 3622 2896 3655 e

1667 3687 1998 3742 calicesplenos
2025 3685 2110 3728 viui
2128 3685 2280 3728 dicens
2306 3703 2317 3727 ;
2354 3682 2493 3728 Bibitc
2521 3684 2687 3728 vinum.
2715 3683 2798 3736 Qui
2819 3697 2902 3729 res·

1667 3758 1912 3815 ponderunt
1950 3773 1962 3805 :
2003 3757 2098 3803 Non
2144 3758 2368 3809 bibemus,
2409 3757 2510 3812 quia
2536 3755 2760 3811 Jonadab,
2801 3758 2898 3801 fitius

1666 3831 1846 3875 Recliab
1863 3862 1875 3883 ,
1899 3839 2019 3887 pater
2043 3839 2209 3883 noster,
2228 3835 2429 3886 praecepit
2452 3830 2576 3875 nobis
2597 3831 2746 3875 dicens
2781 3845 2794 3875 ς
2819 3830 2898 3875 Nm

1669 3906 1826 3950 bibetis
1843 3909 2009 3956 vinum,
2031 3917 2127 3954 vos,
2152 3911 2197 3948 et
2219 3915 2376 3948 uxores
2392 3910 2546 3948 vestrae
2565 3936 2577 3957 ,
2599 3909 2644 3948 et
2665 3901 2740 3947 tilii
2765 3904 2894 3946 resti-i

1669 3991 1810 4033 usquo
1843 3978 1886 4021 in
1910 3980 2248 4034 sempiternun·;
2287 3978 2463 4021 domum
2504 3989 2594 4021 non
2628 3977 2897 4021 (edificabilis

1668 4051 1905 4095 sementem
1945 4063 2031 4094 non
2063 4051 2229 4096 seretis.
2257 4051 2407 4095 vineas
2444 4062 2531 4094 non
2565 4049 2845 4106 plantabitis,
2871 4049 2897 4092 ii

1672 4124 1966 4169 tabernaculis
1994 4123 2247 4168 habitabitis
2278 4129 2448 4167 cun-ctis
2474 4122 2652 4175 diebus,
2677 4127 2726 4165 ut
2758 4121 2901 4181 rivali,

1671 4197 1819 4244 multis
1843 4197 1996 4241 diebus
2019 4208 2150 4251 super
2173 4204 2350 4245 terram,
2377 4195 2420 4238 in
2444 4206 2528 4251 qua
2557 4193 2893 4250 peregrinamini

1669 4267 1792 4312 Tunc
1818 4268 1876 4311 ait
1908 4266 2116 4314 Dominus
2139 4267 2190 4309 ad
2207 4265 2436 4312 Ieremiaiu
2456 4283 2468 4311 .·
2499 4265 2574 4309 Dic
2596 4261 2895 4310 habitatoribus:

1670 4339 1932 4384 Jerusalem:
1956 4339 2055 4383 lioec
2079 4339 2183 4382 dicit
2206 4336 2442 4382 Dominus:
2462 4337 2660 4394 Nunquid
2686 4334 2900 4379 nonacci

1670 4414 1796 4470 pictis
1824 4412 2094 4470 disciplinam
2117 4443 2128 4467 ,
2157 4424 2204 4456 ut
2224 4411 2436 4456 obediatis
2457 4411 2560 4455 mihi
2603 4411 2723 4459 sicut
2743 4407 2860 4454 Rcch
