2924 4588
164 95 250 152 ses
1077 102 1391 156 PANTHEON.

189 233 295 278 Item
318 234 369 278 de
391 235 532 279 eodem
561 233 741 280 {lentico
765 232 929 280 Claude
956 235 1101 280 laudes
1123 239 1375 282 scribuntur.

158 306 333 351 ilenrici
357 308 510 352 Claudi
533 309 737 353 meritum
765 308 1015 354 solemniter
1039 309 1157 362 audi,

156 378 236 423 Cui
261 380 381 424 decet
396 371 618 435 applaudi,
639 381 765 435 cujus
784 386 921 425 metra
939 381 1114 437 porrigo
1130 382 1264 434 laudi,

211 450 420 508 Sumptus
438 449 494 496 ab
513 465 612 497 arce
629 453 712 497 soli
729 459 882 509 regnat
900 451 1060 497 in'aree
1077 453 1179 510 poli.

152 523 343 580 Coniuge
362 525 551 581 virginea
569 525 692 581 virgo
714 525 953 581 permansit
971 530 1014 568 et
1037 526 1123 578 ille,

150 596 395 641 catholicas
417 597 534 640 dedit
557 593 767 642 ecclesias
790 609 974 641 numero
1001 595 1126 652 quasi
1155 597 1285 650 mille,

196 668 488 725 Pauperibus,
513 672 673 726 viduis,
703 684 818 728 spes,
838 672 925 723 via,
952 673 1040 715 vita
1064 672 1160 716 fuit.

146 740 271 785 Nunc
289 749 332 786 et
366 743 411 785 in
431 744 555 788 altari
576 753 658 788 sua·
673 746 891 794 cernimus
914 757 1014 788 ossa
1033 744 1214 796 sacrari,

145 813 263 860 More
288 817 468 860 salutari
488 818 697 862 solemnia
721 817 850 873 digna
873 819 1050 873 parari;

199 888 394 944 Corpora
413 890 619 934 debilium
641 891 830 946 plurima
856 903 963 935 sana
987 891 1098 934 dari.

220 975 280 1019 De
307 973 486 1020 secundo
510 975 722 1028 Conrado,
745 980 993 1034 imperatore
1018 979 1317 1032 Romanorum,

274 1037 275 1041 ’
374 1034 652 1088 octuaqesimo
677 1034 855 1077 secundo
879 1034 932 1078 ab
953 1036 1159 1092 Auguste.

194 1119 319 1162 Anno
369 1121 423 1164 ab
473 1121 774 1166 lucarnatione
816 1122 985 1167 Domini
1017 1122 1146 1176 1020,
1189 1121 1392 1166 defuncto

135 1184 324 1236 Henrico
364 1194 623 1249 imperatore
664 1195 829 1239 Claudo
867 1197 961 1240 sine
994 1195 1124 1246 tiliis,
1167 1194 1391 1239 Conradus

137 1263 241 1315 dux,
282 1268 459 1310 natione
487 1265 698 1319 Francus,
725 1268 910 1312 consilio
939 1268 1076 1323 ipsius
1111 1267 1285 1311 Hem-ici
1311 1268 1394 1310 im-

133 1338 347 1391 peratoris
368 1338 512 1394 (cujus
533 1345 677 1384 tamen
697 1340 880 1396 gratiam
897 1352 987 1384 non
1002 1339 1204 1396 habebat)
1223 1340 1278 1385 ab
1295 1352 1390 1383 om-

133 1409 262 1454 nibus
282 1411 445 1454 electus
465 1419 527 1456 est
549 1408 594 1455 iu
615 1412 863 1468 imperium,
891 1413 1209 1468 octuagesimus
1236 1425 1390 1456 secun-

70 1458 74 1511 [¹
132 1481 214 1524 dus
233 1482 287 1524 ab
314 1480 510 1538 Augusto
536 1482 790 1527 Octaviano.
811 1482 896 1527 Iste
918 1496 973 1527 ex
991 1489 1144 1534 matre,
1164 1483 1217 1526 de
1235 1483 1389 1538 primis

132 1551 397 1595 Francorum
427 1555 618 1610 regibus,
638 1555 716 1611 qui
740 1568 765 1598 a
781 1555 913 1611 Troja
936 1550 1143 1599 {fenerant
1163 1563 1204 1599 et
1242 1569 1266 1599 a
1287 1569 1389 1601 san·

131 1629 201 1668 cto
228 1624 426 1683 Remigio
460 1626 635 1671 fuerant
665 1627 888 1684 baptizati,
920 1628 1132 1685 originem
1166 1634 1382 1673 traxerat:

129 1701 171 1740 et
194 1697 530 1751 praedecessoris
556 1701 624 1744 sui
648 1699 824 1744 Henrici
848 1702 1125 1756 imperatoris
1139 1701 1292 1745 Claudi
1309 1714 1386 1746 ue·

131 1775 266 1825 ptem,
298 1783 426 1828 quam
454 1774 629 1818 nolente
653 1773 913 1830 imperatore
941 1781 1179 1831 acceperat,
1207 1788 1383 1820 uxorem

74 1875 77 1877 .
125 1839 310 1888 habehat
347 1845 736 1910 nominefGisilam,
755 1847 809 1892 de
828 1860 984 1904 genere
996 1848 1270 1892 carolorum,
1287 1847 1383 1892 Sic-

29 1939 59 1966 ·⁴
124 1920 171 1958 ut
205 1915 278 1960 illo
312 1923 504 1974 tempore
537 1920 711 1978 quidam
743 1934 819 1978 per
846 1921 956 1967 istos
995 1920 1236 1967 versiculos
1275 1921 1382 1967 insi-

124 1989 274 2033 nuavit
291 2005 303 2032 :

179 2078 359 2129 Quando
381 2089 474 2134 post
496 2082 700 2126 decimam
725 2093 969 2128 nume-ratm-
991 2087 1036 2130 in
1069 2087 1178 2132 linea
1207 2098 1376 2147 quarta,

177 2151 239 2194 De
261 2152 290 2195 C
297 2154 414 2197 arole
435 2167 588 2211 maquo
607 2159 806 2211 processit
827 2156 963 2203 Gutta
977 2160 1174 2216 prudens.

174 2241 260 2286 Ista
301 2243 438 2288 Gisila
486 2246 675 2301 primum
724 2247 950 2305 Arnulpho
988 2251 1089 2295 duci
1135 2249 1374 2298 Suevorum

118 2323 252 2372 nupta
292 2313 388 2370 fini,
425 2324 468 2363 et
496 2333 550 2364 ex
581 2332 635 2364 eo
665 2322 860 2378 geminos
894 2325 1091 2381 peperit,
1116 2324 1375 2371 llernestum

14 2406 18 2411 ¹
63 2445 65 2447 Ι
117 2389 285 2432 scilicet
318 2395 360 2434 et
394 2389 722 2447 Hermannum3
756 2407 842 2450 quo
875 2401 1076 2448 mortuo,
1109 2398 1276 2454 accepit
1315 2399 1376 2443 is·

117 2458 206 2503 tum
243 2462 491 2507 Com-adum
513 2497 524 2513 ,
560 2466 613 2508 de
648 2478 735 2521 quo
778 2466 821 2509 in
859 2470 1183 2523 praesentiarum
1222 2484 1375 2515 narra-

115 2546 230 2579 mus.
973 2537 976 2539 ’

169 2607 272 2654 Erat
308 2609 453 2666 itaque
501 2608 727 2657 Conradus
761 2612 843 2657 iste
867 2615 999 2658 armis
1023 2621 1242 2668 strenuus,
1267 2628 1372 2659 con-

113 2678 210 2724 silio
233 2680 455 2736 providus,
486 2684 698 2738 sapientia
728 2684 904 2736 floreus,
930 2688 1093 2742 peritus
1123 2688 1167 2731 in
1186 2687 1285 2743 jure
1309 2690 1371 2733 ci·-

111 2753 204 2806 vili,
229 2758 273 2798 et
295 2754 338 2797 in
359 2755 567 2812 religione
591 2755 841 2802 Christiana
864 2759 1062 2806 devotus.
1079 2759 1136 2805 ln
1156 2761 1370 2818 principio

44 2882 48 2884 Ἴ
111 2825 232 2881 regui
266 2825 452 2871 sui‘dux
483 2827 745 2872 polonorum
780 2829 1019 2884 Boleslau‘s,
1056 2844 1182 2888 quem
1206 2835 1370 2889 praede-

111 2909 259 2942 eessor
284 2911 390 2948 suus
415 2897 630 2945 Renricus
651 2903 820 2946 noviter
849 2916 982 2959 regno
1007 2905 1267 2959 subjecerat,
1292 2919 1369 2962 per

110 2970 301 3025 seipsum
334 2985 409 3016 rex
446 2973 593 3016 vocari
616 2974 831 3027 intendit,
871 2981 915 3036 et
944 2976 998 3020 ab
1029 2977 1212 3032 imperio
1234 2978 1369 3023 dividi

51 3067 53 3069 ·
109 3043 285 3088 omnino
308 3046 539 3101 proponit3
575 3046 647 3102 qui
671 3059 771 3090 eum
796 3054 936 3092 morte
966 3051 1233 3106 proposituri:
1258 3065 1368 3108 prae-

107 3115 314 3168 venisset,
349 3116 598 3162 Misiconem
628 3117 762 3161 tilium
801 3131 928 3164 suum
952 3133 1251 3166 successorem
1294 3135 1365 3168 re·

0 3235 2 3252 ÷
54 3199 61 3202 ·
106 3186 278 3244 linquit.
317 3187 391 3233 Ille
424 3186 525 3232 duni
568 3195 734 3246 patrem
766 3191 928 3235 imitari
974 3194 1149 3249 cogitat,
1175 3201 1218 3238 et
1245 3195 1366 3240 insu-

0 3265 2 3279 '
43 3286 46 3287 ν
106 3272 182 3315 per
223 3261 400 3306 fratrem
448 3275 573 3306 suum
625 3261 838 3311 Othonem
871 3276 895 3307 a
924 3267 1068 3320 patria
1095 3269 1361 3323 expulisset:

107 3345 184 3378 rex
213 3342 303 3377 tam
336 3335 563 3391 expulsum
594 3336 689 3393 ejus
724 3337 903 3382 fratrem
940 3340 985 3383 in
1022 3341 1208 3395 patriam
1233 3344 1364 3387 redu-

108 3413 256 3451 cturus
276 3440 286 3459 ,
322 3420 449 3463 quam
489 3402 542 3452 de
584 3409 857 3463 contumacia
892 3410 1114 3458 Misiconis
1148 3426 1192 3457 se
1214 3420 1258 3458 et
1289 3427 1361 3460 re-

35 3526 38 3527 ,
106 3490 235 3533 guum
260 3480 575 3530 vindicaturus,
602 3480 645 3523 in
658 3480 880 3525 Poloniam
904 3483 1078 3527 transit.

161 3552 327 3604 Misico,
352 3566 448 3596 cum
495 3564 580 3597 non
620 3562 767 3609 posset
801 3556 1023 3608 resistere,
1073 3557 1124 3600 ad
1167 3555 1358 3600 Ulricum

30 3625 36 3632 ’
105 3624 359 3670 Boeotorum
395 3627 563 3677 ducem,
600 3628 672 3682 qui
703 3618 834 3670 etiam
872 3633 977 3671 tunc
1017 3629 1156 3673 hostis
1190 3628 1359 3685 imperii

105 3704 212 3748 erat,
239 3698 446 3754 confugit.
482 3699 617 3750 Quem
642 3711 741 3741 cum
763 3697 936 3743 Ulricus
969 3701 1060 3755 regi
1084 3700 1291 3751 reddere,
1315 3705 1358 3744 et

105 3783 182 3826 per
211 3772 292 3815 hoe
315 3772 359 3814 in
383 3772 563 3827 gratiam
595 3772 831 3827 cogitasset
853 3771 1010 3825 redire,
1047 3782 1125 3816 rex
1153 3784 1252 3816 eum
1276 3772 1358 3817 sub

31 3858 34 3859 ⁷
105 3842 279 3897 pertidia
314 3843 548 3890 illiusmodi
583 3844 776 3897 recipere
798 3844 1074 3899 contempsit.
1101 3843 1252 3887 Misico
1275 3855 1355 3887 au-

103 3920 187 3957 tem
209 3921 385 3971 accepto
408 3929 554 3971 a-rege
577 3917 735 3966 ducatu
759 3916 969 3967 Potoniae,
995 3927 1201 3966 coronam
1222 3928 1353 3971 quam

102 3992 220 4040 pater
237 3987 330 4041 ejus
354 3987 436 4030 sibi
461 3987 689 4042 imponere.
704 3993 856 4030 contra
885 3987 1116 4043 imperium
1139 3987 1355 4043 cogitave-

102 4062 186 4110 rat,
209 4056 409 4102 Conrado
438 4057 689 4114 resignavit,
718 4070 851 4114 seque
884 4058 1039 4113 ditioni
1067 4069 1361 4113 suaelsuppo·

103 4130 205 4172 suit.
237 4129 335 4185 lpse
355 4142 458 4174 vero
481 4130 633 4176 Misico
657 4137 753 4187 post
775 4131 866 4175 haec
887 4142 912 4174 a
936 4142 1016 4174 suo
1039 4132 1251 4187 armigero
1274 4141 1351 4174 oe-

101 4201 221 4246 cisus
242 4208 326 4246 est.

155 4273 220 4318 Ab
242 4277 314 4318 ilio
333 4282 525 4332 tempore
547 4277 770 4331 provincia
792 4275 1257 4331 Polonorumimperio
1278 4286 1351 4318 no-

102 4351 192 4405 stro
217 4348 342 4392 solvit
368 4349 575 4392 tributum
620 4349 848 4393 Com-ndns
871 4349 1004 4393 tilium
1034 4359 1160 4391 suum
1186 4352 1281 4403 post
1306 4360 1351 4391 se.

101 4407 268 4465 ordinat
294 4427 586 4477 regnaturum,
606 4423 784 4466 nominc
810 4422 1059 4476 ilenricum,
1086 4421 1225 4465 adhuc
1246 4433 1349 4476 pue—

1426 138 1482 145 -
1512 111 1656 159 rans
1681 115 1810 163 xvn.
2656 135 2738 183 955

1434 211 1468 255 Α
1493 219 1606 251 rum.
1640 207 1735 259 Quo
1762 209 1894 262 sacto,
1916 209 2081 256 italiam
2099 214 2356 273 ingreditur,
2380 220 2432 263 ad
2455 234 2581 277 quem
2606 222 2737 271 Erne-

1493 282 1589 320 stus
1624 279 1847 334 privignus
1882 283 1993 337 ejus,
2029 272 2134 336 dux,
2158 290 2342 334 consilio
2371 293 2523 336 matris
2545 307 2633 338 suae
2664 297 2735 340 Gi-

1491 346 1583 392 silae
1610 349 1784 404 reginae,
1807 354 1942 405 venit,
1974 360 2018 398 et
2046 358 2227 411 gratiam
2265 362 2379 417 regis
2413 364 2614 419 obtinuit,
2641 380 2718 423 pro

1487 419 1662 464 mittens
1685 434 1731 464 se
1753 434 1851 469 cum
1874 437 1926 468 eo
1949 426 1992 468 in
2013 425 2176 471 ltaliam
2201 434 2502 480 transiturum.

1542 491 1771 537 Conradus
1785 494 1966 539 Romam
1990 500 2122 551 venit,
2147 506 2188 545 et
2212 503 2254 546 in
2275 492 2344 550 die
2365 507 2563 553 Paschali
2585 523 2735 566 proce-

1485 562 1593 608 dens
1617 565 1730 609 iuter
1754 568 1862 612 duos
1888 572 2266 624 reges,·Cut0nem
2300 580 2464 624 scilicet
2483 581 2734 641 Anglorum,

1484 639 1527 677 et
1561 634 1836 693 Rodulpltum
1875 653 2016 697 regem
2061 643 2431 703 Burgundionum,
2469 657 2732 700 avunculum

1484 702 1628 750 Gisilae
1662 710 1821 765 reginae
1844 725 1949 762 suae,
1986 725 2009 757 a
2041 714 2207 761 Joanne
2239 732 2408 765 summo
2444 725 2646 779 pontifice
2667 733 2736 774 est

1483 786 1732 833 coronatus,
1757 787 1800 825 et
1820 780 1989 840 imperii
2007 786 2275 843 dignitatem,
2309 796 2398 837 toto
2421 797 2580 855 populo
2603 799 2732 854 plau·-

1483 849 1626 901 deute,
1655 855 1849 899 sortitus,
1876 856 2033 902 Eadem
2059 861 2323 907 hebdomada
2346 866 2503 911 bellum
2536 870 2650 914 inter
2671 871 2734 914 ri-

1480 932 1631 968 xantes
1656 925 1872 972 Romanos
1894 937 1932 972 et
1954 931 2244 979 Ttieutonicos
2269 938 2409 981 oritur
2430 955 2441 991 ;
2468 940 2625 995 fugatis
2648 954 2727 986 au-

1481 1001 1565 1038 tem
1583 999 1792 1055 caesisque
1821 1000 1876 1043 ibi
1900 1003 2046 1047 multis
2070 1005 2292 1054 Romanis,
2316 1009 2548 1065 imperator
2570 1014 2727 1058 trium·

1478 1067 1646 1122 phavit.
2003 1075 2006 1078 ⁴

1530 1140 1758 1186 Contractus
1797 1144 2034 1202 imperator
2065 1161 2143 1204 per
2173 1156 2361 1195 montem
2401 1154 2640 1201 Pirenaeum
2684 1160 2727 1202 in

1475 1209 1702 1256 Franciam
1725 1227 1847 1258 suam
1860 1219 2003 1269 rediit,
2024 1220 2099 1263 ubi
2117 1233 2216 1264 cum
2237 1222 2465 1268 Ernestum
2484 1228 2727 1284 privignum

1418 1275 1450 1317 Β
1474 1294 1599 1326 suum
1625 1285 1777 1330 ducem
1811 1290 2063 1344 praedictum
2092 1306 2226 1348 regno
2266 1297 2474 1342 rebellare
2500 1299 2587 1353 jam
2614 1299 2727 1347 veile

1473 1355 1683 1409 audisset,
1705 1360 1872 1405 viribus
1894 1362 2062 1418 imperii
2087 1370 2204 1408 terra
2229 1369 2424 1424 marique
2456 1373 2726 1428 propulsum,

1472 1426 1517 1468 in
1535 1428 1656 1471 silvis
1682 1433 1930 1475 conversari
1950 1435 2118 1490 coegit,
2148 1436 2221 1479 ubi
2246 1440 2520 1491 postmodum
2544 1454 2567 1485 a
2592 1444 2726 1490 tideli-

1470 1494 1552 1539 hus
1579 1498 1748 1554 imperii
1772 1503 1943 1546 occisus
1971 1503 2066 1555 fuit,
2094 1506 2218 1561 eujus
2236 1508 2438 1553 ducatum
2463 1511 2596 1557 frater
2619 1527 2724 1560 suus

1470 1567 1743 1616 Hermannus
1768 1575 1974 1632 suscepit.

1525 1640 1585 1684 Eo
1610 1649 1801 1698 tempore
1835 1638 2089 1704 Radulphus
2113 1649 2372 1707 Burgundiae
2406 1667 2483 1699 rex
2508 1660 2714 1713 moriens,

1468 1710 1671 1767 Henrico,
1710 1717 1798 1760 tilio
1823 1719 2095 1775 imperatoris
2119 1723 2323 1778 Conradi,
2362 1730 2506 1784 nepoti
2533 1744 2629 1784 sue,
2655 1745 2714 1777 re*

1465 1796 1597 1840 gnum
1619 1799 1717 1830 eum
1743 1801 1904 1834 corona
1922 1823 1932 1843 ,
1968 1793 2150 1849 aliisque
2182 1797 2441 1854 insignibus,
2482 1803 2564 1846 suh
2587 1810 2718 1848 testa-

1464 1862 1825 1918 mento-reliquit.
1853 1862 1976 1909 Unde
2001 1878 2146 1914 comes
2167 1869 2356 1915 Celticus
2385 1873 2496 1916 Otho
2521 1887 2722 1926 asserens

1463 1930 1516 1973 ad
1541 1945 1587 1977 se
1612 1946 1793 1990 regnum
1824 1936 2097 1994 Burgundiae,
2130 1954 2208 1987 seu
2250 1942 2547 2001 Lugdunensis
2575 1947 2722 1994 Galliae

1461 2005 1694 2058 pertinere,
1729 2008 1895 2052 invadit
1918 2011 2038 2055 illud.
2065 2012 2301 2071 imperator
2323 2018 2376 2060 ad
2399 2018 2490 2062 haec
2520 2021 2722 2077 indigna·

1461 2083 1547 2127 tus,
1570 2090 1667 2122 eum
1691 2081 1882 2125 exercitu
1905 2083 1949 2127 in
1972 2096 2153 2140 regnum
2178 2088 2284 2130 illud
2307 2090 2500 2143 intravit,
2526 2098 2569 2136 et
2584 2092 2719 2137 Otho-

1459 2161 1556 2191 nem
1588 2150 1638 2193 ad
1666 2151 1927 2198 deditionem
1955 2158 2110 2210 coegit,
2139 2165 2181 2202 et
2211 2153 2602 2220 omncs'principes
2620 2166 2718 2210 ilios

1459 2220 1503 2263 in
1530 2234 1652 2267 suam
1674 2221 1924 2271 fidelitatem
1949 2231 2156 2284 suscepit.

1515 2293 1678 2340 Deinde
1721 2298 1882 2354 populo
1916 2299 2049 2345 itaiiae
2090 2308 2243 2346 contra
2282 2304 2512 2363 imperium
2550 2308 2717 2352 machi-

1457 2376 1605 2424 nante,
1631 2373 1750 2416 venit
1773 2373 2079 2428 Mediolanum,
2111 2383 2374 2436 captumque
2405 2380 2542 2436 ipsius
2564 2383 2716 2426 eivita-

1456 2442 1513 2486 tis
1535 2442 1806 2500 episcopum,
1849 2447 1923 2503 qui
1957 2446 2161 2492 factionis
2195 2450 2309 2493 illius
2340 2463 2440 2495 reus
2472 2453 2715 2512 dicebatur,

1454 2515 1568 2570 apud
1586 2513 1853 2572 Aquilegiam
1874 2519 1918 2562 in
1934 2521 2134 2564 exsilium
2156 2522 2290 2576 misit;
2313 2524 2385 2579 qui
2403 2531 2545 2570 tamen
2563 2535 2714 2582 postea

1453 2587 1563 2630 clam
1581 2587 1760 2645 aufugit.
1789 2588 2031 2646 Imperator
2051 2591 2306 2638 Cremonam
2333 2609 2533 2657 pergens,
2558 2597 2713 2643 Roma·

1453 2673 1554 2703 num
1585 2662 1646 2705 ihi
1675 2662 1851 2706 obvium
1887 2665 2016 2708 habet
2040 2666 2302 2722 pontificem.
2328 2668 2422 2721 Quo
2447 2682 2544 2714 cum
2575 2673 2711 2716 multo

1451 2731 1615 2776 honore
1633 2731 1832 2784 dimisso,
1865 2735 1958 2792 ipse
1990 2743 2169 2793 propter
2201 2738 2388 2783 calorem
2427 2741 2480 2784 ad
2504 2751 2708 2786 montana

1452 2805 1629 2851 secedit.
1657 2805 1823 2851 interea
1855 2806 1967 2851 Otho
1996 2821 2159 2861 comes,
2195 2811 2333 2865 ruptis
2352 2811 2627 2866 juramentis,
2662 2816 2706 2860 in

1449 2877 1703 2935 Burgundia
1740 2880 1896 2924 iterum
1922 2883 2117 2934 rebellat,
2139 2884 2212 2927 uhi
2238 2896 2275 2940 a,
2301 2884 2498 2930 fidelihus
2535 2888 2705 2944 imperii

1449 2952 1677 3004 occiditur,
1720 2960 1762 2997 et
1798 2954 2002 2998 vexilium
2049 2955 2145 3011 ejus
2180 2957 2430 3013 imperatori
2463 2959 2508 3003 in
2532 2960 2702 3016 signum

1448 3023 1641 3067 victoriae
1677 3026 2002 3070 transmittitur.
2060 3024 2287 3073 Conradus
2324 3042 2455 3074 causa
2494 3032 2701 3077 orationis

1447 3097 1625 3141 Romam
1671 3099 1807 3152 vadit,
1839 3105 1875 3144 et
1921 3100 2021 3144 inde
2058 3101 2102 3144 in
2139 3102 2290 3158 Apulia
2330 3103 2477 3148 multis
2516 3105 2705 3149 civitatis

1446 3170 1527 3213 bus
1561 3171 1684 3221 visis,
1719 3184 1798 3226 per
1835 3184 1954 3216 mare
1981 3172 2251 3216 Adriaticum
2287 3174 2430 3219 redire
2463 3175 2697 3231 disposuit,

1445 3243 1517 3285 ubi
1543 3254 1566 3284 a
1588 3243 1944 3300 distemperantia
1970 3245 2083 3302 aeris
2112 3245 2331 3300 principes
2354 3243 2515 3290 multos
2539 3247 2696 3292 antisit.

1444 3310 1607 3358 Deinde
1638 3327 1839 3360 reversus
1875 3316 1919 3358 in
1944 3303 2188 3367 Franciam,
2218 3318 2270 3360 ad
2295 3318 2510 3366 civitatem
2547 3317 2696 3372 Traie-

1386 3397 1421 3440 1)
1445 3392 1559 3429 ctum
1588 3385 1837 3430 interiorem
1871 3387 2066 3442 pert-cuit
2088 3402 2098 3441 ;
2135 3389 2278 3443 ibique
2304 3389 2545 3432 infirmatus
2569 3387 2693 3441 obiit,

1441 3470 1555 3503 anno
1576 3461 1699 3514 regui
1717 3460 1783 3503 sui
1802 3459 1970 3503 decimo
1989 3460 2186 3516 septimo,
2214 3459 2382 3515 Imperii
2410 3474 2511 3504 vero
2529 3463 2694 3506 decimo

1442 3537 1611 3585 quarto.
1631 3530 1791 3574 Caetera
1813 3530 1865 3574 de
1882 3531 2141 3587 imperatore
2165 3532 2361 3575 Conrado
2387 3534 2575 3576 secundo
2599 3544 2696 3578 ren-

1439 3601 1562 3645 sibus
1590 3614 1873 3658 exponamus.

1398 2331 1431 2379 C

1525 3694 1630 3739 Item
1664 3695 1715 3739 de
1750 3696 1893 3740 eodem
1926 3695 2119 3741 Conrado
2153 3697 2398 3752 imperatore
2426 3700 2607 3755 versifice

1955 3761 2171 3795 narratur.

1436 3838 1530 3883 Dux
1559 3846 1653 3884 erat
1671 3853 1722 3884 ex
1747 3840 1846 3884 villa
1871 3851 1998 3896 quam
2023 3841 2103 3884 rite
2124 3846 2280 3884 vocant
2298 3840 2619 3897 Guehciingam,

1435 3907 1600 3968 Inclyta
1620 3913 1824 3955 nobilitas
1841 3923 1989 3967 regum
2010 3916 2239 3967 generatur
2257 3913 2310 3955 ab
2333 3913 2422 3961 iila,

1492 3985 1639 4032 Militis
1663 3983 1803 4028 officio
1829 3996 2025 4028 summus
2046 3986 2088 4027 in
2110 3984 2214 4028 orbe
2237 3997 2333 4028 suo,

1434 4055 1642 4106 Hostibus
1666 4056 1822 4100 infesta
1842 4055 1922 4098 fuit
1941 4055 2034 4111 ejus
2054 4056 2211 4117 ubique
2227 4062 2435 4113 potestas,

1434 4128 1585 4184 Magna
1603 4129 1727 4179 ducis
1752 4133 1869 4184 gesta
1890 4127 2073 4179 fuerant,
2096 4130 2169 4171 sed
2189 4130 2326 4183 major
2344 4129 2566 4180 honestas,

1487 4203 1640 4246 Clarus
1665 4203 1708 4244 in
1727 4201 1914 4256 eloquio,
1943 4201 2099 4256 dignus
2117 4201 2279 4244 honore
2306 4213 2399 4243 suo.

1433 4275 1606 4329 iieurici
1629 4280 1808 4330 cognata
1832 4274 1926 4324 suit,
1949 4286 2076 4328 quem
2091 4273 2180 4327 jam
2205 4274 2457 4323 memoravi,
2486 4297 2488 4299 >

1432 4348 1610 4403 ipsaque
1635 4346 1811 4401 pulchra
1845 4345 1995 4387 ducem
2019 4341 2283 4386 clandestine
2305 4355 2407 4385 tunc
2442 4342 2673 4396 adamavit,-

1438 4428 1445 4439 2
1486 4418 1621 4472 CuJus
1646 4422 1687 4461 et
1712 4428 1733 4457 a
1760 4414 1921 4470 gremio
1939 4413 2127 4470 germina
2147 4411 2258 4456 clara
2282 4412 2428 4455 trahit..
