<?xml version="1.0" encoding="UTF-8"?>
<!DOCTYPE html PUBLIC "-//W3C//DTD XHTML 1.0 Transitional//EN"
    "http://www.w3.org/TR/xhtml1/DTD/xhtml1-transitional.dtd">
<html xmlns="http://www.w3.org/1999/xhtml" xml:lang="en" lang="en">
 <head>
  <title>
</title>
<meta http-equiv="Content-Type" content="text/html;charset=utf-8" />
  <meta name='ocr-system' content='tesseract 3.04.00' />
  <meta name='ocr-capabilities' content='ocr_page ocr_carea ocr_par ocr_line ocrx_word'/>
</head>
<body>
  <div class='ocr_page' id='page_1' title='image "./patrologiaecursu00hammuoft_0429.png"; bbox 0 0 2924 4588; ppageno 0'>
   <div class='ocr_carea' id='block_1_1' title="bbox 79 83 2649 172">
    <p class='ocr_par' dir='ltr' id='par_1_1' title="bbox 79 83 2649 172">
     <span class='ocr_line' id='line_1_1' title="bbox 79 83 2649 172; baseline 0 -6"><span class='ocrx_word' id='word_1_1' title='bbox 79 121 153 166; x_wconf 68' lang='lat' dir='ltr'>stt</span> <span class='ocrx_word' id='word_1_2' title='bbox 395 83 942 172; x_wconf 69' lang='lat' dir='ltr'>soLlLOQmonUMDE</span> <span class='ocrx_word' id='word_1_3' title='bbox 971 116 1380 164; x_wconf 68' lang='lat' dir='ltr'>:NSTRUCTlONE</span> <span class='ocrx_word' id='word_1_4' title='bbox 1410 117 1603 164; x_wconf 72' lang='lat' dir='ltr'>ANJMAE</span> <span class='ocrx_word' id='word_1_5' title='bbox 1639 118 1743 163; x_wconf 82' lang='lat' dir='ltr'>Llss.</span> <span class='ocrx_word' id='word_1_6' title='bbox 1781 117 1908 162; x_wconf 85' lang='lat' dir='ltr'>DUO.</span> <span class='ocrx_word' id='word_1_7' title='bbox 1936 141 1992 151; x_wconf 88' lang='lat'><em>-</em></span> <span class='ocrx_word' id='word_1_8' title='bbox 2018 118 2333 165; x_wconf 78' lang='lat' dir='ltr'><strong>ADMONITIO.</strong></span> <span class='ocrx_word' id='word_1_9' title='bbox 2569 125 2649 166; x_wconf 58' lang='lat'>822</span> 
     </span>
    </p>
   </div>
   <div class='ocr_carea' id='block_1_2' title="bbox 0 211 2654 560">
    <p class='ocr_par' dir='ltr' id='par_1_2' title="bbox 0 211 2654 560">
     <span class='ocr_line' id='line_1_2' title="bbox 77 211 2650 271; baseline 0.001 -15"><span class='ocrx_word' id='word_1_10' title='bbox 77 224 196 262; x_wconf 88' lang='lat' dir='ltr'>nere,</span> <span class='ocrx_word' id='word_1_11' title='bbox 237 211 456 264; x_wconf 77' lang='lat' dir='ltr'>infundis;</span> <span class='ocrx_word' id='word_1_12' title='bbox 484 222 580 266; x_wconf 83' lang='lat' dir='ltr'>quae</span> <span class='ocrx_word' id='word_1_13' title='bbox 612 211 816 255; x_wconf 89' lang='lat' dir='ltr'>nimirum</span> <span class='ocrx_word' id='word_1_14' title='bbox 853 211 1043 267; x_wconf 80' lang='lat' dir='ltr'>cognitio</span> <span class='ocrx_word' id='word_1_15' title='bbox 1066 224 1240 257; x_wconf 88' lang='lat' dir='ltr'>omnem</span> <span class='ocrx_word' id='word_1_16' title='bbox 1279 213 1325 257; x_wconf 88' lang='lat' dir='ltr'>in</span> <span class='ocrx_word' id='word_1_17' title='bbox 1349 218 1383 263; x_wconf 80' lang='grc' dir='ltr'><strong>Α</strong></span> <span class='ocrx_word' id='word_1_18' title='bbox 1407 226 1538 267; x_wconf 88' lang='lat' dir='ltr'>nere;</span> <span class='ocrx_word' id='word_1_19' title='bbox 1574 218 1660 256; x_wconf 89' lang='lat' dir='ltr'>tuae</span> <span class='ocrx_word' id='word_1_20' title='bbox 1694 213 1922 258; x_wconf 77' lang='lat' dir='ltr'>ineffabilis</span> <span class='ocrx_word' id='word_1_21' title='bbox 1958 214 2166 259; x_wconf 84' lang='lat' dir='ltr'>bonitatis</span> <span class='ocrx_word' id='word_1_22' title='bbox 2196 214 2260 259; x_wconf 90' lang='lat' dir='ltr'>eis</span> <span class='ocrx_word' id='word_1_23' title='bbox 2298 214 2422 271; x_wconf 81' lang='lat' dir='ltr'>plene</span> <span class='ocrx_word' id='word_1_24' title='bbox 2453 217 2650 259; x_wconf 72' lang='lat' dir='ltr'>notitiam</span> 
     </span>
     <span class='ocr_line' id='line_1_3' title="bbox 75 281 2653 341; baseline 0.001 -13"><span class='ocrx_word' id='word_1_25' title='bbox 75 285 138 328; x_wconf 85' lang='lat' dir='ltr'>eis</span> <span class='ocrx_word' id='word_1_26' title='bbox 161 282 359 327; x_wconf 85' lang='lat' dir='ltr'>elationis</span> <span class='ocrx_word' id='word_1_27' title='bbox 378 283 648 326; x_wconf 87' lang='lat' dir='ltr'>altitudinem</span> <span class='ocrx_word' id='word_1_28' title='bbox 673 282 834 339; x_wconf 77' lang='lat' dir='ltr'><strong>dejicit.</strong></span> <span class='ocrx_word' id='word_1_29' title='bbox 860 281 925 327; x_wconf 85' lang='lat' dir='ltr'>Tu</span> <span class='ocrx_word' id='word_1_30' title='bbox 951 296 1070 334; x_wconf 75' lang='lat' dir='ltr'>vero,</span> <span class='ocrx_word' id='word_1_31' title='bbox 1094 296 1121 328; x_wconf 94' lang='lat' dir='ltr'>o</span> <span class='ocrx_word' id='word_1_32' title='bbox 1141 281 1224 328; x_wconf 84' lang='lat' dir='ltr'>Fili</span> <span class='ocrx_word' id='word_1_33' title='bbox 1249 294 1322 330; x_wconf 78' lang='lat' dir='ltr'>sa·</span> <span class='ocrx_word' id='word_1_34' title='bbox 1406 285 1580 330; x_wconf 75' lang='lat' dir='ltr'>confers</span> <span class='ocrx_word' id='word_1_35' title='bbox 1598 300 1610 339; x_wconf 86' lang='lat'>;</span> <span class='ocrx_word' id='word_1_36' title='bbox 1627 299 1712 341; x_wconf 85' lang='lat' dir='ltr'>qua</span> <span class='ocrx_word' id='word_1_37' title='bbox 1736 286 1970 330; x_wconf 74' lang='lat' dir='ltr'>fortissime</span> <span class='ocrx_word' id='word_1_38' title='bbox 1993 287 2180 331; x_wconf 84' lang='lat' dir='ltr'>interius</span> <span class='ocrx_word' id='word_1_39' title='bbox 2209 287 2419 338; x_wconf 78' lang='lat' dir='ltr'>roborati,</span> <span class='ocrx_word' id='word_1_40' title='bbox 2460 290 2653 332; x_wconf 83' lang='lat' dir='ltr'>collectis</span> 
     </span>
     <span class='ocr_line' id='line_1_4' title="bbox 0 354 2652 416; baseline 0.002 -18"><span class='ocrx_word' id='word_1_41' title='bbox 0 375 1 415; x_wconf 68' lang='lat'>3</span> <span class='ocrx_word' id='word_1_42' title='bbox 75 356 227 411; x_wconf 77' lang='lat' dir='ltr'>piens!</span> <span class='ocrx_word' id='word_1_43' title='bbox 255 367 347 406; x_wconf 88' lang='lat' dir='ltr'>eos,</span> <span class='ocrx_word' id='word_1_44' title='bbox 373 355 418 398; x_wconf 87' lang='lat' dir='ltr'>in</span> <span class='ocrx_word' id='word_1_45' title='bbox 441 354 648 404; x_wconf 72' lang='lat' dir='ltr'>secundo,</span> <span class='ocrx_word' id='word_1_46' title='bbox 680 354 912 411; x_wconf 75' lang='lat' dir='ltr'>Sapientiae</span> <span class='ocrx_word' id='word_1_47' title='bbox 937 362 1023 400; x_wconf 81' lang='lat' dir='ltr'>tuae</span> <span class='ocrx_word' id='word_1_48' title='bbox 1045 357 1243 402; x_wconf 82' lang='lat' dir='ltr'>claritate</span> <span class='ocrx_word' id='word_1_49' title='bbox 1268 358 1321 400; x_wconf 89' lang='lat' dir='ltr'>il-</span> <span class='ocrx_word' id='word_1_50' title='bbox 1405 360 1503 403; x_wconf 83' lang='lat' dir='ltr'>fidei</span> <span class='ocrx_word' id='word_1_51' title='bbox 1526 358 1678 415; x_wconf 87' lang='lat' dir='ltr'>etspei</span> <span class='ocrx_word' id='word_1_52' title='bbox 1697 359 1881 410; x_wconf 81' lang='lat' dir='ltr'>viribus,</span> <span class='ocrx_word' id='word_1_53' title='bbox 1901 361 2125 402; x_wconf 88' lang='lat' dir='ltr'>intantum</span> <span class='ocrx_word' id='word_1_54' title='bbox 2146 359 2652 416; x_wconf 78' lang='lat' dir='ltr'>incomprehensibilibus</span> 
     </span>
     <span class='ocr_line' id='line_1_5' title="bbox 0 422 2652 488; baseline 0.002 -18"><span class='ocrx_word' id='word_1_55' title='bbox 0 422 2 483; x_wconf 63' lang='lat' dir='ltr'>l</span> <span class='ocrx_word' id='word_1_56' title='bbox 74 429 266 480; x_wconf 81' lang='lat' dir='ltr'>lustras;</span> <span class='ocrx_word' id='word_1_57' title='bbox 292 439 377 484; x_wconf 85' lang='lat' dir='ltr'>qua</span> <span class='ocrx_word' id='word_1_58' title='bbox 411 427 630 480; x_wconf 71' lang='lat' dir='ltr'>illustrati,</span> <span class='ocrx_word' id='word_1_59' title='bbox 669 429 1030 472; x_wconf 77' lang='lat' dir='ltr'>evanescentibus</span> <span class='ocrx_word' id='word_1_60' title='bbox 1067 430 1321 485; x_wconf 76' lang='lat' dir='ltr'>ignorantiae</span> <span class='ocrx_word' id='word_1_61' title='bbox 1405 438 1491 475; x_wconf 84' lang='lat' dir='ltr'>tuae</span> <span class='ocrx_word' id='word_1_62' title='bbox 1526 431 1770 482; x_wconf 83' lang='lat' dir='ltr'>charitatis,</span> <span class='ocrx_word' id='word_1_63' title='bbox 1807 443 1891 487; x_wconf 80' lang='lat' dir='ltr'>qua</span> <span class='ocrx_word' id='word_1_64' title='bbox 1930 442 2108 474; x_wconf 87' lang='lat' dir='ltr'>suorum</span> <span class='ocrx_word' id='word_1_65' title='bbox 2141 431 2286 488; x_wconf 88' lang='lat' dir='ltr'>operis</span> <span class='ocrx_word' id='word_1_66' title='bbox 2330 431 2652 475; x_wconf 81' lang='lat' dir='ltr'>multitudinem</span> 
     </span>
     <span class='ocr_line' id='line_1_6' title="bbox 73 499 2654 560; baseline 0.002 -18"><span class='ocrx_word' id='word_1_67' title='bbox 73 499 282 551; x_wconf 84' lang='lat' dir='ltr'>tenebris,</span> <span class='ocrx_word' id='word_1_68' title='bbox 305 512 457 544; x_wconf 84' lang='lat' dir='ltr'>verum</span> <span class='ocrx_word' id='word_1_69' title='bbox 477 513 627 545; x_wconf 86' lang='lat' dir='ltr'>eorum</span> <span class='ocrx_word' id='word_1_70' title='bbox 651 513 774 546; x_wconf 89' lang='lat' dir='ltr'>mens</span> <span class='ocrx_word' id='word_1_71' title='bbox 795 502 956 546; x_wconf 87' lang='lat' dir='ltr'>interni</span> <span class='ocrx_word' id='word_1_72' title='bbox 979 502 1158 546; x_wconf 85' lang='lat' dir='ltr'>luminis</span> <span class='ocrx_word' id='word_1_73' title='bbox 1190 501 1322 557; x_wconf 82' lang='lat' dir='ltr'>jubar</span> <span class='ocrx_word' id='word_1_74' title='bbox 1406 511 1700 560; x_wconf 86' lang='lat' dir='ltr'>peccatorum,</span> <span class='ocrx_word' id='word_1_75' title='bbox 1720 503 2020 547; x_wconf 71' lang='lat' dir='ltr'>dulcedinibus</span> <span class='ocrx_word' id='word_1_76' title='bbox 2042 503 2301 553; x_wconf 82' lang='lat' dir='ltr'>innituntur,</span> <span class='ocrx_word' id='word_1_77' title='bbox 2324 510 2372 546; x_wconf 89' lang='lat' dir='ltr'>ut</span> <span class='ocrx_word' id='word_1_78' title='bbox 2389 504 2518 547; x_wconf 89' lang='lat' dir='ltr'>nullis</span> <span class='ocrx_word' id='word_1_79' title='bbox 2535 516 2654 560; x_wconf 88' lang='lat' dir='ltr'>pror-</span> 
     </span>
    </p>
   </div>
   <div class='ocr_carea' id='block_1_3' title="bbox 70 566 2651 706">
    <p class='ocr_par' dir='ltr' id='par_1_3' title="bbox 70 566 2651 706">
     <span class='ocr_line' id='line_1_7' title="bbox 74 566 2651 628; baseline 0.003 -14"><span class='ocrx_word' id='word_1_80' title='bbox 74 572 270 628; x_wconf 78' lang='lat' dir='ltr'>percipit.</span> <span class='ocrx_word' id='word_1_81' title='bbox 297 571 363 616; x_wconf 88' lang='lat' dir='ltr'>Tu</span> <span class='ocrx_word' id='word_1_82' title='bbox 402 573 550 625; x_wconf 84' lang='lat' dir='ltr'>etiam,</span> <span class='ocrx_word' id='word_1_83' title='bbox 575 585 600 616; x_wconf 92' lang='grc' dir='ltr'>ο</span> <span class='ocrx_word' id='word_1_84' title='bbox 626 571 814 628; x_wconf 83' lang='lat' dir='ltr'>Spiritus</span> <span class='ocrx_word' id='word_1_85' title='bbox 835 574 975 616; x_wconf 84' lang='lat' dir='ltr'>alme!</span> <span class='ocrx_word' id='word_1_86' title='bbox 1018 575 1061 616; x_wconf 91' lang='lat' dir='ltr'>in</span> <span class='ocrx_word' id='word_1_87' title='bbox 1085 574 1217 618; x_wconf 85' lang='lat' dir='ltr'>tertio</span> <span class='ocrx_word' id='word_1_88' title='bbox 1240 575 1323 617; x_wconf 87' lang='lat' dir='ltr'>hu·</span> <span class='ocrx_word' id='word_1_89' title='bbox 1405 588 1483 620; x_wconf 83' lang='lat' dir='ltr'>sus</span> <span class='ocrx_word' id='word_1_90' title='bbox 1505 577 1732 621; x_wconf 84' lang='lat' dir='ltr'>eventibus</span> <span class='ocrx_word' id='word_1_91' title='bbox 1756 588 1779 618; x_wconf 91' lang='lat' dir='ltr'>a</span> <span class='ocrx_word' id='word_1_92' title='bbox 1805 582 1846 620; x_wconf 88' lang='lat' dir='ltr'>te</span> <span class='ocrx_word' id='word_1_93' title='bbox 1868 575 1912 619; x_wconf 78' lang='lat' dir='ltr'>in</span> <span class='ocrx_word' id='word_1_94' title='bbox 1944 566 2152 620; x_wconf 77' lang='lat' dir='ltr'>aeternum</span> <span class='ocrx_word' id='word_1_95' title='bbox 2185 589 2232 621; x_wconf 91' lang='lat' dir='ltr'>se</span> <span class='ocrx_word' id='word_1_96' title='bbox 2255 577 2499 622; x_wconf 76' lang='lat' dir='ltr'>avellendos</span> <span class='ocrx_word' id='word_1_97' title='bbox 2536 577 2651 621; x_wconf 88' lang='lat' dir='ltr'>arbi·</span> 
     </span>
     <span class='ocr_line' id='line_1_8' title="bbox 70 642 1591 706; baseline 0.005 -20"><span class='ocrx_word' id='word_1_98' title='bbox 70 643 142 699; x_wconf 73' lang='lat' dir='ltr'>ius</span> <span class='ocrx_word' id='word_1_99' title='bbox 165 642 218 688; x_wconf 92' lang='lat' dir='ltr'>dc</span> <span class='ocrx_word' id='word_1_100' title='bbox 241 655 324 700; x_wconf 86' lang='lat' dir='ltr'>qua</span> <span class='ocrx_word' id='word_1_101' title='bbox 342 644 432 701; x_wconf 80' lang='lat' dir='ltr'>jam</span> <span class='ocrx_word' id='word_1_102' title='bbox 462 645 544 688; x_wconf 84' lang='lat' dir='ltr'>ista</span> <span class='ocrx_word' id='word_1_103' title='bbox 570 645 685 688; x_wconf 81' lang='lat' dir='ltr'>dicta</span> <span class='ocrx_word' id='word_1_104' title='bbox 719 651 821 689; x_wconf 87' lang='lat' dir='ltr'>sunt</span> <span class='ocrx_word' id='word_1_105' title='bbox 844 645 1222 704; x_wconf 75' lang='lat' dir='ltr'>contemplationis</span> <span class='ocrx_word' id='word_1_106' title='bbox 1248 660 1322 706; x_wconf 85' lang='lat' dir='ltr'>ge·</span> <span class='ocrx_word' id='word_1_107' title='bbox 1405 652 1591 698; x_wconf 79' lang='lat' dir='ltr'>trentur.</span> 
     </span>
    </p>
   </div>
   <div class='ocr_carea' id='block_1_4' title="bbox 0 481 72 4588">
    <p class='ocr_par' dir='ltr' id='par_1_4' title="bbox 0 481 72 4588">
     <span class='ocr_line' id='line_1_9' title="bbox 0 481 72 4588; baseline 0 0"><span class='ocrx_word' id='word_1_108' title='bbox 0 481 72 4588; x_wconf 95' lang='lat' dir='ltr'> </span> 
     </span>
    </p>
   </div>
   <div class='ocr_carea' id='block_1_5' title="bbox 663 834 1115 843">
    <p class='ocr_par' dir='ltr' id='par_1_5' title="bbox 663 834 1115 843">
     <span class='ocr_line' id='line_1_10' title="bbox 663 834 1115 843; baseline 0.002 -1"><span class='ocrx_word' id='word_1_109' title='bbox 663 834 1115 843; x_wconf 56' lang='lat' dir='ltr'>-a-——n--m</span> 
     </span>
    </p>
   </div>
   <div class='ocr_carea' id='block_1_6' title="bbox 88 831 1988 861">
    <p class='ocr_par' dir='ltr' id='par_1_6' title="bbox 88 831 1988 861">
     <span class='ocr_line' id='line_1_11' title="bbox 88 831 1988 861; baseline 0 3727"><span class='ocrx_word' id='word_1_110' title='bbox 88 831 1988 861; x_wconf 95' lang='lat' dir='ltr'> </span> 
     </span>
    </p>
   </div>
   <div class='ocr_carea' id='block_1_7' title="bbox 320 1018 2397 1109">
    <p class='ocr_par' dir='ltr' id='par_1_7' title="bbox 320 1018 2397 1109">
     <span class='ocr_line' id='line_1_12' title="bbox 320 1018 2397 1109; baseline 0 -17"><span class='ocrx_word' id='word_1_111' title='bbox 320 1018 870 1094; x_wconf 81' lang='lat' dir='ltr'><strong>ADMONITIO</strong></span> <span class='ocrx_word' id='word_1_112' title='bbox 935 1019 1034 1091; x_wconf 88' lang='lat' dir='ltr'>IN</span> <span class='ocrx_word' id='word_1_113' title='bbox 1103 1018 1679 1093; x_wconf 85' lang='lat' dir='ltr'>OPUSCULUM</span> <span class='ocrx_word' id='word_1_114' title='bbox 1753 1020 2397 1109; x_wconf 82' lang='lat' dir='ltr'><strong>SUBSEQUENS.</strong></span> 
     </span>
    </p>
   </div>
   <div class='ocr_carea' id='block_1_8' title="bbox 686 1217 2043 1276">
    <p class='ocr_par' dir='ltr' id='par_1_8' title="bbox 686 1217 2043 1276">
     <span class='ocr_line' id='line_1_13' title="bbox 686 1217 2043 1276; baseline -0.001 -13"><span class='ocrx_word' id='word_1_115' title='bbox 686 1221 766 1266; x_wconf 74' lang='lat' dir='ltr'>(Ex</span> <span class='ocrx_word' id='word_1_116' title='bbox 785 1222 963 1266; x_wconf 86' lang='lat' dir='ltr'>Dissert.</span> <span class='ocrx_word' id='word_1_117' title='bbox 987 1220 1037 1265; x_wconf 84' lang='lat' dir='ltr'>R.</span> <span class='ocrx_word' id='word_1_118' title='bbox 1062 1220 1110 1265; x_wconf 88' lang='lat' dir='ltr'>P.</span> <span class='ocrx_word' id='word_1_119' title='bbox 1137 1218 1184 1264; x_wconf 89' lang='lat' dir='ltr'>B.</span> <span class='ocrx_word' id='word_1_120' title='bbox 1210 1218 1327 1263; x_wconf 87' lang='lat' dir='ltr'>Pezii</span> <span class='ocrx_word' id='word_1_121' title='bbox 1351 1218 1404 1263; x_wconf 88' lang='lat' dir='ltr'>ad</span> <span class='ocrx_word' id='word_1_122' title='bbox 1422 1226 1526 1263; x_wconf 89' lang='lat' dir='ltr'>tom.</span> <span class='ocrx_word' id='word_1_123' title='bbox 1552 1217 1810 1270; x_wconf 67' lang='lat' dir='ltr'>lAnecdoe„</span> <span class='ocrx_word' id='word_1_124' title='bbox 1838 1230 1880 1276; x_wconf 86' lang='lat' dir='ltr'>p.</span> <span class='ocrx_word' id='word_1_125' title='bbox 1903 1218 2043 1276; x_wconf 69' lang='lat' dir='ltr'>cxxi.)</span> 
     </span>
    </p>
   </div>
   <div class='ocr_carea' id='block_1_9' title="bbox 1172 1384 1443 1394">
    <p class='ocr_par' dir='ltr' id='par_1_9' title="bbox 1172 1384 1443 1394">
     <span class='ocr_line' id='line_1_14' title="bbox 1172 1384 1443 1394; baseline 0 0"><span class='ocrx_word' id='word_1_126' title='bbox 1172 1384 1443 1394; x_wconf 95' lang='lat' dir='ltr'> </span> 
     </span>
    </p>
   </div>
   <div class='ocr_carea' id='block_1_10' title="bbox 0 1523 2662 3261">
    <p class='ocr_par' dir='ltr' id='par_1_10' title="bbox 0 1523 2662 3261">
     <span class='ocr_line' id='line_1_15' title="bbox 129 1523 2657 1580; baseline 0.001 -12"><span class='ocrx_word' id='word_1_127' title='bbox 129 1525 243 1578; x_wconf 89' lang='lat' dir='ltr'>Quot</span> <span class='ocrx_word' id='word_1_128' title='bbox 260 1525 493 1578; x_wconf 68' lang='lat' dir='ltr'>quantique</span> <span class='ocrx_word' id='word_1_129' title='bbox 510 1534 681 1568; x_wconf 88' lang='lat' dir='ltr'>errores</span> <span class='ocrx_word' id='word_1_130' title='bbox 695 1525 739 1567; x_wconf 91' lang='lat' dir='ltr'>in</span> <span class='ocrx_word' id='word_1_131' title='bbox 762 1523 1070 1580; x_wconf 67' lang='lat' dir='ltr'>consignandis</span> <span class='ocrx_word' id='word_1_132' title='bbox 1089 1525 1360 1580; x_wconf 73' lang='lat' dir='ltr'>rebushujiis</span> <span class='ocrx_word' id='word_1_133' title='bbox 1377 1525 1526 1567; x_wconf 79' lang='lat' dir='ltr'>Adami</span> <span class='ocrx_word' id='word_1_134' title='bbox 1547 1537 1571 1566; x_wconf 75' lang='lat' dir='ltr'>a</span> <span class='ocrx_word' id='word_1_135' title='bbox 1592 1524 1695 1569; x_wconf 75' lang='lat' dir='ltr'>viris</span> <span class='ocrx_word' id='word_1_136' title='bbox 1708 1524 1847 1569; x_wconf 85' lang='lat' dir='ltr'>doctis</span> <span class='ocrx_word' id='word_1_137' title='bbox 1870 1524 2052 1569; x_wconf 82' lang='lat' dir='ltr'>admissi</span> <span class='ocrx_word' id='word_1_138' title='bbox 2076 1524 2424 1575; x_wconf 77' lang='lat' dir='ltr'>tuerint‚vi‹lesis</span> <span class='ocrx_word' id='word_1_139' title='bbox 2444 1523 2657 1571; x_wconf 84' lang='lat' dir='ltr'>ineruditi</span> 
     </span>
     <span class='ocr_line' id='line_1_16' title="bbox 1 1579 2657 1637; baseline 0.001 -14"><span class='ocrx_word' id='word_1_140' title='bbox 1 1619 5 1627; x_wconf 81' lang='grc'><strong>,</strong></span> <span class='ocrx_word' id='word_1_141' title='bbox 81 1581 158 1623; x_wconf 73' lang='lat' dir='ltr'>viri</span> <span class='ocrx_word' id='word_1_142' title='bbox 175 1579 394 1624; x_wconf 74' lang='lat' dir='ltr'>Godet‘ridi</span> <span class='ocrx_word' id='word_1_143' title='bbox 416 1580 702 1630; x_wconf 61' lang='lat' dir='ltr'>Gisiselberti,</span> <span class='ocrx_word' id='word_1_144' title='bbox 727 1581 928 1623; x_wconf 87' lang='lat' dir='ltr'>canonici</span> <span class='ocrx_word' id='word_1_145' title='bbox 947 1579 1378 1626; x_wconf 82' lang='lat' dir='ltr'>Praemonstratensis</span> <span class='ocrx_word' id='word_1_146' title='bbox 1397 1580 1510 1637; x_wconf 85' lang='lat' dir='ltr'>apud</span> <span class='ocrx_word' id='word_1_147' title='bbox 1534 1579 1806 1631; x_wconf 77' lang='lat' dir='ltr'>Furnenses‚</span> <span class='ocrx_word' id='word_1_148' title='bbox 1836 1581 2160 1625; x_wconf 79' lang='lat' dir='ltr'>introductione</span> <span class='ocrx_word' id='word_1_149' title='bbox 2178 1581 2231 1624; x_wconf 88' lang='lat' dir='ltr'>ad</span> <span class='ocrx_word' id='word_1_150' title='bbox 2262 1580 2401 1636; x_wconf 80' lang='lat' dir='ltr'>Opera</span> <span class='ocrx_word' id='word_1_151' title='bbox 2423 1581 2574 1625; x_wconf 85' lang='lat' dir='ltr'>Adami</span> <span class='ocrx_word' id='word_1_152' title='bbox 2603 1585 2657 1626; x_wconf 88' lang='lat' dir='ltr'>ah</span> 
     </span>
     <span class='ocr_line' id='line_1_17' title="bbox 0 1636 2657 1692; baseline -0 -9"><span class='ocrx_word' id='word_1_153' title='bbox 0 1651 7 1683; x_wconf 69' lang='lat' dir='ltr'>,t</span> <span class='ocrx_word' id='word_1_154' title='bbox 77 1649 125 1680; x_wconf 81' lang='lat' dir='ltr'>se</span> <span class='ocrx_word' id='word_1_155' title='bbox 158 1638 204 1680; x_wconf 85' lang='lat' dir='ltr'>in</span> <span class='ocrx_word' id='word_1_156' title='bbox 243 1636 346 1679; x_wconf 79' lang='lat' dir='ltr'>solio</span> <span class='ocrx_word' id='word_1_157' title='bbox 369 1637 547 1679; x_wconf 83' lang='lat' dir='ltr'>collecta</span> <span class='ocrx_word' id='word_1_158' title='bbox 573 1642 619 1680; x_wconf 90' lang='lat' dir='ltr'>et</span> <span class='ocrx_word' id='word_1_159' title='bbox 649 1636 764 1680; x_wconf 84' lang='lat' dir='ltr'>edita</span> <span class='ocrx_word' id='word_1_160' title='bbox 794 1636 1043 1692; x_wconf 79' lang='lat' dir='ltr'>Autuerpiae</span> <span class='ocrx_word' id='word_1_161' title='bbox 1071 1637 1186 1691; x_wconf 82' lang='lat' dir='ltr'>apud</span> <span class='ocrx_word' id='word_1_162' title='bbox 1208 1637 1380 1681; x_wconf 85' lang='lat' dir='ltr'>Petrum</span> <span class='ocrx_word' id='word_1_163' title='bbox 1405 1637 1617 1680; x_wconf 83' lang='lat' dir='ltr'>Bellerum</span> <span class='ocrx_word' id='word_1_164' title='bbox 1644 1637 1769 1681; x_wconf 75' lang='lat'>1659.</span> <span class='ocrx_word' id='word_1_165' title='bbox 1796 1636 1853 1680; x_wconf 88' lang='lat' dir='ltr'>Ut</span> <span class='ocrx_word' id='word_1_166' title='bbox 1883 1637 1991 1680; x_wconf 85' lang='lat' dir='ltr'>adeo</span> <span class='ocrx_word' id='word_1_167' title='bbox 2021 1636 2129 1681; x_wconf 88' lang='lat' dir='ltr'>satis</span> <span class='ocrx_word' id='word_1_168' title='bbox 2152 1637 2301 1679; x_wconf 86' lang='lat' dir='ltr'>mirari</span> <span class='ocrx_word' id='word_1_169' title='bbox 2334 1649 2417 1680; x_wconf 91' lang='lat' dir='ltr'>non</span> <span class='ocrx_word' id='word_1_170' title='bbox 2437 1638 2657 1691; x_wconf 84' lang='lat' dir='ltr'>possimus</span> 
     </span>
     <span class='ocr_line' id='line_1_18' title="bbox 5 1691 2654 1748; baseline 0 -13"><span class='ocrx_word' id='word_1_171' title='bbox 5 1726 7 1730; x_wconf 16' lang='grc' dir='ltr'><em>Α</em></span> <span class='ocrx_word' id='word_1_172' title='bbox 74 1691 334 1737; x_wconf 75' lang='lat' dir='ltr'>(iasimirum</span> <span class='ocrx_word' id='word_1_173' title='bbox 367 1691 582 1736; x_wconf 86' lang='lat' dir='ltr'>Oudinum</span> <span class='ocrx_word' id='word_1_174' title='bbox 602 1725 613 1744; x_wconf 86' lang='lat'>‚</span> <span class='ocrx_word' id='word_1_175' title='bbox 637 1693 712 1748; x_wconf 85' lang='lat' dir='ltr'>qui</span> <span class='ocrx_word' id='word_1_176' title='bbox 747 1693 792 1735; x_wconf 84' lang='lat' dir='ltr'>in</span> <span class='ocrx_word' id='word_1_177' title='bbox 823 1693 1034 1748; x_wconf 80' lang='lat' dir='ltr'>supplem.</span> <span class='ocrx_word' id='word_1_178' title='bbox 1083 1693 1138 1736; x_wconf 90' lang='lat' dir='ltr'>ad</span> <span class='ocrx_word' id='word_1_179' title='bbox 1159 1692 1409 1736; x_wconf 84' lang='lat' dir='ltr'>Bellarmini</span> <span class='ocrx_word' id='word_1_180' title='bbox 1433 1693 1592 1747; x_wconf 86' lang='lat' dir='ltr'>Script.</span> <span class='ocrx_word' id='word_1_181' title='bbox 1618 1692 1785 1738; x_wconf 86' lang='lat' dir='ltr'>Ecclcs.</span> <span class='ocrx_word' id='word_1_182' title='bbox 1826 1704 1908 1748; x_wconf 75' lang='lat' dir='ltr'>pag</span> <span class='ocrx_word' id='word_1_183' title='bbox 1940 1692 2198 1743; x_wconf 62' lang='lat' dir='ltr'>472‚etiam</span> <span class='ocrx_word' id='word_1_184' title='bbox 2231 1698 2328 1747; x_wconf 85' lang='lat' dir='ltr'>post</span> <span class='ocrx_word' id='word_1_185' title='bbox 2360 1700 2654 1748; x_wconf 83' lang='lat' dir='ltr'>procuratam,</span> 
     </span>
     <span class='ocr_line' id='line_1_19' title="bbox 75 1747 2659 1804; baseline 0.001 -13"><span class='ocrx_word' id='word_1_186' title='bbox 75 1760 204 1804; x_wconf 81' lang='lat' dir='ltr'>quam</span> <span class='ocrx_word' id='word_1_187' title='bbox 232 1747 394 1798; x_wconf 85' lang='lat' dir='ltr'>laudat,</span> <span class='ocrx_word' id='word_1_188' title='bbox 422 1747 686 1792; x_wconf 85' lang='lat' dir='ltr'>Ghiselberti</span> <span class='ocrx_word' id='word_1_189' title='bbox 713 1748 948 1792; x_wconf 83' lang='lat' dir='ltr'>editionem</span> <span class='ocrx_word' id='word_1_190' title='bbox 978 1748 1131 1791; x_wconf 81' lang='lat' dir='ltr'>scribit</span> <span class='ocrx_word' id='word_1_191' title='bbox 1154 1748 1364 1792; x_wconf 83' lang='lat' dir='ltr'>Adamum</span> <span class='ocrx_word' id='word_1_192' title='bbox 1389 1750 1566 1791; x_wconf 79' lang='lat' dir='ltr'>natione</span> <span class='ocrx_word' id='word_1_193' title='bbox 1595 1748 1772 1792; x_wconf 84' lang='lat' dir='ltr'>Scotum</span> <span class='ocrx_word' id='word_1_194' title='bbox 1808 1749 2068 1792; x_wconf 81' lang='lat' dir='ltr'>canonicum</span> <span class='ocrx_word' id='word_1_195' title='bbox 2104 1747 2360 1804; x_wconf 80' lang='lat' dir='ltr'>Regularem</span> <span class='ocrx_word' id='word_1_196' title='bbox 2383 1749 2581 1793; x_wconf 86' lang='lat' dir='ltr'>floruisse</span> <span class='ocrx_word' id='word_1_197' title='bbox 2605 1751 2659 1793; x_wconf 89' lang='lat' dir='ltr'>ab</span> 
     </span>
     <span class='ocr_line' id='line_1_20' title="bbox 3 1803 2659 1860; baseline -0.001 -11"><span class='ocrx_word' id='word_1_198' title='bbox 3 1824 7 1849; x_wconf 64' lang='lat'>22</span> <span class='ocrx_word' id='word_1_199' title='bbox 77 1815 191 1846; x_wconf 84' lang='lat' dir='ltr'>anno</span> <span class='ocrx_word' id='word_1_200' title='bbox 213 1803 323 1846; x_wconf 67' lang='lat'>{172</span> <span class='ocrx_word' id='word_1_201' title='bbox 342 1809 387 1847; x_wconf 85' lang='lat' dir='ltr'>et</span> <span class='ocrx_word' id='word_1_202' title='bbox 405 1805 686 1860; x_wconf 82' lang='lat' dir='ltr'>sequentibus</span> <span class='ocrx_word' id='word_1_203' title='bbox 702 1817 839 1860; x_wconf 80' lang='lat' dir='ltr'>usque</span> <span class='ocrx_word' id='word_1_204' title='bbox 862 1804 917 1846; x_wconf 90' lang='lat' dir='ltr'>ad</span> <span class='ocrx_word' id='word_1_205' title='bbox 939 1816 1101 1846; x_wconf 72' lang='lat' dir='ltr'>annum</span> <span class='ocrx_word' id='word_1_206' title='bbox 1125 1805 1236 1847; x_wconf 77' lang='lat'><strong>1180</strong></span> <span class='ocrx_word' id='word_1_207' title='bbox 1251 1837 1262 1854; x_wconf 88' lang='lat'>,</span> <span class='ocrx_word' id='word_1_208' title='bbox 1287 1816 1384 1848; x_wconf 85' lang='lat' dir='ltr'>cum</span> <span class='ocrx_word' id='word_1_209' title='bbox 1405 1803 1704 1860; x_wconf 81' lang='lat' dir='ltr'>Ghiselbertus</span> <span class='ocrx_word' id='word_1_210' title='bbox 1722 1816 1817 1860; x_wconf 87' lang='lat' dir='ltr'>cap.</span> <span class='ocrx_word' id='word_1_211' title='bbox 1844 1805 1896 1847; x_wconf 74' lang='lat'>14</span> <span class='ocrx_word' id='word_1_212' title='bbox 1926 1806 2088 1848; x_wconf 88' lang='lat' dir='ltr'>diserte</span> <span class='ocrx_word' id='word_1_213' title='bbox 2112 1804 2263 1848; x_wconf 88' lang='lat' dir='ltr'>doceat</span> <span class='ocrx_word' id='word_1_214' title='bbox 2280 1804 2514 1854; x_wconf 83' lang='lat' dir='ltr'>Adamum.</span> <span class='ocrx_word' id='word_1_215' title='bbox 2544 1818 2659 1848; x_wconf 84' lang='lat' dir='ltr'>anno</span> 
     </span>
     <span class='ocr_line' id='line_1_21' title="bbox 76 1858 2660 1917; baseline 0.001 -15"><span class='ocrx_word' id='word_1_216' title='bbox 76 1859 248 1902; x_wconf 74' lang='lat' dir='ltr'>circiter</span> <span class='ocrx_word' id='word_1_217' title='bbox 275 1860 383 1902; x_wconf 83' lang='lat'><strong>1186</strong></span> <span class='ocrx_word' id='word_1_218' title='bbox 408 1860 462 1902; x_wconf 85' lang='lat' dir='ltr'>ad</span> <span class='ocrx_word' id='word_1_219' title='bbox 484 1861 643 1903; x_wconf 75' lang='lat' dir='ltr'>infulas</span> <span class='ocrx_word' id='word_1_220' title='bbox 667 1858 838 1904; x_wconf 82' lang='lat' dir='ltr'>demum</span> <span class='ocrx_word' id='word_1_221' title='bbox 864 1866 1117 1917; x_wconf 80' lang='lat' dir='ltr'>provectum</span> <span class='ocrx_word' id='word_1_222' title='bbox 1143 1859 1292 1912; x_wconf 77' lang='lat' dir='ltr'>fuisse,</span> <span class='ocrx_word' id='word_1_223' title='bbox 1315 1873 1438 1916; x_wconf 77' lang='lat' dir='ltr'>quas,</span> <span class='ocrx_word' id='word_1_224' title='bbox 1462 1861 1622 1916; x_wconf 77' lang='lat' dir='ltr'>inquit,</span> <span class='ocrx_word' id='word_1_225' title='bbox 1645 1861 1790 1904; x_wconf 83' lang='lat' dir='ltr'>lustris</span> <span class='ocrx_word' id='word_1_226' title='bbox 1816 1861 1973 1916; x_wconf 79' lang='lat' dir='ltr'>aliquot</span> <span class='ocrx_word' id='word_1_227' title='bbox 1997 1860 2179 1903; x_wconf 77' lang='lat' dir='ltr'>tenuisse</span> <span class='ocrx_word' id='word_1_228' title='bbox 2200 1861 2479 1915; x_wconf 80' lang='lat' dir='ltr'>propensioris</span> <span class='ocrx_word' id='word_1_229' title='bbox 2501 1869 2563 1903; x_wconf 81' lang='lat' dir='ltr'>est</span> <span class='ocrx_word' id='word_1_230' title='bbox 2587 1875 2660 1904; x_wconf 84' lang='lat' dir='ltr'>ar-</span> 
     </span>
     <span class='ocr_line' id='line_1_22' title="bbox 77 1915 2657 1972; baseline 0 -16"><span class='ocrx_word' id='word_1_231' title='bbox 77 1915 205 1959; x_wconf 77' lang='lat' dir='ltr'>bitrii.</span> <span class='ocrx_word' id='word_1_232' title='bbox 227 1915 311 1959; x_wconf 88' lang='lat' dir='ltr'>Sed</span> <span class='ocrx_word' id='word_1_233' title='bbox 334 1922 377 1960; x_wconf 88' lang='lat' dir='ltr'>et</span> <span class='ocrx_word' id='word_1_234' title='bbox 410 1917 552 1972; x_wconf 86' lang='lat' dir='ltr'>ipsum</span> <span class='ocrx_word' id='word_1_235' title='bbox 582 1915 902 1965; x_wconf 79' lang='lat' dir='ltr'>Ghiselhertum</span> <span class='ocrx_word' id='word_1_236' title='bbox 927 1916 1071 1959; x_wconf 88' lang='lat' dir='ltr'>minus</span> <span class='ocrx_word' id='word_1_237' title='bbox 1106 1922 1308 1960; x_wconf 83' lang='lat' dir='ltr'>accurate</span> <span class='ocrx_word' id='word_1_238' title='bbox 1341 1917 1777 1960; x_wconf 79' lang='lat' dir='ltr'>archimonasterium</span> <span class='ocrx_word' id='word_1_239' title='bbox 1808 1915 2249 1966; x_wconf 59' lang='lat' dir='ltr'>praemonstratense,</span> <span class='ocrx_word' id='word_1_240' title='bbox 2278 1918 2323 1959; x_wconf 90' lang='lat' dir='ltr'>in</span> <span class='ocrx_word' id='word_1_241' title='bbox 2354 1922 2440 1971; x_wconf 88' lang='lat' dir='ltr'>quo</span> <span class='ocrx_word' id='word_1_242' title='bbox 2462 1917 2657 1960; x_wconf 88' lang='lat' dir='ltr'>ordinem</span> 
     </span>
     <span class='ocr_line' id='line_1_23' title="bbox 75 1970 2657 2028; baseline 0 -13"><span class='ocrx_word' id='word_1_243' title='bbox 75 1970 530 2015; x_wconf 67' lang='lat' dir='ltr'>praemonstratensem</span> <span class='ocrx_word' id='word_1_244' title='bbox 564 1973 751 2027; x_wconf 86' lang='lat' dir='ltr'>primum</span> <span class='ocrx_word' id='word_1_245' title='bbox 779 1972 1004 2028; x_wconf 78' lang='lat' dir='ltr'>protessus</span> <span class='ocrx_word' id='word_1_246' title='bbox 1027 1972 1109 2023; x_wconf 84' lang='lat' dir='ltr'>sit,</span> <span class='ocrx_word' id='word_1_247' title='bbox 1135 1972 1300 2015; x_wconf 74' lang='lat' dir='ltr'>Adamo</span> <span class='ocrx_word' id='word_1_248' title='bbox 1329 1973 1551 2028; x_wconf 79' lang='lat' dir='ltr'>assignare</span> <span class='ocrx_word' id='word_1_249' title='bbox 1569 2004 1579 2021; x_wconf 92' lang='lat'>‚</span> <span class='ocrx_word' id='word_1_250' title='bbox 1607 1985 1694 2015; x_wconf 89' lang='lat' dir='ltr'>non</span> <span class='ocrx_word' id='word_1_251' title='bbox 1730 1973 1916 2015; x_wconf 75' lang='lat' dir='ltr'>obscure</span> <span class='ocrx_word' id='word_1_252' title='bbox 1937 1972 2127 2016; x_wconf 87' lang='lat' dir='ltr'>ostendit</span> <span class='ocrx_word' id='word_1_253' title='bbox 2148 1973 2350 2028; x_wconf 83' lang='lat' dir='ltr'>prologus</span> <span class='ocrx_word' id='word_1_254' title='bbox 2375 1976 2420 2016; x_wconf 86' lang='lat' dir='ltr'>in</span> <span class='ocrx_word' id='word_1_255' title='bbox 2442 1972 2599 2015; x_wconf 86' lang='lat' dir='ltr'>librum</span> <span class='ocrx_word' id='word_1_256' title='bbox 2626 1985 2657 2015; x_wconf 83' lang='lat'>1.</span> 
     </span>
     <span class='ocr_line' id='line_1_24' title="bbox 39 2026 2658 2084; baseline 0 -14"><span class='ocrx_word' id='word_1_257' title='bbox 39 2051 42 2054; x_wconf 22' lang='grc' dir='ltr'><strong>Δ</strong></span> <span class='ocrx_word' id='word_1_258' title='bbox 77 2026 299 2083; x_wconf 79' lang='lat' dir='ltr'>Soliloquii</span> <span class='ocrx_word' id='word_1_259' title='bbox 313 2027 362 2068; x_wconf 84' lang='lat' dir='ltr'>de</span> <span class='ocrx_word' id='word_1_260' title='bbox 384 2028 654 2071; x_wconf 74' lang='lat' dir='ltr'>instructione</span> <span class='ocrx_word' id='word_1_261' title='bbox 669 2029 836 2078; x_wconf 78' lang='lat' dir='ltr'>animae,</span> <span class='ocrx_word' id='word_1_262' title='bbox 855 2027 1083 2084; x_wconf 77' lang='lat' dir='ltr'>ubirogat,</span> <span class='ocrx_word' id='word_1_263' title='bbox 1104 2035 1152 2071; x_wconf 84' lang='lat' dir='ltr'>ut</span> <span class='ocrx_word' id='word_1_264' title='bbox 1174 2028 1332 2070; x_wconf 81' lang='lat' dir='ltr'>domini</span> <span class='ocrx_word' id='word_1_265' title='bbox 1361 2027 1567 2070; x_wconf 70' lang='lat' dir='ltr'>reverendi</span> <span class='ocrx_word' id='word_1_266' title='bbox 1584 2035 1622 2071; x_wconf 84' lang='lat' dir='ltr'>et</span> <span class='ocrx_word' id='word_1_267' title='bbox 1641 2028 1790 2071; x_wconf 76' lang='lat' dir='ltr'>Patres</span> <span class='ocrx_word' id='word_1_268' title='bbox 1816 2027 2069 2079; x_wconf 78' lang='lat' dir='ltr'>charissimi,</span> <span class='ocrx_word' id='word_1_269' title='bbox 2083 2029 2240 2082; x_wconf 85' lang='lat' dir='ltr'>quibus</span> <span class='ocrx_word' id='word_1_270' title='bbox 2256 2029 2514 2084; x_wconf 86' lang='lat' dir='ltr'>opusculum</span> <span class='ocrx_word' id='word_1_271' title='bbox 2531 2041 2658 2072; x_wconf 88' lang='lat' dir='ltr'>suum</span> 
     </span>
     <span class='ocr_line' id='line_1_25' title="bbox 74 2083 2657 2139; baseline 0 -14"><span class='ocrx_word' id='word_1_272' title='bbox 74 2083 212 2127; x_wconf 79' lang='lat' dir='ltr'>Adam</span> <span class='ocrx_word' id='word_1_273' title='bbox 237 2084 475 2138; x_wconf 82' lang='lat' dir='ltr'>inscripsit,</span> <span class='ocrx_word' id='word_1_274' title='bbox 495 2085 671 2138; x_wconf 67' lang='lat' dir='ltr'>offerant</span> <span class='ocrx_word' id='word_1_275' title='bbox 689 2083 978 2127; x_wconf 73' lang='lat' dir='ltr'>holocaustum</span> <span class='ocrx_word' id='word_1_276' title='bbox 999 2096 1073 2138; x_wconf 86' lang='lat' dir='ltr'>pro</span> <span class='ocrx_word' id='word_1_277' title='bbox 1097 2085 1184 2138; x_wconf 77' lang='lat' dir='ltr'>lilio</span> <span class='ocrx_word' id='word_1_278' title='bbox 1216 2085 1324 2126; x_wconf 85' lang='lat' dir='ltr'>uteri</span> <span class='ocrx_word' id='word_1_279' title='bbox 1356 2085 1443 2133; x_wconf 77' lang='lat' dir='ltr'>sui,</span> <span class='ocrx_word' id='word_1_280' title='bbox 1465 2097 1513 2126; x_wconf 79' lang='lat' dir='ltr'>ne</span> <span class='ocrx_word' id='word_1_281' title='bbox 1537 2084 1643 2139; x_wconf 71' lang='lat' dir='ltr'>form</span> <span class='ocrx_word' id='word_1_282' title='bbox 1659 2091 1810 2138; x_wconf 82' lang='lat' dir='ltr'>peccet.</span> <span class='ocrx_word' id='word_1_283' title='bbox 1831 2083 1959 2138; x_wconf 80' lang='lat' dir='ltr'>Atqui</span> <span class='ocrx_word' id='word_1_284' title='bbox 1992 2083 2215 2139; x_wconf 83' lang='lat' dir='ltr'>inscripsit</span> <span class='ocrx_word' id='word_1_285' title='bbox 2245 2085 2287 2127; x_wconf 91' lang='lat' dir='ltr'>in</span> <span class='ocrx_word' id='word_1_286' title='bbox 2310 2083 2444 2127; x_wconf 84' lang='lat' dir='ltr'>Adam</span> <span class='ocrx_word' id='word_1_287' title='bbox 2467 2085 2657 2127; x_wconf 76' lang='lat' dir='ltr'>Dominis</span> 
     </span>
     <span class='ocr_line' id='line_1_26' title="bbox 74 2139 2658 2195; baseline 0 -13"><span class='ocrx_word' id='word_1_288' title='bbox 74 2141 166 2182; x_wconf 72' lang='lat' dir='ltr'>suis</span> <span class='ocrx_word' id='word_1_289' title='bbox 183 2139 425 2186; x_wconf 70' lang='lat' dir='ltr'>venerandis</span> <span class='ocrx_word' id='word_1_290' title='bbox 443 2147 482 2183; x_wconf 87' lang='lat' dir='ltr'>et</span> <span class='ocrx_word' id='word_1_291' title='bbox 512 2141 657 2182; x_wconf 53' lang='lat' dir='ltr'>altricis</span> <span class='ocrx_word' id='word_1_292' title='bbox 680 2141 723 2183; x_wconf 79' lang='lat' dir='ltr'>in</span> <span class='ocrx_word' id='word_1_293' title='bbox 753 2139 916 2183; x_wconf 75' lang='lat' dir='ltr'>Christi</span> <span class='ocrx_word' id='word_1_294' title='bbox 929 2139 1153 2184; x_wconf 65' lang='lat' dir='ltr'>uisceribus</span> <span class='ocrx_word' id='word_1_295' title='bbox 1173 2140 1334 2182; x_wconf 76' lang='lat' dir='ltr'>dilectis</span> <span class='ocrx_word' id='word_1_296' title='bbox 1354 2141 1470 2187; x_wconf 77' lang='lat' dir='ltr'>viris,</span> <span class='ocrx_word' id='word_1_297' title='bbox 1498 2140 1658 2183; x_wconf 75' lang='lat' dir='ltr'>illustri</span> <span class='ocrx_word' id='word_1_298' title='bbox 1688 2140 1856 2184; x_wconf 76' lang='lat' dir='ltr'>dotnino</span> <span class='ocrx_word' id='word_1_299' title='bbox 1880 2140 2111 2190; x_wconf 82' lang='lat' dir='ltr'>Waltbero,</span> <span class='ocrx_word' id='word_1_300' title='bbox 2140 2140 2271 2194; x_wconf 81' lang='lat' dir='ltr'>priori</span> <span class='ocrx_word' id='word_1_301' title='bbox 2289 2147 2328 2182; x_wconf 87' lang='lat' dir='ltr'>et</span> <span class='ocrx_word' id='word_1_302' title='bbox 2347 2141 2549 2183; x_wconf 75' lang='lat' dir='ltr'>universis</span> <span class='ocrx_word' id='word_1_303' title='bbox 2566 2141 2658 2195; x_wconf 81' lang='lat' dir='ltr'>[ra-</span> 
     </span>
     <span class='ocr_line' id='line_1_27' title="bbox 79 2194 2658 2251; baseline 0.001 -15"><span class='ocrx_word' id='word_1_304' title='bbox 79 2194 208 2238; x_wconf 79' lang='lat' dir='ltr'>tribus</span> <span class='ocrx_word' id='word_1_305' title='bbox 227 2196 268 2238; x_wconf 86' lang='lat' dir='ltr'>in</span> <span class='ocrx_word' id='word_1_306' title='bbox 290 2195 478 2238; x_wconf 70' lang='lat' dir='ltr'>Ecclesia</span> <span class='ocrx_word' id='word_1_307' title='bbox 498 2195 543 2245; x_wconf 86' lang='lat' dir='ltr'>S.</span> <span class='ocrx_word' id='word_1_308' title='bbox 564 2195 742 2239; x_wconf 74' lang='lat' dir='ltr'>Andrece</span> <span class='ocrx_word' id='word_1_309' title='bbox 758 2195 802 2238; x_wconf 81' lang='lat' dir='ltr'>in</span> <span class='ocrx_word' id='word_1_310' title='bbox 825 2195 971 2244; x_wconf 77' lang='lat' dir='ltr'>Scotta</span> <span class='ocrx_word' id='word_1_311' title='bbox 995 2194 1155 2240; x_wconf 76' lang='lat' dir='ltr'>Christi-</span> <span class='ocrx_word' id='word_1_312' title='bbox 1171 2197 1337 2239; x_wconf 80' lang='lat' dir='ltr'>servitio</span> <span class='ocrx_word' id='word_1_313' title='bbox 1360 2197 1632 2249; x_wconf 69' lang='grc' dir='ltr'><em>ηιαηεὶραιὶε,</em></span> <span class='ocrx_word' id='word_1_314' title='bbox 1658 2197 1916 2251; x_wconf 87' lang='lat' dir='ltr'>erroneique</span> <span class='ocrx_word' id='word_1_315' title='bbox 1938 2205 2039 2240; x_wconf 83' lang='lat' dir='ltr'>sunt</span> <span class='ocrx_word' id='word_1_316' title='bbox 2057 2194 2232 2240; x_wconf 85' lang='lat' dir='ltr'>codices</span> <span class='ocrx_word' id='word_1_317' title='bbox 2247 2195 2467 2240; x_wconf 86' lang='lat' dir='ltr'>Petrensis</span> <span class='ocrx_word' id='word_1_318' title='bbox 2483 2228 2494 2245; x_wconf 89' lang='lat'>,</span> <span class='ocrx_word' id='word_1_319' title='bbox 2514 2196 2658 2240; x_wconf 85' lang='lat' dir='ltr'>Ande-</span> 
     </span>
     <span class='ocr_line' id='line_1_28' title="bbox 52 2251 2660 2308; baseline -0 -14"><span class='ocrx_word' id='word_1_320' title='bbox 52 2252 221 2295; x_wconf 75' lang='lat' dir='ltr'>=.-censis</span> <span class='ocrx_word' id='word_1_321' title='bbox 246 2259 287 2294; x_wconf 90' lang='lat' dir='ltr'>et</span> <span class='ocrx_word' id='word_1_322' title='bbox 311 2251 662 2307; x_wconf 75' lang='lat' dir='ltr'>Tegernscensis,</span> <span class='ocrx_word' id='word_1_323' title='bbox 689 2263 839 2296; x_wconf 82' lang='lat' dir='ltr'>omnes</span> <span class='ocrx_word' id='word_1_324' title='bbox 861 2264 885 2308; x_wconf 90' lang='lat' dir='ltr'>a</span> <span class='ocrx_word' id='word_1_325' title='bbox 908 2253 1113 2296; x_wconf 85' lang='lat' dir='ltr'>trecentis</span> <span class='ocrx_word' id='word_1_326' title='bbox 1132 2252 1258 2296; x_wconf 88' lang='lat' dir='ltr'>annis</span> <span class='ocrx_word' id='word_1_327' title='bbox 1281 2252 1466 2302; x_wconf 77' lang='lat' dir='ltr'>exorati,</span> <span class='ocrx_word' id='word_1_328' title='bbox 1493 2253 1565 2306; x_wconf 79' lang='lat' dir='ltr'>qui</span> <span class='ocrx_word' id='word_1_329' title='bbox 1592 2265 1670 2307; x_wconf 86' lang='lat' dir='ltr'>pro</span> <span class='ocrx_word' id='word_1_330' title='bbox 1694 2253 1740 2296; x_wconf 89' lang='lat' dir='ltr'>S.</span> <span class='ocrx_word' id='word_1_331' title='bbox 1758 2253 1938 2296; x_wconf 62' lang='lat' dir='ltr'>Andreae</span> <span class='ocrx_word' id='word_1_332' title='bbox 1954 2254 1998 2295; x_wconf 86' lang='lat' dir='ltr'>in</span> <span class='ocrx_word' id='word_1_333' title='bbox 2015 2252 2159 2295; x_wconf 84' lang='lat' dir='ltr'>Scotia</span> <span class='ocrx_word' id='word_1_334' title='bbox 2177 2252 2335 2296; x_wconf 89' lang='lat' dir='ltr'>habent</span> <span class='ocrx_word' id='word_1_335' title='bbox 2359 2251 2405 2295; x_wconf 90' lang='lat' dir='ltr'>S.</span> <span class='ocrx_word' id='word_1_336' title='bbox 2425 2251 2602 2294; x_wconf 70' lang='lat' dir='ltr'>Andreae</span> <span class='ocrx_word' id='word_1_337' title='bbox 2615 2253 2660 2294; x_wconf 84' lang='lat' dir='ltr'>in</span> 
     </span>
     <span class='ocr_line' id='line_1_29' title="bbox 76 2306 2661 2364; baseline 0.001 -17"><span class='ocrx_word' id='word_1_338' title='bbox 76 2308 276 2356; x_wconf 63' lang='lat' dir='ltr'>Attenia:</span> <span class='ocrx_word' id='word_1_339' title='bbox 312 2307 420 2363; x_wconf 54' lang='lat' dir='ltr'>quid*</span> <span class='ocrx_word' id='word_1_340' title='bbox 439 2308 554 2351; x_wconf 87' lang='lat' dir='ltr'>enim</span> <span class='ocrx_word' id='word_1_341' title='bbox 572 2308 663 2364; x_wconf 86' lang='lat' dir='ltr'>haec</span> <span class='ocrx_word' id='word_1_342' title='bbox 686 2307 927 2352; x_wconf 55' lang='lat' dir='ltr'>industria</span> <span class='ocrx_word' id='word_1_343' title='bbox 959 2307 1055 2351; x_wconf 79' lang='lat' dir='ltr'>ord&#39;.</span> <span class='ocrx_word' id='word_1_344' title='bbox 1082 2306 1127 2350; x_wconf 88' lang='lat' dir='ltr'>S.</span> <span class='ocrx_word' id='word_1_345' title='bbox 1154 2308 1264 2364; x_wconf 79' lang='lat' dir='ltr'>Aug.</span> <span class='ocrx_word' id='word_1_346' title='bbox 1291 2308 1343 2350; x_wconf 84' lang='lat' dir='ltr'>ad</span> <span class='ocrx_word' id='word_1_347' title='bbox 1367 2307 1562 2351; x_wconf 84' lang='lat' dir='ltr'>Traisam</span> <span class='ocrx_word' id='word_1_348' title='bbox 1588 2320 1756 2352; x_wconf 81' lang='lat' dir='ltr'>amnem</span> <span class='ocrx_word' id='word_1_349' title='bbox 1780 2309 1963 2352; x_wconf 82' lang='lat' dir='ltr'>canonia</span> <span class='ocrx_word' id='word_1_350' title='bbox 1989 2308 2042 2351; x_wconf 88' lang='lat' dir='ltr'>ad</span> <span class='ocrx_word' id='word_1_351' title='bbox 2072 2308 2283 2362; x_wconf 82' lang='lat' dir='ltr'>Adamum</span> <span class='ocrx_word' id='word_1_352' title='bbox 2303 2307 2502 2351; x_wconf 85' lang='lat' dir='ltr'>Scotum?</span> <span class='ocrx_word' id='word_1_353' title='bbox 2524 2307 2661 2364; x_wconf 83' lang='lat' dir='ltr'>Igitur</span> 
     </span>
     <span class='ocr_line' id='line_1_30' title="bbox 77 2362 2660 2420; baseline 0.002 -17"><span class='ocrx_word' id='word_1_354' title='bbox 77 2364 249 2406; x_wconf 78' lang='lat' dir='ltr'>ecclesia</span> <span class='ocrx_word' id='word_1_355' title='bbox 275 2362 320 2407; x_wconf 82' lang='lat' dir='ltr'>S.</span> <span class='ocrx_word' id='word_1_356' title='bbox 346 2363 524 2408; x_wconf 76' lang='lat' dir='ltr'>Andreae</span> <span class='ocrx_word' id='word_1_357' title='bbox 540 2365 584 2407; x_wconf 85' lang='lat' dir='ltr'>in</span> <span class='ocrx_word' id='word_1_358' title='bbox 621 2363 781 2416; x_wconf 81' lang='lat' dir='ltr'>Scotia,</span> <span class='ocrx_word' id='word_1_359' title='bbox 805 2376 895 2408; x_wconf 86' lang='lat' dir='ltr'>non</span> <span class='ocrx_word' id='word_1_360' title='bbox 917 2363 1582 2410; x_wconf 80' lang='lat' dir='ltr'>Praemonstratensis&#39;Adamum</span> <span class='ocrx_word' id='word_1_361' title='bbox 1612 2363 1701 2407; x_wconf 90' lang='lat' dir='ltr'>Deo</span> <span class='ocrx_word' id='word_1_362' title='bbox 1724 2370 1767 2407; x_wconf 87' lang='lat' dir='ltr'>et</span> <span class='ocrx_word' id='word_1_363' title='bbox 1785 2364 2099 2408; x_wconf 84' lang='lat' dir='ltr'>candidissimo</span> <span class='ocrx_word' id='word_1_364' title='bbox 2118 2363 2178 2406; x_wconf 83' lang='lat' dir='ltr'>illi</span> <span class='ocrx_word' id='word_1_365' title='bbox 2201 2363 2342 2406; x_wconf 88' lang='lat' dir='ltr'>ordini</span> <span class='ocrx_word' id='word_1_366' title='bbox 2365 2364 2530 2420; x_wconf 87' lang='lat' dir='ltr'>peperit</span> <span class='ocrx_word' id='word_1_367' title='bbox 2575 2363 2660 2408; x_wconf 85' lang='lat' dir='ltr'>Sed</span> 
     </span>
     <span class='ocr_line' id='line_1_31' title="bbox 79 2419 2662 2477; baseline 0 -16"><span class='ocrx_word' id='word_1_368' title='bbox 79 2419 148 2462; x_wconf 87' lang='lat' dir='ltr'>his</span> <span class='ocrx_word' id='word_1_369' title='bbox 170 2420 315 2464; x_wconf 79' lang='lat' dir='ltr'>missis</span> <span class='ocrx_word' id='word_1_370' title='bbox 338 2419 479 2475; x_wconf 85' lang='lat' dir='ltr'>ipsum</span> <span class='ocrx_word' id='word_1_371' title='bbox 503 2420 890 2475; x_wconf 83' lang='lat' dir='ltr'>elegantissimum,</span> <span class='ocrx_word' id='word_1_372' title='bbox 908 2426 952 2464; x_wconf 76' lang='lat' dir='ltr'>et</span> <span class='ocrx_word' id='word_1_373' title='bbox 972 2420 1176 2464; x_wconf 86' lang='lat' dir='ltr'>omnibus</span> <span class='ocrx_word' id='word_1_374' title='bbox 1193 2420 1410 2475; x_wconf 84' lang='lat' dir='ltr'>religiosis</span> <span class='ocrx_word' id='word_1_375' title='bbox 1431 2421 1536 2464; x_wconf 78' lang='lat' dir='ltr'>viris</span> <span class='ocrx_word' id='word_1_376' title='bbox 1559 2420 1838 2465; x_wconf 86' lang='lat' dir='ltr'>utilissimum</span> <span class='ocrx_word' id='word_1_377' title='bbox 1859 2420 1960 2465; x_wconf 84' lang='lat' dir='ltr'>Adae</span> <span class='ocrx_word' id='word_1_378' title='bbox 1981 2420 2258 2477; x_wconf 86' lang='lat' dir='ltr'>opusculum,</span> <span class='ocrx_word' id='word_1_379' title='bbox 2283 2421 2396 2463; x_wconf 83' lang='lat' dir='ltr'>unde</span> <span class='ocrx_word' id='word_1_380' title='bbox 2413 2422 2598 2475; x_wconf 87' lang='lat' dir='ltr'>primum</span> <span class='ocrx_word' id='word_1_381' title='bbox 2615 2421 2662 2463; x_wconf 89' lang='lat' dir='ltr'>in</span> 
     </span>
     <span class='ocr_line' id='line_1_32' title="bbox 49 2474 2660 2532; baseline 0 -15"><span class='ocrx_word' id='word_1_382' title='bbox 49 2483 54 2487; x_wconf 78' lang='grc'>’</span> <span class='ocrx_word' id='word_1_383' title='bbox 81 2477 216 2519; x_wconf 87' lang='lat' dir='ltr'>lucem</span> <span class='ocrx_word' id='word_1_384' title='bbox 238 2478 652 2531; x_wconf 72' lang='lat' dir='ltr'>exprompserimus,</span> <span class='ocrx_word' id='word_1_385' title='bbox 683 2477 968 2520; x_wconf 64' lang='lat' dir='ltr'>disseramus</span> <span class='ocrx_word' id='word_1_386' title='bbox 993 2474 1087 2518; x_wconf 88' lang='lat' dir='ltr'>Duo</span> <span class='ocrx_word' id='word_1_387' title='bbox 1110 2476 1154 2519; x_wconf 90' lang='lat' dir='ltr'>id</span> <span class='ocrx_word' id='word_1_388' title='bbox 1177 2475 1347 2519; x_wconf 80' lang='lat' dir='ltr'>codices</span> <span class='ocrx_word' id='word_1_389' title='bbox 1366 2476 1491 2519; x_wconf 85' lang='lat' dir='ltr'>nobis</span> <span class='ocrx_word' id='word_1_390' title='bbox 1515 2483 1844 2532; x_wconf 83' lang='lat' dir='ltr'>suggesserunt,</span> <span class='ocrx_word' id='word_1_391' title='bbox 1865 2490 2050 2532; x_wconf 85' lang='lat' dir='ltr'>quorum</span> <span class='ocrx_word' id='word_1_392' title='bbox 2073 2488 2207 2519; x_wconf 86' lang='lat' dir='ltr'>unum</span> <span class='ocrx_word' id='word_1_393' title='bbox 2227 2475 2458 2519; x_wconf 86' lang='lat' dir='ltr'>Cartbusia</span> <span class='ocrx_word' id='word_1_394' title='bbox 2482 2475 2660 2520; x_wconf 79' lang='lat' dir='ltr'>Gemui-</span> 
     </span>
     <span class='ocr_line' id='line_1_33' title="bbox 78 2531 2657 2588; baseline 0 -14"><span class='ocrx_word' id='word_1_395' title='bbox 78 2531 424 2588; x_wconf 56' lang='lat' dir='ltr'>censisretincu</span> <span class='ocrx_word' id='word_1_396' title='bbox 451 2532 634 2575; x_wconf 82' lang='lat' dir='ltr'>alterum</span> <span class='ocrx_word' id='word_1_397' title='bbox 667 2531 861 2588; x_wconf 83' lang='lat' dir='ltr'>possidet</span> <span class='ocrx_word' id='word_1_398' title='bbox 893 2531 1157 2575; x_wconf 74' lang='lat' dir='ltr'>bibliotheca</span> <span class='ocrx_word' id='word_1_399' title='bbox 1191 2531 1451 2576; x_wconf 86' lang='lat' dir='ltr'>Mellicensis</span> <span class='ocrx_word' id='word_1_400' title='bbox 1474 2532 1689 2588; x_wconf 79' lang='lat' dir='ltr'>signatum</span> <span class='ocrx_word' id='word_1_401' title='bbox 1714 2533 1778 2575; x_wconf 85' lang='lat' dir='ltr'>lit.</span> <span class='ocrx_word' id='word_1_402' title='bbox 1807 2532 1846 2583; x_wconf 81' lang='lat' dir='ltr'>b,</span> <span class='ocrx_word' id='word_1_403' title='bbox 1867 2546 1986 2576; x_wconf 88' lang='lat' dir='ltr'>num.</span> <span class='ocrx_word' id='word_1_404' title='bbox 2011 2532 2084 2584; x_wconf 79' lang='lat'>25,</span> <span class='ocrx_word' id='word_1_405' title='bbox 2108 2533 2153 2575; x_wconf 88' lang='lat' dir='ltr'>in</span> <span class='ocrx_word' id='word_1_406' title='bbox 2180 2532 2254 2582; x_wconf 75' lang='lat'>12,</span> <span class='ocrx_word' id='word_1_407' title='bbox 2273 2544 2325 2575; x_wconf 86' lang='lat' dir='ltr'>ex</span> <span class='ocrx_word' id='word_1_408' title='bbox 2357 2544 2444 2587; x_wconf 85' lang='lat' dir='ltr'>quo</span> <span class='ocrx_word' id='word_1_409' title='bbox 2476 2544 2657 2588; x_wconf 74' lang='lat' dir='ltr'>apogra—</span> 
     </span>
     <span class='ocr_line' id='line_1_34' title="bbox 80 2586 2660 2644; baseline 0.001 -16"><span class='ocrx_word' id='word_1_410' title='bbox 80 2586 210 2643; x_wconf 85' lang='lat' dir='ltr'>phum</span> <span class='ocrx_word' id='word_1_411' title='bbox 233 2586 546 2640; x_wconf 83' lang='lat' dir='ltr'>Gemnicensis,</span> <span class='ocrx_word' id='word_1_412' title='bbox 572 2588 715 2632; x_wconf 86' lang='lat' dir='ltr'>studio</span> <span class='ocrx_word' id='word_1_413' title='bbox 743 2600 842 2631; x_wconf 85' lang='lat' dir='ltr'>ven.</span> <span class='ocrx_word' id='word_1_414' title='bbox 862 2587 910 2631; x_wconf 88' lang='lat' dir='ltr'>P.</span> <span class='ocrx_word' id='word_1_415' title='bbox 953 2587 1195 2632; x_wconf 86' lang='lat' dir='ltr'>Sebastiani</span> <span class='ocrx_word' id='word_1_416' title='bbox 1218 2587 1404 2643; x_wconf 57' lang='lat' dir='ltr'>Tregcn</span> <span class='ocrx_word' id='word_1_417' title='bbox 1441 2587 1717 2632; x_wconf 88' lang='lat' dir='ltr'>Carthusiani</span> <span class='ocrx_word' id='word_1_418' title='bbox 1740 2587 2039 2633; x_wconf 86' lang='lat' dir='ltr'>Gemnicensis</span> <span class='ocrx_word' id='word_1_419' title='bbox 2056 2619 2067 2637; x_wconf 88' lang='lat'>,</span> <span class='ocrx_word' id='word_1_420' title='bbox 2094 2587 2221 2630; x_wconf 80' lang='lat' dir='ltr'>amici</span> <span class='ocrx_word' id='word_1_421' title='bbox 2242 2594 2284 2631; x_wconf 90' lang='lat' dir='ltr'>et</span> <span class='ocrx_word' id='word_1_422' title='bbox 2307 2600 2500 2644; x_wconf 77' lang='lat' dir='ltr'>synergae</span> <span class='ocrx_word' id='word_1_423' title='bbox 2522 2589 2660 2634; x_wconf 84' lang='lat' dir='ltr'>nostri</span> 
     </span>
     <span class='ocr_line' id='line_1_35' title="bbox 80 2643 2653 2700; baseline 0 -14"><span class='ocrx_word' id='word_1_424' title='bbox 80 2644 423 2699; x_wconf 77' lang='lat' dir='ltr'>praestantissimi</span> <span class='ocrx_word' id='word_1_425' title='bbox 442 2650 737 2699; x_wconf 84' lang='lat' dir='ltr'>procuratum,</span> <span class='ocrx_word' id='word_1_426' title='bbox 756 2645 955 2700; x_wconf 71' lang='lat' dir='ltr'>,pluribus</span> <span class='ocrx_word' id='word_1_427' title='bbox 977 2645 1023 2688; x_wconf 90' lang='lat' dir='ltr'>in</span> <span class='ocrx_word' id='word_1_428' title='bbox 1042 2645 1150 2687; x_wconf 89' lang='lat' dir='ltr'>locis</span> <span class='ocrx_word' id='word_1_429' title='bbox 1173 2645 1515 2692; x_wconf 84' lang='lat' dir='ltr'>emendavimus,</span> <span class='ocrx_word' id='word_1_430' title='bbox 1543 2645 1701 2689; x_wconf 80' lang='lat' dir='ltr'>additis</span> <span class='ocrx_word' id='word_1_431' title='bbox 1722 2645 1850 2689; x_wconf 89' lang='lat' dir='ltr'>etiam</span> <span class='ocrx_word' id='word_1_432' title='bbox 1870 2657 1895 2688; x_wconf 82' lang='lat' dir='ltr'>a</span> <span class='ocrx_word' id='word_1_433' title='bbox 1916 2645 2061 2696; x_wconf 89' lang='lat' dir='ltr'>nobis,</span> <span class='ocrx_word' id='word_1_434' title='bbox 2089 2656 2167 2698; x_wconf 88' lang='lat' dir='ltr'>pro</span> <span class='ocrx_word' id='word_1_435' title='bbox 2189 2643 2494 2687; x_wconf 84' lang='lat' dir='ltr'>commoditate</span> <span class='ocrx_word' id='word_1_436' title='bbox 2516 2645 2653 2687; x_wconf 73' lang='lat' dir='ltr'>lecto-</span> 
     </span>
     <span class='ocr_line' id='line_1_36' title="bbox 79 2697 2655 2757; baseline -0 -15"><span class='ocrx_word' id='word_1_437' title='bbox 79 2710 175 2742; x_wconf 79' lang='lat' dir='ltr'>rum</span> <span class='ocrx_word' id='word_1_438' title='bbox 201 2700 392 2757; x_wconf 85' lang='lat' dir='ltr'>capitum</span> <span class='ocrx_word' id='word_1_439' title='bbox 418 2699 710 2743; x_wconf 87' lang='lat' dir='ltr'>lemmatibus.</span> <span class='ocrx_word' id='word_1_440' title='bbox 747 2697 862 2745; x_wconf 82' lang='lat' dir='ltr'>idem</span> <span class='ocrx_word' id='word_1_441' title='bbox 887 2699 1143 2756; x_wconf 81' lang='lat' dir='ltr'>opusculum</span> <span class='ocrx_word' id='word_1_442' title='bbox 1177 2712 1274 2743; x_wconf 85' lang='lat' dir='ltr'>cum</span> <span class='ocrx_word' id='word_1_443' title='bbox 1300 2700 1497 2755; x_wconf 72' lang='lat' dir='ltr'>pluribus</span> <span class='ocrx_word' id='word_1_444' title='bbox 1516 2699 1621 2744; x_wconf 83' lang='lat' dir='ltr'>Adae</span> <span class='ocrx_word' id='word_1_445' title='bbox 1650 2700 1924 2745; x_wconf 84' lang='lat' dir='ltr'>sermonibus</span> <span class='ocrx_word' id='word_1_446' title='bbox 1955 2700 2135 2745; x_wconf 86' lang='lat' dir='ltr'>editioni</span> <span class='ocrx_word' id='word_1_447' title='bbox 2157 2704 2353 2754; x_wconf 86' lang='lat' dir='ltr'>paratum</span> <span class='ocrx_word' id='word_1_448' title='bbox 2379 2701 2582 2743; x_wconf 87' lang='lat' dir='ltr'>habuisse</span> <span class='ocrx_word' id='word_1_449' title='bbox 2606 2699 2655 2743; x_wconf 83' lang='grc' dir='ltr'>Ι).</span> 
     </span>
     <span class='ocr_line' id='line_1_37' title="bbox 80 2753 2659 2812; baseline -0 -13"><span class='ocrx_word' id='word_1_450' title='bbox 80 2753 373 2799; x_wconf 73' lang='lat' dir='ltr'>flermannum</span> <span class='ocrx_word' id='word_1_451' title='bbox 407 2754 578 2800; x_wconf 83' lang='lat' dir='ltr'>aPorta</span> <span class='ocrx_word' id='word_1_452' title='bbox 602 2755 799 2799; x_wconf 84' lang='lat' dir='ltr'>abbatem</span> <span class='ocrx_word' id='word_1_453' title='bbox 829 2753 875 2799; x_wconf 89' lang='lat' dir='ltr'>S.</span> <span class='ocrx_word' id='word_1_454' title='bbox 904 2756 1126 2800; x_wconf 83' lang='lat' dir='ltr'>Michaelis</span> <span class='ocrx_word' id='word_1_455' title='bbox 1151 2755 1479 2812; x_wconf 75' lang='lat' dir='ltr'>Antuerpiensis</span> <span class='ocrx_word' id='word_1_456' title='bbox 1507 2755 1633 2800; x_wconf 79' lang='lat' dir='ltr'>(idem</span> <span class='ocrx_word' id='word_1_457' title='bbox 1656 2756 1762 2799; x_wconf 76' lang='lat' dir='ltr'>lacit</span> <span class='ocrx_word' id='word_1_458' title='bbox 1781 2756 1975 2812; x_wconf 82' lang='lat' dir='ltr'>ejusdem</span> <span class='ocrx_word' id='word_1_459' title='bbox 2011 2756 2233 2811; x_wconf 86' lang='lat' dir='ltr'>quondam</span> <span class='ocrx_word' id='word_1_460' title='bbox 2267 2755 2434 2800; x_wconf 89' lang='lat' dir='ltr'>ordinis</span> <span class='ocrx_word' id='word_1_461' title='bbox 2457 2757 2659 2799; x_wconf 83' lang='lat' dir='ltr'>alumnus</span> 
     </span>
     <span class='ocr_line' id='line_1_38' title="bbox 78 2810 2656 2869; baseline -0.001 -14"><span class='ocrx_word' id='word_1_462' title='bbox 78 2811 275 2855; x_wconf 83' lang='lat' dir='ltr'>eruditus</span> <span class='ocrx_word' id='word_1_463' title='bbox 291 2811 529 2855; x_wconf 70' lang='lat' dir='ltr'>casimirus</span> <span class='ocrx_word' id='word_1_464' title='bbox 552 2810 749 2856; x_wconf 86' lang='lat' dir='ltr'>Oudinus</span> <span class='ocrx_word' id='word_1_465' title='bbox 772 2813 853 2856; x_wconf 87' lang='lat' dir='ltr'>loc.</span> <span class='ocrx_word' id='word_1_466' title='bbox 879 2813 956 2856; x_wconf 86' lang='lat' dir='ltr'>cit.</span> <span class='ocrx_word' id='word_1_467' title='bbox 980 2811 1029 2855; x_wconf 78' lang='lat' dir='ltr'>lu</span> <span class='ocrx_word' id='word_1_468' title='bbox 1048 2812 1147 2855; x_wconf 89' lang='lat' dir='ltr'>cod.</span> <span class='ocrx_word' id='word_1_469' title='bbox 1173 2812 1487 2869; x_wconf 80' lang='lat' dir='ltr'>Tegernseensi</span> <span class='ocrx_word' id='word_1_470' title='bbox 1505 2823 1635 2867; x_wconf 83' lang='lat' dir='ltr'>supra</span> <span class='ocrx_word' id='word_1_471' title='bbox 1659 2819 1899 2856; x_wconf 83' lang='lat' dir='ltr'>memorato</span> <span class='ocrx_word' id='word_1_472' title='bbox 1920 2812 1961 2855; x_wconf 89' lang='lat' dir='ltr'>id</span> <span class='ocrx_word' id='word_1_473' title='bbox 1983 2811 2192 2855; x_wconf 86' lang='lat' dir='ltr'>tribuitur</span> <span class='ocrx_word' id='word_1_474' title='bbox 2207 2810 2312 2854; x_wconf 81' lang='lat' dir='ltr'>Acloe</span> <span class='ocrx_word' id='word_1_475' title='bbox 2333 2810 2382 2854; x_wconf 81' lang='lat' dir='ltr'>de</span> <span class='ocrx_word' id='word_1_476' title='bbox 2410 2811 2656 2861; x_wconf 63' lang='lat' dir='ltr'>Fensermia,</span> 
     </span>
     <span class='ocr_line' id='line_1_39' title="bbox 81 2865 2658 2924; baseline -0 -13"><span class='ocrx_word' id='word_1_477' title='bbox 81 2865 204 2913; x_wconf 64' lang='lat' dir='ltr'>Malle.</span> <span class='ocrx_word' id='word_1_478' title='bbox 228 2867 318 2912; x_wconf 86' lang='lat' dir='ltr'>Nec</span> <span class='ocrx_word' id='word_1_479' title='bbox 343 2868 506 2911; x_wconf 85' lang='lat' dir='ltr'>rectius</span> <span class='ocrx_word' id='word_1_480' title='bbox 530 2868 643 2911; x_wconf 84' lang='lat' dir='ltr'>sorte</span> <span class='ocrx_word' id='word_1_481' title='bbox 669 2869 715 2911; x_wconf 85' lang='lat' dir='ltr'>in</span> <span class='ocrx_word' id='word_1_482' title='bbox 751 2869 949 2924; x_wconf 80' lang='lat' dir='ltr'>catalogo</span> <span class='ocrx_word' id='word_1_483' title='bbox 978 2880 1085 2918; x_wconf 85' lang='lat' dir='ltr'>mss.</span> <span class='ocrx_word' id='word_1_484' title='bbox 1117 2868 1242 2911; x_wconf 91' lang='lat' dir='ltr'>codd.</span> <span class='ocrx_word' id='word_1_485' title='bbox 1266 2867 1674 2924; x_wconf 84' lang='lat' dir='ltr'>&#39;l&#39;egernseensium‚</span> <span class='ocrx_word' id='word_1_486' title='bbox 1715 2869 1874 2912; x_wconf 85' lang='lat' dir='ltr'>saeculo</span> <span class='ocrx_word' id='word_1_487' title='bbox 1909 2880 1981 2916; x_wconf 77' lang='lat' dir='ltr'>xv,</span> <span class='ocrx_word' id='word_1_488' title='bbox 2007 2867 2285 2922; x_wconf 86' lang='lat' dir='ltr'>conscripto,</span> <span class='ocrx_word' id='word_1_489' title='bbox 2305 2867 2442 2911; x_wconf 87' lang='lat' dir='ltr'>eidem</span> <span class='ocrx_word' id='word_1_490' title='bbox 2478 2867 2582 2910; x_wconf 85' lang='lat' dir='ltr'>Adae</span> <span class='ocrx_word' id='word_1_491' title='bbox 2604 2868 2658 2910; x_wconf 87' lang='lat' dir='ltr'>de</span> 
     </span>
     <span class='ocr_line' id='line_1_40' title="bbox 80 2919 2659 2980; baseline -0.001 -14"><span class='ocrx_word' id='word_1_492' title='bbox 80 2919 314 2967; x_wconf 67' lang='lat' dir='ltr'>Pei-sennia</span> <span class='ocrx_word' id='word_1_493' title='bbox 338 2924 590 2967; x_wconf 83' lang='lat' dir='ltr'>tribuuntur</span> <span class='ocrx_word' id='word_1_494' title='bbox 611 2923 815 2978; x_wconf 65' lang='lat' dir='ltr'>Excerpta.</span> <span class='ocrx_word' id='word_1_495' title='bbox 835 2924 885 2966; x_wconf 84' lang='lat' dir='ltr'>de</span> <span class='ocrx_word' id='word_1_496' title='bbox 902 2938 1060 2975; x_wconf 81' lang='lat' dir='ltr'>amore,</span> <span class='ocrx_word' id='word_1_497' title='bbox 1084 2937 1181 2979; x_wconf 80' lang='lat' dir='ltr'>quae</span> <span class='ocrx_word' id='word_1_498' title='bbox 1201 2932 1404 2980; x_wconf 84' lang='lat' dir='ltr'>putamus</span> <span class='ocrx_word' id='word_1_499' title='bbox 1426 2930 1620 2969; x_wconf 85' lang='lat' dir='ltr'>mutuata</span> <span class='ocrx_word' id='word_1_500' title='bbox 1635 2936 1732 2968; x_wconf 86' lang='lat' dir='ltr'>esse</span> <span class='ocrx_word' id='word_1_501' title='bbox 1754 2937 1804 2968; x_wconf 84' lang='lat' dir='ltr'>ex</span> <span class='ocrx_word' id='word_1_502' title='bbox 1829 2923 1929 2967; x_wconf 72' lang='lat' dir='ltr'>Adae</span> <span class='ocrx_word' id='word_1_503' title='bbox 1952 2922 2380 2969; x_wconf 82' lang='lat' dir='ltr'>Praemonstratensis</span> <span class='ocrx_word' id='word_1_504' title='bbox 2400 2924 2535 2967; x_wconf 88' lang='lat' dir='ltr'>nostri</span> <span class='ocrx_word' id='word_1_505' title='bbox 2553 2922 2659 2965; x_wconf 79' lang='lat' dir='ltr'>libro</span> 
     </span>
     <span class='ocr_line' id='line_1_41' title="bbox 79 2977 2659 3038; baseline 0 -16"><span class='ocrx_word' id='word_1_506' title='bbox 79 2977 141 3022; x_wconf 80' lang='lat' dir='ltr'>De</span> <span class='ocrx_word' id='word_1_507' title='bbox 157 2978 372 3023; x_wconf 81' lang='lat' dir='ltr'>dulcedine</span> <span class='ocrx_word' id='word_1_508' title='bbox 393 2979 485 3033; x_wconf 82' lang='lat' dir='ltr'>Dei,</span> <span class='ocrx_word' id='word_1_509' title='bbox 503 2979 558 3023; x_wconf 88' lang='lat' dir='ltr'>de</span> <span class='ocrx_word' id='word_1_510' title='bbox 586 2992 672 3036; x_wconf 85' lang='lat' dir='ltr'>quo</span> <span class='ocrx_word' id='word_1_511' title='bbox 695 2979 1023 3025; x_wconf 79' lang='lat' dir='ltr'>Gliiselberthus</span> <span class='ocrx_word' id='word_1_512' title='bbox 1049 2979 1287 3024; x_wconf 85' lang='lat' dir='ltr'>Introduct.</span> <span class='ocrx_word' id='word_1_513' title='bbox 1312 2981 1366 3023; x_wconf 86' lang='lat' dir='ltr'>ad</span> <span class='ocrx_word' id='word_1_514' title='bbox 1383 2979 1523 3036; x_wconf 86' lang='lat' dir='ltr'>Opera</span> <span class='ocrx_word' id='word_1_515' title='bbox 1546 2979 1664 3032; x_wconf 80' lang='lat' dir='ltr'>Adae,</span> <span class='ocrx_word' id='word_1_516' title='bbox 1684 2991 1780 3034; x_wconf 86' lang='lat' dir='ltr'>cap.</span> <span class='ocrx_word' id='word_1_517' title='bbox 1808 2980 1876 3024; x_wconf 80' lang='lat'>10.</span> <span class='ocrx_word' id='word_1_518' title='bbox 1901 2978 1948 3023; x_wconf 81' lang='lat' dir='ltr'>ln</span> <span class='ocrx_word' id='word_1_519' title='bbox 1971 2980 2167 3038; x_wconf 87' lang='lat' dir='ltr'>pluribus</span> <span class='ocrx_word' id='word_1_520' title='bbox 2190 2978 2462 3023; x_wconf 86' lang='lat' dir='ltr'>bibliothecis</span> <span class='ocrx_word' id='word_1_521' title='bbox 2479 2979 2659 3026; x_wconf 81' lang='lat' dir='ltr'>metrica</span> 
     </span>
     <span class='ocr_line' id='line_1_42' title="bbox 81 3034 2660 3091; baseline 0 -15"><span class='ocrx_word' id='word_1_522' title='bbox 81 3035 275 3090; x_wconf 79' lang='lat' dir='ltr'>quaedam</span> <span class='ocrx_word' id='word_1_523' title='bbox 301 3034 474 3078; x_wconf 77' lang='lat' dir='ltr'>Summa</span> <span class='ocrx_word' id='word_1_524' title='bbox 507 3048 651 3080; x_wconf 85' lang='lat' dir='ltr'>rerum</span> <span class='ocrx_word' id='word_1_525' title='bbox 676 3043 718 3079; x_wconf 87' lang='lat' dir='ltr'>et</span> <span class='ocrx_word' id='word_1_526' title='bbox 736 3038 1048 3080; x_wconf 85' lang='lat' dir='ltr'>sententiarum</span> <span class='ocrx_word' id='word_1_527' title='bbox 1071 3037 1291 3079; x_wconf 80' lang='lat' dir='ltr'>ritualium</span> <span class='ocrx_word' id='word_1_528' title='bbox 1309 3068 1319 3085; x_wconf 86' lang='lat'>,</span> <span class='ocrx_word' id='word_1_529' title='bbox 1346 3036 1739 3091; x_wconf 81' lang='lat' dir='ltr'>canonicarumque</span> <span class='ocrx_word' id='word_1_530' title='bbox 1763 3037 1944 3080; x_wconf 83' lang='lat' dir='ltr'>habetur</span> <span class='ocrx_word' id='word_1_531' title='bbox 1961 3067 1974 3087; x_wconf 89' lang='lat'>,</span> <span class='ocrx_word' id='word_1_532' title='bbox 1997 3035 2187 3079; x_wconf 76' lang='lat' dir='ltr'>Coloniae</span> <span class='ocrx_word' id='word_1_533' title='bbox 2215 3047 2386 3090; x_wconf 82' lang='lat' dir='ltr'>quoque</span> <span class='ocrx_word' id='word_1_534' title='bbox 2435 3042 2482 3076; x_wconf 88' lang='lat' dir='ltr'>ut</span> <span class='ocrx_word' id='word_1_535' title='bbox 2507 3043 2660 3078; x_wconf 84' lang='lat' dir='ltr'>auctor</span> 
     </span>
     <span class='ocr_line' id='line_1_43' title="bbox 52 3089 2657 3151; baseline -0.002 -14"><span class='ocrx_word' id='word_1_536' title='bbox 52 3097 147 3151; x_wconf 54' lang='lat' dir='ltr'>,cst</span> <span class='ocrx_word' id='word_1_537' title='bbox 170 3090 396 3141; x_wconf 84' lang='lat' dir='ltr'>Simlerus,</span> <span class='ocrx_word' id='word_1_538' title='bbox 416 3092 529 3147; x_wconf 84' lang='lat' dir='ltr'>apud</span> <span class='ocrx_word' id='word_1_539' title='bbox 552 3091 794 3136; x_wconf 81' lang='lat' dir='ltr'>Henricum</span> <span class='ocrx_word' id='word_1_540' title='bbox 809 3092 988 3144; x_wconf 88' lang='lat' dir='ltr'>Quentel</span> <span class='ocrx_word' id='word_1_541' title='bbox 1011 3104 1126 3135; x_wconf 79' lang='lat' dir='ltr'>aimo</span> <span class='ocrx_word' id='word_1_542' title='bbox 1151 3092 1258 3136; x_wconf 70' lang='lat'><strong>1502</strong></span> <span class='ocrx_word' id='word_1_543' title='bbox 1275 3093 1387 3148; x_wconf 88' lang='lat' dir='ltr'>typis</span> <span class='ocrx_word' id='word_1_544' title='bbox 1409 3093 1622 3148; x_wconf 84' lang='lat' dir='ltr'>impressa</span> <span class='ocrx_word' id='word_1_545' title='bbox 1637 3124 1648 3142; x_wconf 93' lang='lat'>‚</span> <span class='ocrx_word' id='word_1_546' title='bbox 1670 3104 1766 3147; x_wconf 79' lang='lat' dir='ltr'>quae</span> <span class='ocrx_word' id='word_1_547' title='bbox 1790 3092 1964 3147; x_wconf 86' lang='lat' dir='ltr'>incipit:</span> <span class='ocrx_word' id='word_1_548' title='bbox 1987 3090 2041 3134; x_wconf 83' lang='lat' dir='ltr'>In</span> <span class='ocrx_word' id='word_1_549' title='bbox 2077 3090 2251 3133; x_wconf 68' lang='lat' dir='ltr'>summis</span> <span class='ocrx_word' id='word_1_550' title='bbox 2274 3090 2389 3145; x_wconf 77' lang='lat' dir='ltr'>[estis</span> <span class='ocrx_word' id='word_1_551' title='bbox 2415 3089 2470 3132; x_wconf 82' lang='lat' dir='ltr'>ad</span> <span class='ocrx_word' id='word_1_552' title='bbox 2485 3093 2657 3134; x_wconf 67' lang='lat' dir='ltr'>naissum</span> 
     </span>
     <span class='ocr_line' id='line_1_44' title="bbox 71 3145 2655 3213; baseline 0 -21"><span class='ocrx_word' id='word_1_553' title='bbox 71 3145 236 3192; x_wconf 70' lang='lat' dir='ltr'>‚dicitur</span> <span class='ocrx_word' id='word_1_554' title='bbox 258 3161 358 3199; x_wconf 73' lang='lat' dir='ltr'>zena,</span> <span class='ocrx_word' id='word_1_555' title='bbox 383 3153 468 3192; x_wconf 88' lang='lat' dir='ltr'>etc.</span> <span class='ocrx_word' id='word_1_556' title='bbox 495 3147 553 3192; x_wconf 81' lang='lat' dir='ltr'>Ea</span> <span class='ocrx_word' id='word_1_557' title='bbox 576 3149 703 3204; x_wconf 74' lang='lat' dir='ltr'>vulgo</span> <span class='ocrx_word' id='word_1_558' title='bbox 726 3149 883 3192; x_wconf 86' lang='lat' dir='ltr'>dicitur</span> <span class='ocrx_word' id='word_1_559' title='bbox 910 3149 1131 3192; x_wconf 80' lang='lat' dir='ltr'>Summula</span> <span class='ocrx_word' id='word_1_560' title='bbox 1147 3148 1355 3213; x_wconf 66' lang='lat' dir='ltr'>Raymudi</span> <span class='ocrx_word' id='word_1_561' title='bbox 1377 3148 1433 3191; x_wconf 86' lang='lat' dir='ltr'>ob</span> <span class='ocrx_word' id='word_1_562' title='bbox 1465 3160 1618 3192; x_wconf 80' lang='lat' dir='ltr'>versus</span> <span class='ocrx_word' id='word_1_563' title='bbox 1641 3154 1886 3202; x_wconf 83' lang='lat' dir='ltr'>sequentes,</span> <span class='ocrx_word' id='word_1_564' title='bbox 1909 3148 1982 3203; x_wconf 88' lang='lat' dir='ltr'>qui</span> <span class='ocrx_word' id='word_1_565' title='bbox 2006 3154 2094 3189; x_wconf 90' lang='lat' dir='ltr'>tam</span> <span class='ocrx_word' id='word_1_566' title='bbox 2117 3147 2163 3189; x_wconf 90' lang='lat' dir='ltr'>in</span> <span class='ocrx_word' id='word_1_567' title='bbox 2195 3146 2383 3190; x_wconf 78' lang='lat' dir='ltr'>editione</span> <span class='ocrx_word' id='word_1_568' title='bbox 2409 3147 2655 3193; x_wconf 78' lang='lat' dir='ltr'>Coloniensi</span> 
     </span>
     <span class='ocr_line' id='line_1_45' title="bbox 69 3198 2199 3261; baseline 0 -17"><span class='ocrx_word' id='word_1_569' title='bbox 69 3198 210 3258; x_wconf 84' lang='lat' dir='ltr'>&#39;quam</span> <span class='ocrx_word' id='word_1_570' title='bbox 227 3203 269 3246; x_wconf 88' lang='lat' dir='ltr'>in</span> <span class='ocrx_word' id='word_1_571' title='bbox 292 3203 416 3248; x_wconf 84' lang='lat' dir='ltr'>codd.</span> <span class='ocrx_word' id='word_1_572' title='bbox 445 3214 571 3256; x_wconf 85' lang='lat' dir='ltr'>mss.,</span> <span class='ocrx_word' id='word_1_573' title='bbox 598 3215 781 3260; x_wconf 85' lang='lat' dir='ltr'>quorum</span> <span class='ocrx_word' id='word_1_574' title='bbox 803 3218 891 3247; x_wconf 84' lang='lat' dir='ltr'>non</span> <span class='ocrx_word' id='word_1_575' title='bbox 921 3217 1083 3261; x_wconf 82' lang='lat' dir='ltr'>paucos</span> <span class='ocrx_word' id='word_1_576' title='bbox 1117 3204 1376 3252; x_wconf 85' lang='lat' dir='ltr'>Melhcensis</span> <span class='ocrx_word' id='word_1_577' title='bbox 1397 3204 1662 3248; x_wconf 87' lang='lat' dir='ltr'>Bibliotheca</span> <span class='ocrx_word' id='word_1_578' title='bbox 1683 3209 1928 3256; x_wconf 85' lang='lat' dir='ltr'>conservat,</span> <span class='ocrx_word' id='word_1_579' title='bbox 1969 3204 2199 3259; x_wconf 77' lang='lat' dir='ltr'>leguntur:</span> 
     </span>
    </p>
   </div>
   <div class='ocr_carea' id='block_1_11' title="bbox 695 3275 1737 3333">
    <p class='ocr_par' dir='ltr' id='par_1_11' title="bbox 695 3275 1737 3333">
     <span class='ocr_line' id='line_1_46' title="bbox 695 3275 1737 3333; baseline 0.001 -12"><span class='ocrx_word' id='word_1_580' title='bbox 695 3276 918 3321; x_wconf 81' lang='lat' dir='ltr'>Summula</span> <span class='ocrx_word' id='word_1_581' title='bbox 934 3276 983 3321; x_wconf 84' lang='lat' dir='ltr'>de</span> <span class='ocrx_word' id='word_1_582' title='bbox 1007 3277 1181 3322; x_wconf 75' lang='lat' dir='ltr'>Summa</span> <span class='ocrx_word' id='word_1_583' title='bbox 1205 3275 1439 3333; x_wconf 77' lang='lat' dir='ltr'>Raymundi</span> <span class='ocrx_word' id='word_1_584' title='bbox 1461 3277 1616 3332; x_wconf 82' lang='lat' dir='ltr'>prodiit</span> <span class='ocrx_word' id='word_1_585' title='bbox 1639 3278 1737 3322; x_wconf 79' lang='lat' dir='ltr'>ista.</span> 
     </span>
    </p>
   </div>
   <div class='ocr_carea' id='block_1_12' title="bbox 70 3348 2659 3799">
    <p class='ocr_par' dir='ltr' id='par_1_12' title="bbox 70 3348 2659 3799">
     <span class='ocr_line' id='line_1_47' title="bbox 138 3348 2656 3407; baseline -0.002 -13"><span class='ocrx_word' id='word_1_586' title='bbox 138 3348 352 3403; x_wconf 85' lang='lat' dir='ltr'>Quaeritur</span> <span class='ocrx_word' id='word_1_587' title='bbox 369 3350 468 3406; x_wconf 84' lang='lat' dir='ltr'>quis</span> <span class='ocrx_word' id='word_1_588' title='bbox 486 3351 616 3407; x_wconf 77' lang='lat' dir='ltr'>hujus</span> <span class='ocrx_word' id='word_1_589' title='bbox 638 3352 828 3396; x_wconf 84' lang='lat' dir='ltr'>metricae</span> <span class='ocrx_word' id='word_1_590' title='bbox 853 3349 1088 3395; x_wconf 70' lang='lat' dir='ltr'>Summulre</span> <span class='ocrx_word' id='word_1_591' title='bbox 1114 3356 1265 3394; x_wconf 90' lang='lat' dir='ltr'>auctor</span> <span class='ocrx_word' id='word_1_592' title='bbox 1289 3349 1359 3393; x_wconf 89' lang='lat' dir='ltr'>sit.</span> <span class='ocrx_word' id='word_1_593' title='bbox 1381 3349 1436 3392; x_wconf 66' lang='lat' dir='ltr'>‚ln</span> <span class='ocrx_word' id='word_1_594' title='bbox 1460 3350 1770 3394; x_wconf 78' lang='lat' dir='ltr'>commentario</span> <span class='ocrx_word' id='word_1_595' title='bbox 1789 3348 1978 3404; x_wconf 84' lang='lat' dir='ltr'>quodam</span> <span class='ocrx_word' id='word_1_596' title='bbox 2009 3348 2064 3397; x_wconf 81' lang='lat' dir='ltr'>ab</span> <span class='ocrx_word' id='word_1_597' title='bbox 2085 3348 2308 3406; x_wconf 81' lang='lat' dir='ltr'>Anonymo</span> <span class='ocrx_word' id='word_1_598' title='bbox 2334 3349 2377 3391; x_wconf 90' lang='lat' dir='ltr'>in</span> <span class='ocrx_word' id='word_1_599' title='bbox 2407 3361 2500 3392; x_wconf 85' lang='lat' dir='ltr'>eam</span> <span class='ocrx_word' id='word_1_600' title='bbox 2528 3348 2656 3392; x_wconf 87' lang='lat' dir='ltr'>Sum·</span> 
     </span>
     <span class='ocr_line' id='line_1_48' title="bbox 70 3404 2656 3463; baseline -0 -15"><span class='ocrx_word' id='word_1_601' title='bbox 70 3407 243 3450; x_wconf 85' lang='lat' dir='ltr'>-mulam</span> <span class='ocrx_word' id='word_1_602' title='bbox 265 3408 540 3457; x_wconf 82' lang='lat' dir='ltr'>concinnato,</span> <span class='ocrx_word' id='word_1_603' title='bbox 567 3407 682 3463; x_wconf 84' lang='lat' dir='ltr'>quod</span> <span class='ocrx_word' id='word_1_604' title='bbox 707 3413 849 3451; x_wconf 77' lang='lat' dir='ltr'>exstat</span> <span class='ocrx_word' id='word_1_605' title='bbox 870 3409 915 3451; x_wconf 92' lang='lat' dir='ltr'>in</span> <span class='ocrx_word' id='word_1_606' title='bbox 940 3406 1174 3451; x_wconf 78' lang='lat' dir='ltr'>Melliccnsi</span> <span class='ocrx_word' id='word_1_607' title='bbox 1196 3406 1293 3449; x_wconf 83' lang='lat' dir='ltr'>cod.</span> <span class='ocrx_word' id='word_1_608' title='bbox 1319 3406 1460 3449; x_wconf 87' lang='lat' dir='ltr'>chart.</span> <span class='ocrx_word' id='word_1_609' title='bbox 1486 3406 1560 3449; x_wconf 87' lang='lat' dir='ltr'>sol.</span> <span class='ocrx_word' id='word_1_610' title='bbox 1588 3405 1637 3449; x_wconf 90' lang='lat' dir='ltr'>L.</span> <span class='ocrx_word' id='word_1_611' title='bbox 1664 3406 1714 3456; x_wconf 84' lang='lat'>7,</span> <span class='ocrx_word' id='word_1_612' title='bbox 1742 3406 1898 3449; x_wconf 82' lang='lat' dir='ltr'>sacculo</span> <span class='ocrx_word' id='word_1_613' title='bbox 1918 3416 2015 3455; x_wconf 80' lang='lat' dir='ltr'>xiv,</span> <span class='ocrx_word' id='word_1_614' title='bbox 2038 3411 2214 3448; x_wconf 85' lang='lat' dir='ltr'>exarato</span> <span class='ocrx_word' id='word_1_615' title='bbox 2237 3404 2410 3455; x_wconf 85' lang='lat' dir='ltr'>dicitur,</span> <span class='ocrx_word' id='word_1_616' title='bbox 2433 3405 2545 3446; x_wconf 85' lang='lat' dir='ltr'>hanc</span> <span class='ocrx_word' id='word_1_617' title='bbox 2566 3417 2656 3447; x_wconf 83' lang='lat' dir='ltr'>me-</span> 
     </span>
     <span class='ocr_line' id='line_1_49' title="bbox 85 3461 2656 3525; baseline -0.001 -20"><span class='ocrx_word' id='word_1_618' title='bbox 85 3461 236 3505; x_wconf 65' lang='lat' dir='ltr'>tricam</span> <span class='ocrx_word' id='word_1_619' title='bbox 263 3462 526 3506; x_wconf 76' lang='lat' dir='ltr'>Summulam</span> <span class='ocrx_word' id='word_1_620' title='bbox 544 3464 671 3506; x_wconf 80' lang='lat' dir='ltr'>tribui.</span> <span class='ocrx_word' id='word_1_621' title='bbox 693 3463 956 3525; x_wconf 67' lang='lat' dir='ltr'>Raymumlo,</span> <span class='ocrx_word' id='word_1_622' title='bbox 976 3463 1028 3505; x_wconf 83' lang='lat' dir='ltr'>ab</span> <span class='ocrx_word' id='word_1_623' title='bbox 1052 3463 1148 3505; x_wconf 79' lang='lat' dir='ltr'>aliis</span> <span class='ocrx_word' id='word_1_624' title='bbox 1173 3462 1311 3511; x_wconf 84' lang='lat' dir='ltr'>alteri,</span> <span class='ocrx_word' id='word_1_625' title='bbox 1333 3463 1403 3517; x_wconf 76' lang='lat' dir='ltr'>qui</span> <span class='ocrx_word' id='word_1_626' title='bbox 1427 3461 1605 3504; x_wconf 78' lang='lat' dir='ltr'>noluerit</span> <span class='ocrx_word' id='word_1_627' title='bbox 1626 3463 1855 3516; x_wconf 77' lang='lat' dir='ltr'>exprimere</span> <span class='ocrx_word' id='word_1_628' title='bbox 1874 3473 2019 3503; x_wconf 81' lang='lat' dir='ltr'>nomen</span> <span class='ocrx_word' id='word_1_629' title='bbox 2041 3473 2163 3503; x_wconf 69' lang='lat' dir='ltr'>suum</span> <span class='ocrx_word' id='word_1_630' title='bbox 2182 3468 2348 3514; x_wconf 85' lang='lat' dir='ltr'>propter</span> <span class='ocrx_word' id='word_1_631' title='bbox 2370 3462 2656 3515; x_wconf 65' lang='lat' dir='ltr'>arrogantiam</span> 
     </span>
     <span class='ocr_line' id='line_1_50' title="bbox 87 3510 2657 3575; baseline -0.001 -15"><span class='ocrx_word' id='word_1_632' title='bbox 87 3517 334 3574; x_wconf 72' lang='lat' dir='ltr'>evitandam.</span> <span class='ocrx_word' id='word_1_633' title='bbox 359 3516 407 3562; x_wconf 89' lang='lat' dir='ltr'>In</span> <span class='ocrx_word' id='word_1_634' title='bbox 426 3521 522 3567; x_wconf 80' lang='lat' dir='ltr'>cod.</span> <span class='ocrx_word' id='word_1_635' title='bbox 546 3519 855 3575; x_wconf 83' lang='lat' dir='ltr'>Campililiensi</span> <span class='ocrx_word' id='word_1_636' title='bbox 879 3532 978 3564; x_wconf 85' lang='lat' dir='ltr'>saec.</span> <span class='ocrx_word' id='word_1_637' title='bbox 1007 3531 1098 3568; x_wconf 78' lang='lat' dir='ltr'>xiv,</span> <span class='ocrx_word' id='word_1_638' title='bbox 1121 3518 1236 3571; x_wconf 75' lang='lat' dir='ltr'>edita</span> <span class='ocrx_word' id='word_1_639' title='bbox 1257 3517 1415 3559; x_wconf 85' lang='lat' dir='ltr'>dicitur</span> <span class='ocrx_word' id='word_1_640' title='bbox 1431 3516 1482 3559; x_wconf 80' lang='lat' dir='ltr'>ab</span> <span class='ocrx_word' id='word_1_641' title='bbox 1506 3516 1641 3560; x_wconf 84' lang='lat' dir='ltr'>Adam</span> <span class='ocrx_word' id='word_1_642' title='bbox 1665 3518 1715 3559; x_wconf 87' lang='lat' dir='ltr'>de</span> <span class='ocrx_word' id='word_1_643' title='bbox 1736 3516 1781 3560; x_wconf 88' lang='lat' dir='ltr'>S.</span> <span class='ocrx_word' id='word_1_644' title='bbox 1815 3517 1993 3559; x_wconf 81' lang='lat' dir='ltr'>Victore.</span> <span class='ocrx_word' id='word_1_645' title='bbox 2018 3515 2064 3558; x_wconf 87' lang='lat' dir='ltr'>ln</span> <span class='ocrx_word' id='word_1_646' title='bbox 2081 3517 2229 3559; x_wconf 88' lang='lat' dir='ltr'>codice</span> <span class='ocrx_word' id='word_1_647' title='bbox 2252 3510 2657 3571; x_wconf 80' lang='lat' dir='ltr'>Hippolytanoqua-</span> 
     </span>
     <span class='ocr_line' id='line_1_51' title="bbox 87 3570 2652 3630; baseline -0.001 -14"><span class='ocrx_word' id='word_1_648' title='bbox 87 3571 408 3630; x_wconf 79' lang='lat' dir='ltr'>dringentorum</span> <span class='ocrx_word' id='word_1_649' title='bbox 442 3587 652 3619; x_wconf 77' lang='lat' dir='ltr'>armorum</span> <span class='ocrx_word' id='word_1_650' title='bbox 690 3575 897 3618; x_wconf 85' lang='lat' dir='ltr'>tribuitur</span> <span class='ocrx_word' id='word_1_651' title='bbox 917 3575 1126 3630; x_wconf 60' lang='grc' dir='ltr'><em>Μαῃὶετνο</em></span> <span class='ocrx_word' id='word_1_652' title='bbox 1163 3573 1300 3616; x_wconf 79' lang='lat' dir='ltr'>Adam</span> <span class='ocrx_word' id='word_1_653' title='bbox 1326 3572 1376 3615; x_wconf 86' lang='lat' dir='ltr'>de</span> <span class='ocrx_word' id='word_1_654' title='bbox 1404 3572 1548 3616; x_wconf 79' lang='lat' dir='ltr'>ordine</span> <span class='ocrx_word' id='word_1_655' title='bbox 1585 3572 1814 3615; x_wconf 77' lang='lat' dir='ltr'>Minorum.</span> <span class='ocrx_word' id='word_1_656' title='bbox 1845 3571 1892 3617; x_wconf 84' lang='lat' dir='ltr'>Iu</span> <span class='ocrx_word' id='word_1_657' title='bbox 1914 3571 2063 3614; x_wconf 89' lang='lat' dir='ltr'>codice</span> <span class='ocrx_word' id='word_1_658' title='bbox 2097 3570 2433 3615; x_wconf 83' lang='lat' dir='ltr'>Mellicensialio</span> <span class='ocrx_word' id='word_1_659' title='bbox 2465 3572 2509 3613; x_wconf 89' lang='lat' dir='ltr'>in</span> <span class='ocrx_word' id='word_1_660' title='bbox 2533 3571 2652 3618; x_wconf 81' lang='lat' dir='ltr'>folio.</span> 
     </span>
     <span class='ocr_line' id='line_1_52' title="bbox 86 3625 2656 3686; baseline -0.001 -15"><span class='ocrx_word' id='word_1_661' title='bbox 86 3631 287 3680; x_wconf 65' lang='lat' dir='ltr'>membr„</span> <span class='ocrx_word' id='word_1_662' title='bbox 311 3630 382 3679; x_wconf 77' lang='lat'>29,</span> <span class='ocrx_word' id='word_1_663' title='bbox 406 3633 479 3686; x_wconf 81' lang='lat' dir='ltr'>qui</span> <span class='ocrx_word' id='word_1_664' title='bbox 503 3630 741 3675; x_wconf 84' lang='lat' dir='ltr'>certissime</span> <span class='ocrx_word' id='word_1_665' title='bbox 764 3632 922 3676; x_wconf 78' lang='lat' dir='ltr'>saeculo</span> <span class='ocrx_word' id='word_1_666' title='bbox 941 3642 1030 3680; x_wconf 80' lang='lat' dir='ltr'>xiv,</span> <span class='ocrx_word' id='word_1_667' title='bbox 1057 3636 1260 3673; x_wconf 77' lang='lat' dir='ltr'>exaratus</span> <span class='ocrx_word' id='word_1_668' title='bbox 1278 3634 1361 3678; x_wconf 87' lang='lat' dir='ltr'>est,</span> <span class='ocrx_word' id='word_1_669' title='bbox 1383 3630 1594 3684; x_wconf 76' lang='lat' dir='ltr'>opusculo</span> <span class='ocrx_word' id='word_1_670' title='bbox 1611 3629 1701 3671; x_wconf 78' lang='lat' dir='ltr'>haec</span> <span class='ocrx_word' id='word_1_671' title='bbox 1718 3628 1891 3671; x_wconf 83' lang='lat' dir='ltr'>rubrica</span> <span class='ocrx_word' id='word_1_672' title='bbox 1914 3626 2147 3683; x_wconf 73' lang='lat' dir='ltr'>praefigitur</span> <span class='ocrx_word' id='word_1_673' title='bbox 2167 3643 2176 3669; x_wconf 88' lang='lat'><strong>:</strong></span> <span class='ocrx_word' id='word_1_674' title='bbox 2201 3625 2349 3679; x_wconf 80' lang='lat' dir='ltr'>Incipit</span> <span class='ocrx_word' id='word_1_675' title='bbox 2372 3625 2546 3668; x_wconf 84' lang='lat' dir='ltr'>Summa</span> <span class='ocrx_word' id='word_1_676' title='bbox 2565 3640 2656 3668; x_wconf 77' lang='lat' dir='ltr'>mci-</span> 
     </span>
     <span class='ocr_line' id='line_1_53' title="bbox 84 3671 2659 3741; baseline -0.001 -15"><span class='ocrx_word' id='word_1_677' title='bbox 84 3685 204 3739; x_wconf 51' lang='lat' dir='ltr'>¹gistri</span> <span class='ocrx_word' id='word_1_678' title='bbox 226 3685 330 3729; x_wconf 73' lang='lat' dir='ltr'>Adoe</span> <span class='ocrx_word' id='word_1_679' title='bbox 347 3687 398 3728; x_wconf 80' lang='lat' dir='ltr'>de</span> <span class='ocrx_word' id='word_1_680' title='bbox 420 3695 572 3739; x_wconf 77' lang='lat' dir='ltr'>septem</span> <span class='ocrx_word' id='word_1_681' title='bbox 592 3689 880 3733; x_wconf 73' lang='lat' dir='ltr'>sacramentis.</span> <span class='ocrx_word' id='word_1_682' title='bbox 906 3686 1052 3734; x_wconf 73' lang='lat' dir='ltr'>Primo</span> <span class='ocrx_word' id='word_1_683' title='bbox 1070 3685 1248 3741; x_wconf 75' lang='lat' dir='ltr'>qualiter</span> <span class='ocrx_word' id='word_1_684' title='bbox 1265 3683 1445 3727; x_wconf 68' lang='lat' dir='ltr'>collecta»</span> <span class='ocrx_word' id='word_1_685' title='bbox 1457 3684 1640 3727; x_wconf 70' lang='lat' dir='ltr'>dicenda»</span> <span class='ocrx_word' id='word_1_686' title='bbox 1657 3685 1742 3726; x_wconf 81' lang='lat' dir='ltr'>sint</span> <span class='ocrx_word' id='word_1_687' title='bbox 1760 3684 1802 3726; x_wconf 85' lang='lat' dir='ltr'>in</span> <span class='ocrx_word' id='word_1_688' title='bbox 1823 3685 1968 3727; x_wconf 67' lang='lat' dir='ltr'>missa.</span> <span class='ocrx_word' id='word_1_689' title='bbox 1986 3671 2037 3726; x_wconf 75' lang='lat' dir='ltr'>In</span> <span class='ocrx_word' id='word_1_690' title='bbox 2054 3683 2245 3733; x_wconf 74' lang='lat' dir='ltr'>summis,</span> <span class='ocrx_word' id='word_1_691' title='bbox 2270 3690 2355 3726; x_wconf 82' lang='lat' dir='ltr'>etc.</span> <span class='ocrx_word' id='word_1_692' title='bbox 2375 3681 2420 3724; x_wconf 85' lang='lat' dir='ltr'>ln</span> <span class='ocrx_word' id='word_1_693' title='bbox 2443 3681 2525 3724; x_wconf 75' lang='lat' dir='ltr'>fine</span> <span class='ocrx_word' id='word_1_694' title='bbox 2546 3681 2659 3730; x_wconf 65' lang='lat' dir='ltr'>:Ean-</span> 
     </span>
     <span class='ocr_line' id='line_1_54' title="bbox 89 3741 759 3799; baseline 0.006 -17"><span class='ocrx_word' id='word_1_695' title='bbox 89 3741 203 3797; x_wconf 67' lang='lat' dir='ltr'>plica</span> <span class='ocrx_word' id='word_1_696' title='bbox 228 3742 400 3786; x_wconf 77' lang='lat' dir='ltr'>Summa</span> <span class='ocrx_word' id='word_1_697' title='bbox 423 3742 620 3799; x_wconf 72' lang='lat' dir='ltr'>Maqistri</span> <span class='ocrx_word' id='word_1_698' title='bbox 641 3742 759 3786; x_wconf 70' lang='lat' dir='ltr'>Aetae.</span> 
     </span>
    </p>
   </div>
   <div class='ocr_carea' id='block_1_13' title="bbox 677 3832 1834 3966">
    <p class='ocr_par' dir='ltr' id='par_1_13' title="bbox 677 3832 1834 3966">
     <span class='ocr_line' id='line_1_55' title="bbox 677 3832 1680 3890; baseline -0.002 -14"><span class='ocrx_word' id='word_1_699' title='bbox 677 3833 812 3876; x_wconf 76' lang='lat' dir='ltr'>Adam</span> <span class='ocrx_word' id='word_1_700' title='bbox 828 3835 926 3890; x_wconf 75' lang='lat' dir='ltr'>jure</span> <span class='ocrx_word' id='word_1_701' title='bbox 944 3835 1096 3887; x_wconf 83' lang='lat' dir='ltr'>minus,</span> <span class='ocrx_word' id='word_1_702' title='bbox 1117 3835 1248 3878; x_wconf 76' lang='lat' dir='ltr'>doctis</span> <span class='ocrx_word' id='word_1_703' title='bbox 1271 3846 1411 3877; x_wconf 76' lang='lat' dir='ltr'>versus</span> <span class='ocrx_word' id='word_1_704' title='bbox 1431 3832 1544 3875; x_wconf 82' lang='lat' dir='ltr'>dedit</span> <span class='ocrx_word' id='word_1_705' title='bbox 1563 3834 1680 3880; x_wconf 77' lang='lat' dir='ltr'>istos,</span> 
     </span>
     <span class='ocr_line' id='line_1_56' title="bbox 705 3907 1834 3966; baseline -0.001 -16"><span class='ocrx_word' id='word_1_706' title='bbox 705 3908 960 3961; x_wconf 59' lang='lat' dir='ltr'>tir-discant,</span> <span class='ocrx_word' id='word_1_707' title='bbox 980 3922 1071 3966; x_wconf 78' lang='lat' dir='ltr'>qua·</span> <span class='ocrx_word' id='word_1_708' title='bbox 1090 3911 1172 3952; x_wconf 77' lang='lat' dir='ltr'>sint</span> <span class='ocrx_word' id='word_1_709' title='bbox 1196 3907 1391 3966; x_wconf 62' lang='lat' dir='ltr'>[sepienda</span> <span class='ocrx_word' id='word_1_710' title='bbox 1412 3921 1483 3963; x_wconf 85' lang='lat' dir='ltr'>per</span> <span class='ocrx_word' id='word_1_711' title='bbox 1505 3907 1622 3952; x_wconf 74' lang='lat' dir='ltr'>hosce</span> <span class='ocrx_word' id='word_1_712' title='bbox 1647 3907 1834 3951; x_wconf 71' lang='lat' dir='ltr'>tenenda,</span> 
     </span>
    </p>
   </div>
   <div class='ocr_carea' id='block_1_14' title="bbox 94 3994 2658 4210">
    <p class='ocr_par' dir='ltr' id='par_1_14' title="bbox 94 3994 2658 4210">
     <span class='ocr_line' id='line_1_57' title="bbox 146 3994 2654 4052; baseline 0 -12"><span class='ocrx_word' id='word_1_713' title='bbox 146 3996 232 4040; x_wconf 85' lang='lat' dir='ltr'>Nos</span> <span class='ocrx_word' id='word_1_714' title='bbox 255 3998 299 4042; x_wconf 87' lang='lat' dir='ltr'>in</span> <span class='ocrx_word' id='word_1_715' title='bbox 324 4005 441 4043; x_wconf 85' lang='lat' dir='ltr'>tanta</span> <span class='ocrx_word' id='word_1_716' title='bbox 473 4000 670 4043; x_wconf 77' lang='lat' dir='ltr'>codicum</span> <span class='ocrx_word' id='word_1_717' title='bbox 695 3999 900 4042; x_wconf 83' lang='lat' dir='ltr'>varietate</span> <span class='ocrx_word' id='word_1_718' title='bbox 939 3998 1213 4052; x_wconf 82' lang='lat' dir='ltr'>suspicamur</span> <span class='ocrx_word' id='word_1_719' title='bbox 1242 3997 1372 4052; x_wconf 77' lang='lat' dir='ltr'>hujus</span> <span class='ocrx_word' id='word_1_720' title='bbox 1419 3998 1609 4040; x_wconf 84' lang='lat' dir='ltr'>metricae</span> <span class='ocrx_word' id='word_1_721' title='bbox 1633 3994 1866 4038; x_wconf 80' lang='lat' dir='ltr'>Summulae</span> <span class='ocrx_word' id='word_1_722' title='bbox 1904 4007 1990 4039; x_wconf 89' lang='lat' dir='ltr'>non</span> <span class='ocrx_word' id='word_1_723' title='bbox 2014 3996 2144 4040; x_wconf 86' lang='lat' dir='ltr'>alium</span> <span class='ocrx_word' id='word_1_724' title='bbox 2169 4007 2266 4040; x_wconf 86' lang='lat' dir='ltr'>esse</span> <span class='ocrx_word' id='word_1_725' title='bbox 2284 4003 2500 4044; x_wconf 84' lang='lat' dir='ltr'>auctorem</span> <span class='ocrx_word' id='word_1_726' title='bbox 2526 4009 2654 4052; x_wconf 81' lang='lat' dir='ltr'>quam</span> 
     </span>
     <span class='ocr_line' id='line_1_58' title="bbox 94 4052 2654 4109; baseline -0.001 -12"><span class='ocrx_word' id='word_1_727' title='bbox 94 4063 204 4109; x_wconf 75' lang='lat' dir='ltr'>mag.</span> <span class='ocrx_word' id='word_1_728' title='bbox 234 4053 443 4103; x_wconf 77' lang='lat' dir='ltr'>Adamum</span> <span class='ocrx_word' id='word_1_729' title='bbox 476 4057 949 4103; x_wconf 72' lang='lat' dir='ltr'>Praemonstratensem,</span> <span class='ocrx_word' id='word_1_730' title='bbox 974 4055 1047 4109; x_wconf 82' lang='lat' dir='ltr'>qui</span> <span class='ocrx_word' id='word_1_731' title='bbox 1070 4054 1298 4102; x_wconf 87' lang='lat' dir='ltr'>commodo</span> <span class='ocrx_word' id='word_1_732' title='bbox 1336 4054 1592 4096; x_wconf 85' lang='lat' dir='ltr'>clericorum</span> <span class='ocrx_word' id='word_1_733' title='bbox 1622 4058 1933 4107; x_wconf 85' lang='lat' dir='ltr'>prospecturus</span> <span class='ocrx_word' id='word_1_734' title='bbox 1950 4052 2164 4107; x_wconf 82' lang='lat' dir='ltr'>ejusmodi</span> <span class='ocrx_word' id='word_1_735' title='bbox 2190 4063 2402 4095; x_wconf 86' lang='lat' dir='ltr'>canonum</span> <span class='ocrx_word' id='word_1_736' title='bbox 2426 4059 2468 4095; x_wconf 89' lang='lat' dir='ltr'>et</span> <span class='ocrx_word' id='word_1_737' title='bbox 2492 4053 2654 4096; x_wconf 78' lang='lat' dir='ltr'>rituum</span> 
     </span>
     <span class='ocr_line' id='line_1_59' title="bbox 95 4106 2658 4210; baseline -0.002 -55"><span class='ocrx_word' id='word_1_738' title='bbox 95 4111 392 4210; x_wconf 47' lang='lat' dir='ltr'>{zitggtapgggitum</span> <span class='ocrx_word' id='word_1_739' title='bbox 409 4112 626 4155; x_wconf 81' lang='lat' dir='ltr'>memoriae</span> <span class='ocrx_word' id='word_1_740' title='bbox 654 4123 784 4153; x_wconf 78' lang='lat' dir='ltr'>causa</span> <span class='ocrx_word' id='word_1_741' title='bbox 808 4109 1067 4158; x_wconf 85' lang='lat' dir='ltr'>condiderit,</span> <span class='ocrx_word' id='word_1_742' title='bbox 1095 4115 1322 4165; x_wconf 80' lang='lat' dir='ltr'>antequam</span> <span class='ocrx_word' id='word_1_743' title='bbox 1346 4109 1390 4151; x_wconf 87' lang='lat' dir='ltr'>in</span> <span class='ocrx_word' id='word_1_744' title='bbox 1427 4109 1567 4151; x_wconf 85' lang='lat' dir='ltr'>lucem</span> <span class='ocrx_word' id='word_1_745' title='bbox 1591 4106 1751 4163; x_wconf 86' lang='lat' dir='ltr'>prodiit</span> <span class='ocrx_word' id='word_1_746' title='bbox 1787 4106 1964 4157; x_wconf 84' lang='lat' dir='ltr'>Summa</span> <span class='ocrx_word' id='word_1_747' title='bbox 2007 4106 2266 4165; x_wconf 81' lang='lat' dir='ltr'>Raymundi.</span> <span class='ocrx_word' id='word_1_748' title='bbox 2288 4108 2372 4152; x_wconf 83' lang='lat' dir='ltr'>Sed</span> <span class='ocrx_word' id='word_1_749' title='bbox 2403 4108 2495 4152; x_wconf 88' lang='lat' dir='ltr'>haec</span> <span class='ocrx_word' id='word_1_750' title='bbox 2512 4109 2658 4152; x_wconf 84' lang='lat' dir='ltr'>minu-</span> 
     </span>
    </p>
   </div>
   <div class='ocr_carea' id='block_1_15' title="bbox 347 4476 2455 4534">
    <p class='ocr_par' dir='ltr' id='par_1_15' title="bbox 347 4476 2455 4534">
     <span class='ocr_line' id='line_1_60' title="bbox 347 4476 2455 4534; baseline -0.001 -2"><span class='ocrx_word' id='word_1_751' title='bbox 347 4482 556 4532; x_wconf 60' lang='lat' dir='ltr'>Parnoi..</span> <span class='ocrx_word' id='word_1_752' title='bbox 597 4484 723 4534; x_wconf 76' lang='lat' dir='ltr'>CXC</span> <span class='ocrx_word' id='word_1_753' title='bbox 734 4482 862 4530; x_wconf 62' lang='lat' dir='ltr'>vlit.</span> <span class='ocrx_word' id='word_1_754' title='bbox 1402 4476 1406 4482; x_wconf 75' lang='grc'><strong>’</strong></span> <span class='ocrx_word' id='word_1_755' title='bbox 2392 4482 2455 4530; x_wconf 71' lang='lat'>27</span> 
     </span>
    </p>
   </div>
  </div>
 </body>
</html>
