2924 4588
100 34 177 77 281

879 27 1185 73 SERMONES.
1214 52 1270 60 —
1300 27 1352 71 m
1379 27 1468 71 DIE
1498 27 1542 72 S.
1576 28 1862 76 STEPHANI.

2581 33 2669 78 282

102 121 328 172 nisterium
353 119 507 162 missos
529 123 704 174 propter
727 129 806 160 nos
822 150 832 168 ‚
858 117 931 173 qui
955 116 1245 161 haereditatem
1269 128 1341 160 ca»
1363 121 1401 166 Λ
1423 118 1536 174 gulis
1554 118 1638 163 illis
1665 120 1801 163 stellis
1818 121 2046 170 irradians.
2066 119 2203 164 Habet
2218 120 2362 176 itaque
2386 121 2539 164 coeium
2562 122 2665 163 illud

104 197 244 252 pintus
267 194 419 237 salutis
453 190 612 248 (Hebr.
641 203 683 242 1,
709 189 799 247 14).
828 190 878 233 Et
916 192 1006 234 haec
1039 190 1094 234 de
1128 190 1192 235 eis
1226 189 1344 236 dedit

102 266 208 309 mihi
233 264 394 308 sentire
417 263 488 306 ille
516 275 668 307 servus
700 268 826 311 tuus,
853 262 926 317 qui
959 261 1018 304 ait
1043 276 1053 304 ε
1078 254 1223 307 'Miltia
1250 261 1345 303 rnil-

106 334 209 379 liam
230 333 526 378 mitiislrabant
555 334 619 384 ei,
647 339 686 376 et
714 333 846 375 decies
876 338 1047 375 centena
1076 331 1211 374 millia
1237 332 1347 375 assi-

105 407 280 452 stebant
301 408 339 451 ei
373 406 512 464 (Dan.
538 417 625 457 vu,
651 404 750 463 10),
789 403 874 448 Sed
906 417 1081 449 rursum
1110 401 1235 447 video
1267 415 1347 448 nec

106 481 214 526 istos
235 481 387 525 deesse
409 479 552 534 aliqua
577 478 707 528 hora,
733 477 807 532 qui
833 475 887 520 ad
912 488 994 522 nos
1023 475 1142 521 toras
1159 481 1344 526 exeunt,

105 566 186 600 nec
208 554 306 598 illos
325 552 467 603 nobis,
489 551 560 607 qui
582 551 658 594 tibi
677 550 971 594 indesinenter
987 549 1214 595 assistunt.
1240 548 1346 591 Nam

106 625 329 685 quomodo<
344 629 526 683 possunt
549 637 645 670 esse
668 623 849 681 perfecti
867 622 935 667 vei
957 622 1019 672 illi
1042 623 1086 666 in
1108 622 1319 670 charitate
1334 651 1346 675 ,

108 702 144 747 si
163 700 294 746 etiam
311 699 388 743 tibi
407 698 664 746 assistentes
687 709 835 740 curam
861 697 913 741 de
936 695 1063 747 nobis
1086 695 1248 746 nullam
1268 695 1350 739 ‘ha-2

106 774 257 818 herent
272 806 284 827 ‚
304 773 372 817 vel
395 771 467 816 isti
491 770 535 813 in
558 764 762 813 felicitate
778 802 788 820 ‚
817 769 854 820 si
878 782 974 812 cum
1002 769 1057 812 ad
1090 781 1170 819 nos
1191 772 1350 811 exeunt

106 846 276 891 beatam
308 850 351 890 et
381 843 668 888 laetificantem
700 843 913 887 visionem
944 848 1059 889 tuam
1098 854 1183 886 non
1221 839 1351 884 modo

109 918 375 969 amitterent,
404 915 478 961 sed
502 915 567 960 vel
592 915 848 959 brevissimo
871 920 1090 958 momento
1112 913 1259 957 videre
1280 913 1350 955 in-

108 989 424 1034 termitterent?
447 987 593 1044 ltaque
614 992 658 1031 et
678 986 753 1043 qui
776 986 985 1030 assistunt
1007 985 1084 1028 tibi
1118 984 1244 1028 nobis
1266 997 1352 1027 non

110 1063 266 1108 desunt
301 1062 633 1119 compassione:
670 1065 713 1103 et
747 1058 821 1116 qui
860 1058 913 1101 ad
945 1069 1023 1102 nos
1048 1058 1248 1108 veniunt,
1273 1056 1352 1099 tibi

109 1137 341 1186 assistunt,
373 1136 460 1180 imo
493 1136 536 1178 in
560 1140 602 1178 te
627 1139 728 1178 sunt
751 1131 1128 1188 contemplatione.
1155 1129 1253 1176 ttaec
1276 1143 1355 1174 au-

1424 192 1577 244 solem‚
1598 191 1699 234 dum
1729 193 1814 236 illis
1846 191 1944 236 tiliis
1979 193 2097 248 regni
2116 192 2316 237 ‘coelestis
2350 193 2421 235 illa
2446 193 2667 236 beatitudo

1425 262 1537 319 (hoc
1558 268 1625 306 est
1647 264 1760 306 enim
1787 263 1972 320 ciclum)
1990 263 2245 319 sapientiam
2271 262 2437 307 confert
2468 263 2525 306 ·in
2562 264 2666 314 Deo.

1426 348 1502 391 per
1534 334 1826 378 omnimodam
1849 336 2161 392 cognitionem;
2186 337 2348 388 lunam,
2374 334 2477 381 dum
2505 337 2568 379 eis
2591 349 2670 392 po-

1425 407 1620 456 tentiam,
1647 407 1830 463 singuiis
1854 407 1898 451 in
1914 420 1960 451 56
1977 439 1988 460 ,
2013 420 2089 463 per
2108 408 2432 456 robutissimam
2454 406 2671 450 fortitudi-

1426 489 1550 530 nem;
1590 477 1876 521 clarissimam
1915 477 2047 521 etiam
2090 479 2255 530 lucem,
2284 485 2326 521 et
2359 477 2671 522 lucidissimam

1427 549 1668 594 claritatem
1687 549 1732 592 in
1753 550 1903 603 stellis,
1924 550 2027 593 dnm
2050 552 2303 595 suavitatem
2325 553 2371 597 in
2403 551 2600 610 singulis,
2628 550 2674 596 in

1429 635 1612 666 invicem
1635 635 1725 666 veri
1741 634 1920 668 amoris.
2271 661 2281 668 .

1487 692 1610 738 XVII.
1638 693 1811 745 Restat,
1838 693 2017 738 Domine
2032 728 2043 743 .
2070 700 2116 738 ut
2138 693 2191 738 de
2213 694 2299 739 inis
2322 695 2418 739 coeli
2447 696 2674 739 luminari-

1429 766 1528 819 bus,
1542 766 1657 822 quod
1673 772 1718 810 tu
1732 779 1793 819 es,
1815 767 1977 824 aliquid
1992 761 2337 825 dicamus.'Ergo
2357 775 2431 813 tuo
2450 766 2685 824 splendore

1429 839 1558 890 mica,
1577 839 1750 883 etillum
1767 851 1822 882 na
1843 844 1993 890 nos,ut
2019 840 2112 884 sinc
2129 840 2320 884 tenebris
2342 842 2521 892 erroris,
2546 839 2598 884 de
2613 840 2679 887 eis

1429 912 1645 968 loquendo
1667 912 1931 957 incedamus.
1955 911 2002 955 Si
2025 925 2122 957 cum
2145 913 2301 958 coelum
2336 915 2413 965 sis,
2442 914 2592 966 solem,
2611 913 2679 957 lu·

1430 997 1532 1027 nam
1558 990 1601 1028 et
1631 984 1776 1029 stellas
1806 985 1964 1036 habes,
1988 992 2032 1027 tu
2068 984 2240 1041 quidem
2265 985 2347 1028 boc
2387 986 2479 1042 ipsc
2503 997 2549 1029 es
2569 1019 2579 1038 ,
2604 984 2679 1042 qui

1431 1056 1539 1100 nihil
1561 1057 1604 1100 in
1623 1062 1665 1101 te
1689 1057 1822 1101 habes
1841 1089 1851 1108 ‚
1871 1057 1986 1114 quod
2011 1058 2104 1114 ipse
2126 1070 2213 1101 non
2236 1071 2283 1102 es
2311 1074 2324 1102 :
2351 1060 2462 1104 sicut
2492 1059 2608 1103 enim
2630 1066 2679 1110 tit

1434 1142 1581 1173 verum
1607 1142 1703 1174 esse
1720 1143 1806 1173 non
1829 1135 1952 1186 potes
1975 1143 2063 1174 non
2085 1143 2198 1183 esse,
2218 1132 2281 1175 sic
2303 1145 2383 1176 nec
2402 1132 2563 1188 aliquid
2581 1132 2624 1175 in
2641 1138 2682 1177 te

110 1216 192 1253 tem
216 1208 476 1257 sollicitudo,
502 1219 584 1263 qua
609 1207 678 1250 isti
706 1205 932 1248 nobiscnm
959 1203 1163 1260 degentes
1185 1203 1353 1248 astricti
1381 1184 1412 1228 Β
1435 1214 1531 1246 6556
1548 1202 1724 1249 noterit.
1744 1202 1858 1258 quod
1877 1207 1923 1245 tu
1942 1215 2028 1247 non
2048 1203 2126 1247 sis.
2149 1203 2213 1247 Tu
2234 1204 2426 1258 enim,ut
2450 1206 2506 1248 ita
2523 1204 2679 1256 dicam,

110 1287 312 1326 tenentur
334 1294 434 1337 erga
456 1286 522 1332 te,
549 1284 591 1322 et
617 1279 677 1321 ilii
704 1278 782 1320 tibi
811 1277 1083 1320 intendentes
1113 1276 1165 1319 de
1195 1276 1350 1328 nolzis;

112 1368 253 1401 nonne
275 1355 348 1398 lux
373 1367 526 1410 magua
550 1358 643 1403 est,
667 1365 751 1408 qua
781 1351 915 1395 stellae
937 1349 1020 1393 illae
1050 1350 1225 1400 lucidae,
1258 1349 1355 1392 illos

111 1430 164 1475 de
186 1428 342 1486 quibus
371 1427 604 1483 loquimur,
637 1425 788 1469 beatos
819 1424 999 1480 spiritus
1027 1422 1149 1473 dico,
1182 1420 1356 1478 praeiui-

109 1502 243 1562 gent?
264 1499 548 1544 Ministerinm
576 1510 680 1541 vero
705 1509 853 1541 eorum
871 1529 881 1547 ‚
910 1496 1010 1551 quia
1036 1494 1077 1537 id
1102 1494 1215 1550 apud
1247 1503 1352 1545 nos,

110 1573 183 1631 qui
204 1575 247 1617 in
272 1573 495 1630 przesentis
519 1573 615 1614 vitae
640 1570 823 1626 caligine
846 1569 1058 1619 mutabili,
1076 1575 1116 1610 rt
1133 1565 1354 1610 mutabili-

111 1653 198 1690 tate
214 1657 437 1689 versamur
453 1643 707 1699 caliginosa,
723 1646 943 1691 exercent,
970 1652 1114 1683 nonne
1137 1639 1239 1682 luna
1263 1639 1357 1682 est?

111 1731 210 1775 nam
234 1725 316 1762 tuae
340 1729 509 1773 semper
530 1715 753 1760 intendere
773 1714 986 1765 claritati,
1010 1714 1190 1756 visionis
1215 1712 1358 1768 spien-

111 1791 339 1836 didissimo
365 1790 649 1835 indeficientis
676 1789 780 1834 solis
802 1789 957 1845 jubare
979 1787 1140 1843 perfrui
1163 1793 1249 1838 cst,
1277 1785 1359 1842 igi-

111 1870 184 1909 tur
217 1865 259 1908 in
288 1863 595 1908 assistentibus
633 1861 765 1918 fulget
801 1862 894 1912 501,
933 1862 977 1904 in
1010 1859 1357 1903 ministrantibus

114 1937 214 1981 luna
233 1968 243 1988 ,
269 1942 311 1980 et
334 1935 618 1991 duntsinguli
645 1933 836 1990 perlecta
859 1934 936 1976 tibi
977 1933 1135 1976 adsunt
1164 1937 1359 1974 contem·

62 2043 64 2046 Α
113 2009 301 2066 piatione
335 2015 378 2052 et
419 2008 543 2052 nobis
582 2007 883 2063 compassione
906 2039 916 2056 ‚
959 2017 1113 2061 magna
1154 2004 1244 2047 baec
1282 2016 1358 2048 eos

115 2080 323 2139 perfectio
345 2080 496 2125 fovens
518 2091 673 2137 magna
693 2087 758 2123 cst
781 2080 853 2122 lux
878 2079 1025 2122 stellas
1047 2078 1141 2121 illas
1165 2076 1358 2133 singulas

115 2155 353 2199 illustrans.

168 2225 277 2271 XVl.
310 2226 536 2272 Coelestcm
567 2226 681 2269 illam
714 2224 767 2269 ad
805 2237 931 2282 quam
958 2225 1204 2280 aspiramus
1229 2223 1352 2278 121
1383 2249 1415 2296 C

42 2339 44 2343 Α
114 2293 363 2345 felicitatem
400 2296 616 2354 triplicem
652 2309 749 2341 esse
780 2295 967 2347 invenio,
1011 2294 1115 2338 dum
1151 2293 1263 2350 apud
1293 2305 1359 2335 me

114 2384 276 2428 quaero,
295 2370 397 2427 quid
414 2371 577 2415 erimus
596 2370 639 2413 in
660 2371 804 2421 nobis,
822 2370 926 2427 quid
949 2370 991 2412 in
1010 2374 1053 2412 te
1075 2368 1164 2412 Deo
1185 2373 1356 2419 nostro,

115 2445 217 2503 quid
235 2444 363 2490 simul
384 2456 536 2488 omnes
559 2445 602 2487 in
626 2444 827 2488 invicem.
848 2442 1083 2486 Etinvenio
1108 2454 1188 2485 nos
1212 2441 1256 2484 in
1282 2454 1360 2484 no-

115 2518 184 2565 bis
202 2521 415 2574 potentes,
443 2522 484 2560 et
508 2517 550 2559 in
569 2524 609 2561 te
627 2516 860 2573 sapientes,
879 2521 921 2560 et
940 2516 981 2558 iu
1003 2515 1186 2559 invicem
1211 2527 1359 2558 anian-

116 2598 182 2639 tes
202 2591 277 2649 [al.
303 2590 347 2635 in
368 2603 471 2635 suos
494 2591 676 2635 invicem
696 2590 760 2633 vel
782 2602 828 2633 se
853 2588 1053 2646 invicem]
1075 2605 1085 2633 :
1113 2589 1258 2632 omnia
1278 2600 1357 2643 po·

116 2666 294 2718 terimus
318 2664 411 2708 sine
439 2663 523 2706 ulla
557 2662 776 2706 debilitate
792 2697 803 2713 ,
827 2663 971 2705 omnia
1006 2662 1241 2706 sentiemus
1267 2662 1360 2705 sine

116 2738 203 2781 ulio
239 2749 413 2788 errore,
436 2741 478 2779 et
516 2734 697 2779 invicem
731 2726 854 2790 plene
888 2734 1117 2790 diligemus
1152 2734 1246 2777 sine
1271 2732 1358 2775 ulla

116 2809 365 2861 offensione.
389 2807 424 2852 Ο
462 2807 596 2851 robur
635 2806 906 2851 fortitudinis
934 2804 1248 2856 indeficientis,
1273 2815 1358 2860 qua

117 2883 160 2935 in
182 2882 307 2928 nobis
329 2882 540 2939 potentes!
569 2876 597 2923 o'
611 2880 787 2924 claritas
802 2876 1060 2922 omnimodae
1082 2877 1356 2934 cognitionis.

117 2969 202 3013 qua
243 2956 287 2999 in
332 2960 377 2999 tc
403 2954 492 2998 Deo
514 2959 664 2996 nostro
701 2951 942 3007 sapientes!
978 2963 1003 2995 o
1043 2950 1234 2994 suavitas
1270 2949 1359 2993 veri

82 3084 84 3086 q
117 3029 291 3081 amoris,
315 3040 401 3084 quo
422 3026 605 3073 invicem
630 3025 845 3068 amantes!
866 3022 966 3069 Haec
987 3014 1131 3065 tamen
1148 3021 1292 3064 omnia
1312 3027 1358 3064 tu

49 3155 51 3158 Α
116 3103 239 3147 nobis
273 3102 376 3154 eris,
409 3100 500 3158 qui,
542 3100 644 3144 dum
686 3104 805 3142 totus
846 3097 892 3140 in
936 3095 1066 3141 nobis
1097 3094 1203 3145 eris,
1228 3094 1358 3137 etiam

116 3181 252 3219 totum
283 3174 328 3217 in
357 3173 482 3218 nobis
518 3174 632 3226 eris,
669 3170 920 3216 conterente
958 3169 1084 3213 nobis
1123 3167 1358 3225 potentiam

118 3245 163 3290 in
198 3245 350 3298 nobis,
399 3250 441 3289 te
482 3254 651 3289 summo
684 3240 773 3286 Deo
815 3239 966 3295 Patre;
1012 3239 1267 3297 sapientiam
1315 3238 1358 3280 in

1434 1286 1532 1318 esse
1555 1279 1677 1317 tuum
1705 1286 1769 1325 es,
1795 1274 1838 1318 in
1882 1273 1997 1330 quod
2021 1274 2129 1321 nibil
2150 1279 2219 1318 est
2235 1274 2322 1318 nisi
2352 1275 2466 1334 quod
2487 1287 2560 1326 es;
2587 1274 2683 1318 aliis

1436 1351 1580 1390 tamen
1593 1346 1638 1388 in
1654 1350 1697 1389 te
1711 1345 1906 1390 ostendis
1924 1345 2076 1398 solem,
2097 1345 2193 1389 aliis
2211 1346 2376 1398 lunam,
2402 1345 2497 1389 aliis
2518 1346 2681 1397 stellas,

1438 1432 1535 1463 cum
1556 1424 1602 1462 tu
1629 1431 1717 1469 non
1749 1419 1867 1462 aliud
1891 1426 1934 1464 et
1957 1419 2074 1463 aliud
2094 1452 2105 1471 ‚
2134 1420 2208 1463 sed
2229 1420 2320 1476 ipse
2342 1420 2453 1468 idem
2479 1420 2566 1470 sis,
2586 1433 2683 1466 cum

1417 1489 1549 1549 ”idem
1569 1499 1636 1536 est
1658 1504 1754 1536 esse
1778 1492 1893 1548 quod
1919 1498 2002 1537 est.
2027 1491 2109 1544 Qui
2144 1499 2287 1536 autem
2315 1493 2558 1536 considerat
2582 1492 2685 1548 quid

1437 1581 1485 1612 es
1508 1569 1551 1612 in
1578 1574 1619 1612 te
1642 1570 1758 1624 ipso,
1787 1568 1892 1624 quid
1916 1568 1960 1616 in
1980 1568 2192 1624 reprobis,
2211 1568 2327 1624 'quid
2360 1569 2403 1610 in
2427 1567 2594 1617 electis,
2622 1568 2686 1610 vi-

1437 1643 1564 1692 dere,
1590 1643 1635 1684 ni
1661 1642 1801 1693 fallor,
1823 1646 1992 1698 potest,
2019 1654 2115 1685 esse
2141 1641 2183 1684 in
2212 1647 2254 1685 tc
2286 1641 2435 1692 solem,
2462 1641 2607 1683 lunam
2645 1650 2687 1685 et

1439 1716 1601 1760 stelias.
1629 1713 1763 1759 Video
1786 1720 1827 1758 te
1847 1714 1891 1759 in
1914 1719 1957 1759 te
1974 1715 2092 1770 ipso;
2121 1715 2298 1757 omnino
2318 1713 2687 1770 incomprehensa

1439 1790 1583 1841 bilem,
1606 1801 1656 1832 ac
1677 1801 1753 1845 per
1769 1788 1852 1831 hoc
1874 1788 2124 1844 quemdam,
2143 1800 2269 1843 quem
2296 1787 2443 1831 nullus
2467 1787 2531 1830 vel
2558 1799 2688 1843 ange,-

1438 1865 1548 1907 licus
1567 1862 1634 1906 vel
1657 1861 1873 1908 humanus
1896 1862 2140 1906 intellectus
2165 1867 2391 1916 penetrare
2415 1858 2567 1906 sufficit
2583 1892 2595 1910 ‚
2617 1873 2688 1903 so-

1439 1936 1539 1980 lem.
1566 1933 1633 1978 Tu
1649 1947 1750 1979 vere
1771 1946 1901 1986 unus,
1932 1940 1973 1979 et
1997 1934 2093 1978 ideo
2112 1934 2210 1978 inte
2234 1945 2323 1976 non
2342 1933 2585 1988 suscipiens
2607 1946 2689 1976 nu-

1440 2021 1608 2053 merum
1635 2023 1646 2052 ι
1679 2007 1933 2059 immensus,
1959 2019 2009 2050 ac
2041 2019 2116 2061 per
2139 2006 2222 2050 hoc
2254 2005 2419 2050 nullum
2456 2005 2688 2050 adn’iittens

1440 2087 1745 2139 augmentum;
1769 2086 1954 2125 aeternus
1978 2087 2018 2125 et
2049 2080 2212 2123 idcireo
2233 2079 2397 2123 nullum
2420 2078 2588 2134 patiens
2610 2078 2688 2122 de·

1441 2157 1599 2201 sectum
1621 2171 1630 2198 z
1653 2161 1701 2198 tu
1724 2155 1805 2198 sub
1829 2167 1913 2210 quo
1931 2158 2159 2196 transeunt
2181 2156 2354 2201 cuncta,
2371 2151 2479 2196 nihii
2504 2151 2596 2196 tibi.
2622 2148 2688 2194 Tu

1441 2241 1639 2287 magnus,
1667 2227 1742 2274 sed
1767 2228 1860 2272 sine
1899 2227 2163 2283 quantitate,
2190 2231 2236 2269 tu
2263 2223 2460 2281 simplex,
2487 2223 2563 2268 sed
2594 2223 2690 2268 sine

1440 2303 1762 2358 extenuation03
1785 2307 1832 2345 tu
1855 2301 2011 2352 bonas,
2040 2301 2114 2344 sed
2138 2300 2231 2344 sine
2253 2298 2475 2356 qualitate,
2506 2304 2550 2342 tu
2574 2311 2689 2344 sein-

1440 2389 1516 2431 per
1541 2374 1616 2419 sed
1635 2376 1728 2418 sine
1751 2381 1959 2430 tempore,
1976 2378 2021 2415 tu
2045 2372 2203 2428 ubique
2227 2371 2300 2416 sed
2319 2371 2413 2415 sine
2435 2370 2553 2423 loco;
2572 2374 2618 2421 tu
2643 2369 2690 2421 in

1440 2448 1555 2491 omni
1581 2461 1642 2499 re,
1664 2447 1740 2491 sed
1759 2446 1852 2490 sine.
1873 2446 1936 2489 tui
1953 2444 2225 2497 delinitione3
2247 2449 2295 2487 tu
2319 2444 2364 2487 in
2385 2443 2502 2487 omni
2522 2449 2688 2499 tempo.-

1440 2534 1508 2574 re,
1528 2520 1605 2565 sed
1623 2520 1717 2564 sine
1737 2520 1797 2562 tui
1816 2518 2114 2563 mutabilitate.
2134 2517 2221 2561 Nec
2236 2523 2359 2573 potes
2376 2517 2592 2562 ullatenus
2607 2527 2689 2565 neo

1441 2608 1520 2653 pro
1547 2592 1705 2653 [ulmei
1733 2591 1827 2650 pro]
1849 2593 1911 2636 tui
1933 2592 2119 2648 puritate
2140 2591 2366 2640 maculari,
2389 2590 2457 2634 vel
2482 2590 2689 2645 simplici-2

1441 2673 1527 2710 tate
1545 2666 1679 2710 dividi
1700 2666 1767 2709 vel
1794 2664 2083 2707 immensitate
2100 2661 2420 2718 comprehendi,
2440 2661 2505 2705 vel
2530 2661 2691 2704 incom-

1440 2740 1724 2785 mutabilitate
1758 2738 1944 2782 mutari:
1974 2737 2048 2781 sed
2085 2749 2164 2780 nec
2194 2736 2485 2792 cognitionem
2518 2733 2690 2779 variare

1440 2819 1578 2870 potes,
1604 2812 1677 2869 qui
1702 2810 2049 2868 sapientissimus
2073 2822 2144 2862 65;
2167 2820 2248 2852 nec
2268 2807 2485 2859 affectum,
2510 2806 2583 2862 qui
2606 2817 2687 2862 op«

1440 2887 1586 2936 timus,
1610 2886 1737 2941 cujus
1759 2884 1962 2940 potentiae
1979 2882 2119 2926 omnis
2133 2880 2312 2926 effectus
2343 2879 2589 2935 subjicitur,
2616 2881 2697 2922 cm

1437 2960 1508 3015 jus
1542 2958 1764 3014 sapientiae
1799 2968 1926 3001 omne
1963 2956 2181 2999 occultum
2209 2953 2530 3007 manifestatur,
2559 2952 2686 3007 cuius

1439 3031 1792 3075 deliberationem
1846 3028 1988 3072 omnis
2041 3033 2220 3071 eventus
2276 3026 2495 3082 sequitant
2562 3025 2686 3080 cujus

1439 3115 1520 3148 nec
1553 3103 1836 3147 aeternitatem
1868 3106 2010 3157 aequat
2032 3107 2200 3156 tempus
2216 3132 2228 3151 ,
2249 3112 2329 3144 nec
2345 3098 2578 3142 bonitatem
2596 3097 2686 3140 vir-

1440 3181 1537 3227 tus,
1562 3187 1643 3220 nec
1678 3174 1934 3231 sapientiam
1959 3176 2115 3218 sensus
2135 3205 2145 3223 ‚
2170 3184 2251 3216 nec
2286 3171 2522 3228 potentiam
2558 3181 2681 3225 opus.

1441 3248 1565 3302 Quod
1593 3248 1655 3292 sic
1694 3247 1771 3298 sit,
1801 3248 1899 3303 quis
1923 3258 2013 3291 non
2031 3244 2195 3290 credit?
2216 3243 2440 3298 Quomodo
2464 3247 2606 3291 autem
2629 3242 2684 3286 sit

115 3325 158 3371 ²0
193 3317 288 3362 *⁰⁰⁰
325 3322 504 3369 ¹¹⁰Sil'0v
542 3322 585 3360 ῑθ
628 3326 795 3360 summfl
831 3312 1042 3371 sapientia
1091 3305 1199 3355 [³350
1225 3328 1235 3355 ²
1276 3310 1358 3355 ¹30·
1383 3318 1415 3360 D
1438 3322 1515 3374 sic,
1533 3320 1629 3376 quis
1654 3317 2009 3375 comprehendit?
2031 3315 2141 3360 Ecce
2163 3316 2227 3359 sol
2243 3316 2287 3359 in
2305 3314 2387 3358 hoc
2403 3315 2512 3358 coelo
2530 3325 2685 3368 magno

118 3392 367 3447 nignitatem
421 3391 466 3434 in
515 3388 700 3433 invicem
725 3420 737 3440 ,
784 3394 826 3432 te
878 3398 1047 3431 summa
1096 3382 1360 3441 benignitate

121 3458 280 3520 Spiritu
305 3467 472 3513 sancto,
492 3467 538 3504 ut
565 3460 628 3504 sis
656 3458 769 3503 Deus
790 3457 937 3502 omnia
966 3457 1009 3500 in
1042 3457 1243 3500 omnibus
1262 3454 1360 3514 (Co-

119 3534 216 3582 loss.
243 3535 343 3581 ml.
370 3532 478 3587 Quia
501 3545 605 3581 vero
635 3544 716 3575 nos
733 3564 743 3583 ‚
770 3531 815 3579 iu
842 3530 999 3587 quibus
1033 3529 1124 3573 baec
1162 3529 1244 3573 erit
1278 3540 1358 3584 po-

120 3608 268 3657 tentia,
293 3605 523 3648 mutabiles
547 3614 698 3648 sumus
726 3610 894 3653 natura,
914 3609 955 3645 et
979 3601 1094 3645 sicut
1111 3601 1211 3644 luna
1232 3600 1360 3643 habet

120 3676 351 3724 secundum
375 3678 584 3734 quosdam
617 3678 762 3721 lumen
784 3676 940 3727 a'solc,
968 3677 1031 3720 sie
1053 3681 1095 3718 et
1118 3687 1213 3726 nos,
1233 3674 1359 3731 quid-

119 3761 287 3808 cunque
309 3751 518 3793 habemus
546 3749 665 3801 boni,
696 3761 720 3791 a
744 3757 784 3794 te
813 3747 1023 3792 habemus
1044 3762 1058 3789 :-
1090 3746 1264 3792 videtur
1280 3757 1358 3790 no·

118 3825 203 3876 bis,
217 3822 333 3880 quod
348 3823 544 3880 quaedam
568 3822 613 3866 in
633 3822 744 3868 coelo
759 3821 879 3875 luna,
905 3820 1062 3877 istagin
1077 3820 1149 3863 illa
1171 3817 1358 3863 beatitu-

120 3897 218 3947 dine
244 3897 428 3949 coelesti,
450 3897 531 3941 erit
563 3895 776 3955 potentia.
818 3893 867 3943 ln
905 3899 950 3940 te
971 3905 1074 3941 vero
1103 3893 1356 3948 sapientiam

118 3970 276 4019 nabere
290 3967 304 4030 ,ᾗ
322 3968 467 4014 nonne
498 3968 604 4013 solis
625 3973 692 4013 est
723 3967 963 4012 claritatem
986 3965 1235 4022 possidere?
1252 3964 1357 4020 quid

119 4041 163 4090 iu
187 4043 268 4088 hoc
286 4042 381 4088 sole
402 4039 583 4101 [666102]
599 4040 757 4085 visibili
773 4039 932 4084 clarius
953 4038 1072 4082 sole?
1088 4038 1197 4096 ,cquid
1215 4037 1260 4081 in
1284 4037 1356 4080 illa

118 4113 379 4165 beatitudine
397 4113 662 4172 splendidius
692 4126 838 4171 quam,
862 4112 905 4156 in
933 4117 978 4156 te
999 4111 1144 4155 omnia
1175 4111 1353 4164 sciente,
1377 4133 1382 4135 <

117 4187 261 4233 omnia
273 4188 407 4238 seire?
425 4186 618 4244 singulos
635 4191 777 4232 autem
797 4185 997 4230 concives
1019 4183 1117 4229 illos
1138 4181 1356 4229 insolubili

120 4256 400 4303 indeficientis
412 4259 636 4305 charitatis
657 4269 862 4320 compage
882 4256 1124 4314 benignitas
1139 4257 1294 4303 uniens
1309 4258 1354 4300 in

119 4337 160 4376 te
170 4347 180 4387 ;
197 4333 472 4384 obscuritatis
491 4333 746 4393 omnimodae
758 4332 920 4387 nescia,
936 4331 1111 4379 claritas
1127 4337 1195 4383 est
1207 4331 1252 4381 in
1265 4332 1354 4378 sin·
1376 4339 1381 4370 J

1439 3399 1480 3435 et
1515 3392 1732 3447 spatioso,
1760 3389 1875 3446 quod
1896 3395 1943 3432 tu
1967 3401 2030 3433 es.
2055 3387 2209 3430 Adhuc
2241 3400 2288 3431 se
2322 3386 2375 3429 ad
2396 3386 2526 3429 alium
2549 3386 2684 3428 solem

1439 3462 1692 3508 intuendum
1717 3469 1815 3506 tuus
1837 3460 1996 3505 Paulus
2018 3460 2171 3512 erexit,
2197 3459 2273 3503 sed
2308 3459 2605 3502 reverberatus
2630 3457 2684 3502 ad

1439 3537 1526 3581 oris
1576 3534 1705 3580 rediit
1733 3534 1963 3591 strepitum
2000 3533 2071 3576 ubi
2113 3526 2261 3577 sermo*
2293 3530 2499 3586 incipitur
2522 3536 2563 3574 et
2588 3529 2684 3572 fini-.

1439 3616 1508 3652 tur
1519 3615 1562 3654 et
1575 3608 1832 3654 exclamavit
1847 3606 1996 3650 dicens
2016 3621 2025 3649 :
2047 3605 2081 3649 0
2097 3603 2277 3647 altitudo
2296 3602 2535 3646 divitiarum
2551 3602 2684 3645 scien-¹

1439 3685 1531 3734 tioe,
1550 3691 1589 3726 et
1609 3682 1823 3738 sapientire
1848 3679 1926 3723 Dei
1940 3680 1954 3721 !
1977 3692 2102 3736 quam
2137 3675 2568 3733 incomprehensibilia
2587 3679 2685 3719 sunt.

1429 3755 1596 3812 judicia
1618 3755 1724 3810 ejas,
1742 3761 1782 3813 et
1798 3751 2102 3807 investhabiles
2121 3751 2199 3793 viae
2219 3763 2308 3804 ejus
2324 3748 2339 3791 .'
2358 3748 2461 3800 Quis
2487 3746 2596 3790 enim
2612 3759 2681 3789 co,

1435 3829 1575 3886 quovit
1589 3839 1756 3870 sensum
1770 3824 1957 3875 Domini,
1977 3830 2048 3866 aut
2065 3824 2156 3879 qttis
2174 3820 2441 3864 consiliarius
2462 3818 2551 3874 ejus
2570 3817 2683 3873 suit?

1436 3906 1511 3943 aut
1522 3899 1616 3956 quis
1634 3898 1751 3953 prior
1765 3894 1978 3946 dedititii,
1994 3902 2032 3938 et
2052 3892 2302 3937 retribuetur
2316 3892 2386 3936 ei?
2403 3897 2446 3934 et
2467 3889 2681 3945 adjunxitq

1438 3971 1648 4025 Quoniam
1664 3982 1715 4014 ex
1731 3970 1838 4024 ipso,
1866 3974 1904 4010 et
1929 3967 1971 4010 in
1995 3967 2083 4022 ipso
2095 3970 2135 4008 et
2155 3976 2227 4020 per
2251 3966 2386 4020 ipsum
2400 3969 2496 4006 sunt
2521 3961 2679 4016 omnia,

1436 4044 1518 4101 ipsi
1536 4041 1822 4102 qloaeiafflom.
1845 4051 1907 4091 xi,
1926 4039 2014 4097 53).
2033 4037 2098 4081 Ex
2109 4045 2166 4091 te,
2190 4035 2386 4087 Domine,
2401 4035 2544 4079 omnia
2558 4038 2681 4087 sunt,

1434 4123 1486 4160 tu
1519 4113 1780 4172 principium
1812 4110 2032 4163 omnium;
2067 4113 2207 4166 perte
2237 4106 2399 4156 omnia,
2421 4105 2494 4160 qui
2516 4103 2679 4161 princi*

1437 4188 1574 4246 pium,
1598 4191 1645 4230 tu
1668 4192 1712 4228 et
1736 4183 1887 4228 artifex
1908 4198 1919 4235 ;
1944 4183 1990 4225 in
2013 4191 2056 4226 te
2072 4181 2236 4232 omnia,
2259 4179 2462 4223 videlicet
2479 4178 2522 4219 in
2542 4176 2678 4217 virtu-2

1436 4263 1506 4311 te,
1533 4270 1621 4302 non
1657 4256 1784 4314 quasi
1808 4256 1851 4299 in
1888 4255 1999 4298 loco.
2026 4253 2109 4304 Ex,
2131 4265 2219 4308 per,
2246 4254 2313 4303 in,
2331 4250 2588 4295 Trinitatem
2614 4246 2680 4293 ine

1434 4331 1632 4376 nuuntin
1658 4330 1879 4385 personis;
1905 4327 1985 4383 ipsi
2010 4331 2151 4369 autem
2177 4325 2400 4378 unitatem,
2431 4334 2521 4377 quze
2541 4327 2604 4362 est
2631 4319 2674 4367 in
