2924 4588
178 199 290 247 ¹263

763 184 1020 243 ursionis
1053 194 1448 255 senonasrtcA.
1479 220 1534 230 -
1564 195 1726 241 sinan
1758 191 2123 246 Nuucnoautt.

2600 201 2715 250 {246

172 295 288 342 rum,
327 295 370 333 et
402 287 484 346 ipsi
524 288 809 346 expiabantur
851 291 891 334 a'
909 290 1100 344 pcccatis
1131 289 1247 334 illius
1285 290 1405 341 anni,
1430 293 1465 338 A
1489 298 1657 341 summa
1678 287 1896 346 veneratio
1919 287 2106 343 praestita
2132 295 2216 339 est.
2239 287 2376 334 sacris
2396 287 2602 338 Romanis
2620 292 2720 341 'illue

170 377 248 422 per
271 363 551 410 emissionem
577 360 690 408 birci
715 362 945 419 apompeii.
974 362 1077 406 Erat
1105 363 1220 407 enim
1244 363 1406 418 oblatio

172 436 256 480 diei
282 436 399 480 illius
434 431 597 480 vitulus
622 447 755 490 unus,
777 436 894 480 aries
921 448 1051 490 unus,
1083 437 1182 494 agni
1216 437 1406 482 anniculi

171 514 354 564 septem,
399 507 547 552 hircus
585 520 667 566 pro
703 515 896 565 peccato,
928 521 1025 553 cum
1051 509 1296 555 libamentis
1328 523 1407 554 eo-

170 593 284 624 Ulm-

226 653 244 672 ·
269 652 441 696 additio
465 653 506 697 1.
535 652 677 709 Supra
705 653 748 702 in
773 653 924 698 Exodo
946 653 991 698 in
1021 654 1208 699 diversis
1237 653 1406 711 eapitu-

169 723 254 769 lis:
281 738 297 765 t
321 723 372 768 Et
395 724 454 768 ait
479 724 685 770 Dominus
703 724 758 770 ad
774 725 949 781 Moysen
976 725 1128 782 (Num.
1151 725 1307 783 xxxii).
1329 741 1345 769 ι

441 795 545 840 Car.
580 794 747 840 vatt.
779 796 839 840 De
863 795 1130 853 scenopegia.

227 865 386 919 Quinta
420 867 585 911 decima
609 868 679 912 die
708 868 902 923 ejusdem
927 869 1089 914 mensis
1112 876 1207 927 erat
1242 868 1405 914 Sceno-

83 940 97 960 ²
168 941 291 996 pegia
307 940 421 995 quod
447 947 574 988 sonat
590 941 692 996 fixio
715 935 1077 986 'tabernaculorum
1094 940 1243 1000 (Num.
1267 944 1402 998 xxix).

168 1011 215 1055 lu
238 1025 323 1068 qua
347 1026 427 1069 per
444 1019 606 1069 septem
626 1013 718 1058 dies
744 1014 996 1059 habitabant
1020 1016 1101 1060 sui>
1120 1016 1403 1070 umbraculis,

145 1083 214 1127 rin
240 1084 449 1128 memoria
473 1084 760 1142 quadraginta
785 1098 1017 1139 annorum,
1045 1088 1088 1131 iu
1119 1088 1279 1145 quibus
1312 1088 1406 1134 tue-

169 1163 274 1201 runt
294 1157 337 1202 in
358 1158 651 1204 tabernaculis
674 1159 717 1202 in
751 1158 943 1203 deserto.
983 1159 1108 1204 Unde
1141 1160 1296 1205 festum
1322 1160 1406 1205 Ta·

167 1229 501 1274 bei-naculorum
524 1230 749 1276 dicisum.
767 1230 1066 1277 Protclabatur
1079 1239 1223 1278 autem
1243 1241 1404 1289 septem

167 1301 339 1354 dicbus,
383 1315 571 1359 quarunt
607 1304 748 1361 prima
778 1314 822 1350 ct
840 1305 991 1350 ultima
1027 1306 1243 1350 solemnes
1264 1314 1403 1351 erant.

169 1370 360 1419 Octavus
383 1375 516 1419 etiam
538 1376 632 1421 dies
653 1383 748 1421 erat
780 1378 1005 1431 solemnis,
1044 1391 1133 1422 non
1169 1378 1269 1434 quia
1294 1387 1410 1425 esset
1433 1355 1467 1400 B

167 1447 224 1493 dc
249 1447 532 1507 Scenopegia‚
557 1448 633 1495 scd
653 1450 753 1506 quia
772 1462 823 1494 ca
845 1450 916 1494 die
933 1452 1247 1496 conveniebant
1269 1452 1325 1496 ad
1345 1451 1409 1496 ia-

167 1520 368 1566 ciendam
395 1522 642 1576 collectam,
666 1521 778 1568 forte
796 1525 843 1567 in·
864 1537 972 1569 usus
997 1536 1253 1582 pauperum,
1278 1526 1344 1571 vei
1365 1526 1407 1570 in

168 1592 278 1638 alios
297 1607 402 1639 usus
419 1608 691 1641 communes.

216 1658 360 1719 Unde,
385 1674 427 1710 et
459 1664 724 1725 Scenopeg'ia
749 1669 1010 1726 quandoque
1044 1670 1203 1727 legitur
1229 1683 1325 1715 esse
1346 1669 1412 1715 ie·-

168 1743 281 1780 stum
313 1745 410 1781 octo
441 1738 625 1783 dierum.
663 1738 747 1784 Sed
775 1749 921 1796 patres
954 1740 1016 1784 illi
1053 1753 1138 1787 uon
1169 1741 1411 1787 servierunt

0 1831 2 1844 ι
79 1819 83 1823 ·
147 1810 366 1866 ogdoadi.
392 1810 595 1857 Traditur
625 1826 798 1872 quoque
829 1816 872 1860 in
897 1822 1084 1872 quatuor
1106 1817 1255 1861 diebus
1273 1818 1411 1862 inter-

168 1885 319 1941 positis
346 1898 371 1930 a
395 1887 462 1930 die
495 1887 660 1933 decima
697 1901 841 1945 usque,
865 1890 918 1934 ad
945 1890 1074 1943 hanc,
1106 1891 1307 1938 Hebraeos
1330 1894 1410 1939 ob-

167 1970 341 2005 servare
371 1961 549 2016 ieiunia.
585 1961 778 2008 Tradilit
799 1963 1015 2020 Iosephus
1038 1965 1154 2020 quod
1179 1966 1221 2009 in
1245 1967 1311 2012 liis
1339 1980 1410 2011 se-

166 2037 282 2087 ptem
305 2031 457 2076 diebus
491 2032 684 2076 serebant
718 2033 770 2091 inq
801 2035 1001 2079 manibus
1039 2048 1185 2080 ratitos
1217 2038 1341 2094 myrti
1369 2044 1412 2081 et

171 2102 347 2156 salicis,
389 2109 434 2148 et
468 2106 736 2151 summitates
773 2109 1013 2162 palmarum
1033 2141 1045 2162 ,
1083 2104 1284 2166 virgulas
1310 2111 1412 2155 mali

168 2173 350 2220 Persici.
371 2175 606 2232 Fiebatque
619 2178 672 2222 de
696 2180 864 2223 cunetis
887 2179 1082 2235 frugibus
1106 2188 1232 2226 terrae
1252 2183 1414 2227 oblatio

170 2247 352 2294 Domino
370 2250 412 2293 in
431 2252 667 2306 gratiarum
691 2252 920 2297 actionem.
941 2253 1110 2299 oblatio
1127 2267 1229 2299 vero
1250 2262 1412 2311 septem

168 2321 335 2366 dierum
374 2323 464 2367 baec
486 2331 606 2368 erati
628 2326 768 2382 prima
787 2327 875 2370 'die
909 2327 1198 2373 offerebantur
1224 2329 1265 2371 in
1291 2329 1412 2372 bolc-

168 2390 367 2435 'caustum
398 2393 521 2436 vituli
554 2395 777 2452 tredecim,
794 2397 949 2441 arietes
972 2397 1075 2451 duo,
1099 2400 1197 2458 agni
1222 2400 1410 2445 anniculi

165 2465 493 2518 quatuordecim
528 2473 572 2510 ct
593 2467 740 2512 hircus
760 2479 838 2525 pro
862 2476 1056 2525 peccato,
1081 2484 1177 2516 cum
1205 2473 1412 2517 libamen·

169 2533 226 2578 tis
247 2547 413 2581 eorum.
451 2537 609 2592 Eadem
635 2539 795 2586 oblatio
820 2542 1023 2603 arietum.
1057 2550 1101 2585 et
1132 2556 1341 2600 agnorum
1369 2549 1413 2589 et

168 2606 277 2652 birci
296 2609 425 2652 tiebat
448 2611 524 2665 per
547 2611 740 2668 singulos
763 2613 855 2657 dies
880 2621 1110 2669 sequentes
1126 2611 1235 2668 {sed
1258 2618 1310 2660 de
1332 2630 1414 2660 nu·-

168 2679 556 2738 merorit'ulorum
581 2696 695 2728 unus
717 2686 1051 2731 subtrahebatur
1073 2687 1116 2730 in
1144 2687 1252 2732 (lies.
1279 2687 1324 2734 ln
1343 2702 1413 2733 se-

168 2751 310 2797 cunda
331 2753 576 2809 duodecim,
601 2756 644 2800 in
682 2756 806 2799 tertia
838 2743 1056 2807 undecim,
1092 2758 1136 2802 ia.
1163 2765 1314 2814 quarta
1339 2760 1414 2803 dc·

168 2836 278 2876 cem,
302 2824 345 2869 in
385 2826 534 2882 quinta
573 2835 746 2880 novem,
776 2828 818 2872 in
853 2835 973 2873 sexta
1011 2837 1124 2882 octo,
1150 2829 1192 2873 in
1230 2832 1413 2887 septima

169 2904 349 2952 septem.
386 2896 431 2940 ln
454 2900 622 2951 octava,
650 2912 748 2957 quae
782 2908 876 2948 erat
911 2902 1133 2956 solemnis,
1155 2903 1416 2948 oflerebatur

168 2970 281 3014 aries
306 2983 436 3025 unus,
466 2970 626 3017 vitulus
656 2985 786 3026 nnus,
821 2976 919 3030 agni
954 2974 1142 3020 anniculi
1167 2984 1347 3031 septem,
1371 2984 1414 3021 et

168 3044 316 3090 hii-cus
342 3058 421 3102 pro
443 3055 746 3103 peccato,eum
762 3048 1009 3094 libamentis
1025 3061 1192 3093 eorum.
1216 3049 1342 3095 Forte
1367 3049 1411 3095 in

168 3125 331 3173 septem
355 3118 508 3164 diebus
530 3118 642 3164 faeta
664 3127 730 3166 est
753 3121 990 3165 subtractio
1015 3121 1264 3174 vitulorum,
1297 3129 1343 3165 ut
1366 3122 1411 3166 in

168 3201 338 3234 summa
377 3190 527 3237 fierent
562 3194 833 3249 septuaginta
869 3196 913 3236 in
953 3193 1206 3237 memoriam
1259 3205 1410 3238 eorum

167 3261 241 3316 uui
263 3262 305 3305 in
328 3263 596 3319 septuaginta
618 3265 848 3310 animabus
867 3265 1136 3308 intraverunt
1156 3255 1406 3321 AEgyptum.

170 3330 245 3377 liae
268 3342 367 3378 sunt
404 3335 644 3381 oblationes
682 3337 1037 3382 holocaustorum
1073 3336 1117 3380 in
1147 3347 1310 3392 septem
1340 3349 1410 3381 so-

167 3398 477 3462 lemnitatibus,
515 3415 558 3452 et
590 3408 750 3454 fiebant
786 3407 841 3453 de
876 3409 1066 3464 publice.
1095 3400 1198 3453 >Non
1236 3416 1409 3466 propter

1487 358 1657 418 delatis,
1677 358 1782 404 urbe
1804 371 1830 404 a
1848 360 1981 405 Gallis
2001 368 2140 417 capta.
2413 420 2417 422 -

1836 463 1940 509 Cat».
1969 464 2150 524 nvm.
2178 465 2240 511 De
2257 468 2376 512 votis.

1540 569 1712 614 Addidit
1732 584 1904 629 quoque
1931 572 2141 617 Dominus
2163 575 2217 619 de
2236 577 2346 620 votis
2368 577 2612 621 mulierum.
2645 577 2720 620 Vi·

1485 644 1586 697 dua,
1614 645 1680 689 vel
1713 647 1935 702 repudiata
1974 648 2180 703 quidquid
2215 652 2424 703 voverint,
2453 652 2516 695 vel
2554 653 2597 694 in
2636 662 2722 707 quo

1481 716 1725 771 juramento
1743 731 1791 763 se
1807 721 2158 772 constrinxerint,
2178 721 2414 778 implebunt
2432 723 2581 779 (Num.
2597 723 2718 779 nx).

1483 787 1610 841 Filia,
1645 790 1709 855 vel
1749 802 1874 844 uxor,
1907 797 2106 836 tenentur
2129 805 2179 835 cx
2219 802 2334 846 voto,
2357 795 2424 837 vel
2459 794 2717 850 juramento,

1485 858 1569 903 nisi
1595 866 1731 915 pater,
1755 862 1823 905 vel
1851 863 1917 905 vir
1942 862 2263 917 contradixerit,
2286 866 2429 908 statim
2457 873 2502 910 ut
2522 865 2718 910 audierit.

1486 929 1532 974 Si
1554 924 1666 974 enim
1704 933 1848 977 statim
1875 933 2199 987 contradixerit,
2235 935 2366 979 irritae
2394 943 2492 979 sunt
2516 936 2712 991 pollicita-

1487 1003 1627 1048 tiones
1648 1017 1814 1049 earum.
1847 1004 1942 1058 lpse
1959 1018 2061 1051 vero
2081 1013 2300 1063 peecatum
2323 1009 2509 1063 portabit
2530 1021 2626 1053 cum
2647 1021 2721 1053 au·

1485 1075 1604 1129 divit,
1630 1077 1666 1120 si
1692 1079 1894 1131 tacuerit,
1919 1084 1961 1121 et
1983 1084 2131 1134 postea
2157 1081 2476 1125 contradixerit.
2493 1080 2567 1125 Vir
2582 1089 2722 1125 autem

1483 1149 1941 1204 eiunejuramentum,
1971 1152 2038 1194 vel
2073 1159 2220 1195 votum
2255 1152 2462 1208 implebit,
2494 1153 2578 1197 nisi
2614 1152 2723 1198 sorte

1485 1217 1538 1263 de
1562 1219 1840 1264 continentia.

1550 1306 1655 1353 Car.
1683 1308 1828 1353 XLIX.
1859 1309 1922 1355 De
1940 1311 2215 1410 άεεᾶζιιρζίοηε
2239 1311 2429 1368 Madian,
2452 1320 2490 1357 et
2508 1314 2660 1370 proedoe

1527 1381 1529 1383 ·
2034 1381 2218 1412 tunsione.

1549 1469 1564 1495 ι
1593 1453 1750 1499 lterum
1784 1455 1953 1501 locutus
1985 1465 2050 1501 est
2077 1457 2286 1502 Dominus
2307 1459 2360 1502 ad
2391 1458 2580 1515 Moysen.
2606 1457 2723 1502 Ulci-

1489 1538 1609 1571 sccre
1632 1527 1745 1571 lilios
1772 1525 1903 1572 lsrael
1926 1526 1979 1570 de
2005 1526 2266 1578 Madianitis,
2290 1534 2331 1571 et
2356 1528 2418 1571 sic
2437 1528 2647 1584 colligeris
2670 1528 2724 1572 ad

1488 1596 1695 1652 populum
1729 1603 1847 1640 tuum
1870 1596 2020 1654 (Num.
2051 1598 2188 1648 xxxi).
2220 1614 2233 1639 ι
2267 1599 2458 1643 Armant
2480 1611 2582 1655 ergo
2609 1599 2726 1656 Moy·
2803 1637 2805 1639 ,

1492 1680 1562 1712 ses
1587 1668 1640 1711 de
1670 1669 1850 1725 singulis
1873 1669 2069 1714 tribubus
2090 1669 2207 1713 mille
2234 1671 2348 1714 viros
2367 1672 2541 1724 electos,
2566 1672 2728 1726 scilicet

1487 1739 1711 1785 duodecim
1729 1740 1860 1786 millia
1877 1741 2150 1799 praefecitque
2169 1743 2230 1788 eis
2250 1742 2431 1788 Phineos
2452 1742 2583 1786 tilium
2603 1742 2728 1786 Elea-

1489 1816 1604 1867 zari;
1630 1827 1734 1858 vasa
1756 1827 1928 1871 quoque
1950 1823 2115 1867 sancta.
2136 1822 2178 1860 et
2203 1816 2328 1859 tubas
2351 1815 2403 1859 ad
2426 1815 2725 1870 clangendum,

1489 1887 1665 1931 tradidit
1695 1888 1774 1932 eis.
1801 1887 1882 1941 Qui
1911 1888 2091 1943 profecti
2125 1888 2501 1933 iiostesvirerunt.
2529 1887 2727 1944 Quinque

1490 1971 1612 2014 reges
1633 1965 1675 2003 et
1699 1971 1850 2003 omnes
1874 1959 1990 2004 viros
2020 1972 2169 2003 eorum
2194 1960 2465 2013 occiderunt;
2492 1961 2635 2014 urbes,
2657 1958 2724 2003 vi·

1493 2032 1614 2075 culos
1632 2039 1673 2075 et
1690 2033 1863 2077 castella
1874 2032 2044 2078 {lamma
2066 2033 2348 2089 consumpsit,
2366 2032 2537 2075 Baiaam
2555 2043 2728 2088 quoque

1489 2104 1796 2150 interfecerunt
1831 2106 1987 2164 gladio,
2023 2106 2222 2150 mulieres
2251 2112 2292 2150 et
2327 2106 2545 2162 parvulos,
2572 2116 2727 2160 pecora

1490 2185 1533 2222 et
1551 2190 1721 2223 ouinem
1754 2178 2058 2234 supellectilem
2088 2178 2130 2221 in
2156 2179 2340 2234 praedam
2363 2179 2593 2223 duxerunt.
2617 2178 2727 2222 Dum

1490 2258 1632 2293 autem
1654 2250 1858 2303 redirent,
1879 2250 2062 2308 Moyses,
2086 2250 2263 2294 Eleazar
2281 2258 2322 2294 et
2346 2263 2493 2295 omnes
2515 2250 2728 2311 principes

1493 2322 1731 2380 Synagogte
1764 2324 1924 2381 egressi
1961 2324 2131 2368 suntin
2167 2335 2393 2366 occursum
2419 2336 2569 2367 eorum
2607 2330 2728 2366 extra

1491 2403 1650 2440 castra.
1672 2383 2168 2451 visisqueinulieribus,
2197 2396 2331 2438 iratus
2355 2393 2523 2452 Moyses
2545 2395 2652 2439 dixit
2675 2395 2729 2438 ad

1490 2481 1596 2513 eos:
1625 2483 1638 2510 t
1662 2468 1749 2512 Cur
1786 2469 1966 2513 seminas
2002 2468 2280 2512 reservastis?
2312 2468 2460 2512 Nonne
2498 2468 2600 2523 ipsae
2627 2474 2728 2513 sunt

1491 2553 1588 2596 quae
1608 2541 1869 2597 deceperunt
1893 2540 2002 2585 tilios
2033 2539 2179 2584 lsrael.
2204 2539 2432 2584 interficite
2461 2552 2610 2584 ornnes
2632 2552 2728 2595 quae

1492 2620 1703 2657 noverunt
1729 2614 1861 2665 viros,
1887 2625 2056 2657 omnem
2082 2613 2320 2669 masculum
2340 2627 2351 2666 ;
2372 2612 2556 2667 virgines
2581 2619 2724 2656 tamen

1491 2692 1724 2730 reservate.
1756 2702 1771 2727 ι
1796 2685 2090 2742 Feceruntque
2117 2686 2191 2738 ita,
2213 2693 2255 2729 et
2271 2692 2498 2730 reservata:
2523 2691 2622 2727 sunt
2642 2683 2727 2746 vir-

1491 2757 1612 2814 gines
1637 2758 1811 2814 triginta
1831 2758 1918 2802 duo
1945 2758 2095 2802 millia.
2125 2757 2178 2801 Et
2203 2757 2260 2801 ait
2279 2756 2444 2814 Moyses
2466 2770 2478 2799 ε
2499 2754 2607 2809 Quia
2630 2767 2728 2811 pec·

1492 2831 1638 2882 castis,
1674 2829 2052 2884 eritis„immundi;
2077 2830 2152 2885 qui
2183 2830 2417 2882 occidistis,
2438 2829 2505 2872 vel
2530 2827 2726 2883 tetigistis

1490 2910 1686 2946 mortuos
1710 2910 1830 2946 extra
1859 2907 2001 2946 castra
2023 2901 2142 2946 eritis
2162 2908 2324 2964 septem
2349 2901 2516 2949 diebus,
2538 2906 2581 2943 et
2605 2901 2725 2953 puri-

1492 2975 1724 3018 ficabimini
1748 2976 1889 3027 tertio,
1925 2980 1968 3019 et
1997 2975 2178 3030 septimo
2212 2973 2281 3018 die
2315 2986 2421 3028 aqua
2448 2971 2722 3028 aspersionis.

1488 3046 1636 3091 Praeda
1659 3047 1787 3091 etiam
1808 3059 1937 3102 quam
1960 3047 2118 3091 tulistis
2154 3045 2464 3103 purificabitur.
2484 3046 2662 3094 Aurum,
2682 3051 2726 3087 et

1489 3120 1696 3176 quidquid
1723 3119 1909 3163 transire
1932 3131 2010 3175 per
2039 3119 2181 3175 ignem
2215 3124 2369 3175 potest,
2396 3118 2491 3174 igne
2522 3118 2724 3174 purifica-

1489 3192 1621 3236 bitur.
1643 3192 1763 3243 Quod
1784 3199 1924 3235 autem
1949 3192 2090 3249 ignem
2108 3201 2193 3234 nou
2213 3198 2351 3247 potest
2368 3189 2595 3242 sustinere,
2613 3202 2723 3245 aqua

1488 3264 1746 3319 expiationis
1767 3263 2033 3320 purgabitur.
2066 3263 2266 3320 Dixitque
2295 3262 2500 3306 Dominus
2530 3262 2583 3305 ad
2604 3262 2723 3318 Moy-

1487 3351 1563 3384 sen
1584 3354 1595 3382 :
1615 3338 1735 3382 Tolle
1751 3350 1962 3382 summam
1982 3350 2130 3382 eorum
2170 3349 2266 3393 quae
2290 3342 2411 3391 capta
2432 3343 2546 3389 sunt,
2572 3335 2626 3378 ab
2647 3335 2723 3378 ho·

1489 3413 1603 3455 mine
1632 3423 1769 3467 usque
1800 3410 1853 3453 ad
1881 3422 2027 3465 pecus,
2058 3418 2099 3452 et
2125 3409 2289 3453 divides
2317 3407 2502 3463 praedam
2530 3418 2581 3449 ex
2600 3417 2723 3460 aequo

166 3479 250 3523 boc
294 3482 491 3524 cessabat
531 3481 781 3526 indesinens
820 3481 1100 3534 sacrificium,
1137 3493 1219 3524 nec
1257 3481 1409 3526 bustiae
1434 3476 1468 3523 D
1490 3481 1699 3525 intereos
1744 3482 1819 3536 qui
1852 3487 2148 3536 pugnaverunt
2171 3486 2214 3522 et
2241 3479 2448 3533 reliquam
2480 3476 2718 3521 multitudi-

166 3557 429 3606 spontaneae‚
455 3552 520 3596 vei
554 3555 822 3597 necessariae.
853 3554 906 3598 Et
928 3559 1026 3598 nota
1068 3554 1168 3608 quia
1206 3553 1289 3597 illae
1323 3560 1410 3595 tres

165 3625 476 3677 solemnitates,
494 3637 590 3680 quae
613 3633 776 3681 septem
794 3626 946 3671 diebus
963 3626 1288 3682 protelabantur
1305 3636 1411 3680 prze-

166 3695 302 3751 cipuae
325 3696 592 3740 dicebantur.
613 3696 666 3741 Et
689 3698 923 3742 Sabbatum
957 3700 1072 3755 quod
1096 3696 1409 3742 interveniebat

166 3766 209 3809 in
246 3767 331 3812 illis
376 3767 526 3813 diebus
566 3768 790 3814 dicebatur
832 3770 1068 3815 Sabbatum
1102 3771 1405 3822 sabbatorum,

163 3838 289 3900 quasi
314 3837 549 3883 Sabbatum
570 3837 796 3883 festorum.
814 3840 934 3886 Alias
952 3841 1206 3885 festivitates
1233 3840 1405 3896 adjece-

165 3902 268 3952 runt
289 3909 356 3953 liis
385 3908 551 3954 Hebraei
575 3917 750 3967 propter
780 3913 927 3957 varios
953 3918 1148 3964 eventuS,
1179 3912 1294 3956 sieut
1320 3911 1406 3954 En-

163 3979 320 4034 c'oenia,
340 3989 382 4026 et
415 3981 613 4036 Pliurim,
648 3983 690 4026 id
713 3989 781 4027 est
815 3982 973 4028 testum
1008 3983 1163 4028 Esther
1186 3998 1198 4038 ;
1220 3984 1293 4027 sed
1318 3995 1404 4027 non

163 4053 366 4098 dicuntur
389 4055 566 4111 legales,
601 4055 644 4101 id
667 4062 840 4100 estnon
874 4061 976 4100 sunt
997 4056 1040 4098 in
1065 4056 1158 4111 lege
1179 4056 1402 4100 institutre.

162 4125 270 4174 Nota
307 4131 599 4176 solemnitates
624 4131 828 4189 pmsatas
863 4138 948 4175 tres
983 4130 1166 4183 Pascha,
1197 4128 1405 4174 Penteco-

163 4207 250 4244 stcs
275 4208 318 4245 et
341 4201 619 4258 scenopegia,
650 4202 786 4245 dictas
804 4200 1097 4251 caeremonias,
1128 4213 1153 4243 a
1184 4200 1335 4251 cereis,
1361 4201 1402 4244 id

161 4281 228 4316 est
252 4272 555 4326 luminaribus,
576 4273 643 4317 vel
665 4285 690 4316 a
712 4273 844 4324 carie,
871 4280 914 4315 et
936 4284 1076 4323 mene,
1101 4271 1215 4326 quod
1240 4280 1307 4316 est
1330 4271 1402 4314 de-

164 4344 309 4397 rectus,
334 4344 434 4399 quia
458 4351 559 4387 tunc
596 4344 751 4387 debent
787 4344 828 4386 {n
869 4342 992 4385 nobis
1034 4344 1183 4386 sordes
1220 4342 1401 4387 deiicere

162 4413 287 4466 quasi
311 4414 570 4464 carimeniae.
600 4412 675 4456 'Vel
698 4412 933 4470 acar-endo
955 4411 1132 4462 niuniis,
1158 4410 1199 4453 id
1220 4417 1284 4454 est
1305 4411 1398 4454 offic

162 4481 240 4526 ciis
262 4482 500 4535 servilibus,
527 4483 650 4536 attasi
674 4479 935 4530 carimoniae.
969 4478 1042 4524 Vct
1069 4494 1090 4524 a
1116 4480 1285 4534 Cerere,
1312 4483 1383 4526 ubi

1490 3565 1604 3597 nem.
1630 3552 1688 3595 De
1715 3561 1835 3608 parte
1864 3563 1964 3595 vero
1983 3563 2133 3595 eorum
2157 3552 2233 3606 qui
2261 3556 2572 3607 pugnaverunt,
2598 3560 2722 3604 εὓρη-

1487 3626 1603 3669 rabis
1626 3625 1807 3668 Domino
1832 3637 1958 3668 unam
1980 3625 2166 3667 animam
2186 3624 2239 3666 de
2263 3621 2520 3678 quingentis,
2539 3627 2581 3664 et
2597 3621 2719 3664 dabis

1485 3710 1537 3741 ea
1562 3697 1782 3741 Eleazaro.
1807 3696 1870 3740 Ex
1893 3697 2029 3741 media
2050 3708 2149 3739 vero
2172 3702 2292 3750 parte
2322 3693 2621 3746 multitudinis,
2647 3705 2720 3738 ac·-

1486 3769 1619 3825 cipies
1650 3769 2053 3825 quinquagesimum
2085 3773 2240 3820 eaput,
2273 3771 2316 3809 ct
2342 3764 2464 3808 dabis
2496 3763 2670 3808 Levitis.
2697 3779 2711 3805 2

1485 3841 1581 3894 Quo
1604 3840 1717 3885 iacto
1741 3840 1957 3895 principes
1978 3839 2188 3882 exercitus
2220 3843 2498 3880 accesserunt
2525 3835 2579 3878 ad
2597 3834 2717 3892 Moy-

1485 3925 1576 3965 sen,
1598 3920 1639 3955 et
1660 3911 1860 3954 dixerunt
1885 3925 1896 3953 ι
1922 3909 2235 3953 Recensuimus
2258 3919 2483 3950 numerum
2507 3914 2717 3962 pugnato-

1485 3997 1604 4038 rum,
1625 3996 1735 4039 quos
1766 3983 1919 4026 dedisti
1952 3982 2093 4034 nobiS‚
2126 3986 2168 4022 et
2197 3991 2276 4023 nec
2301 3991 2412 4022 unus
2445 3978 2617 4033 quidem
2639 3978 2715 4022 de·-

1482 4056 1580 4100 fuit.
1625 4055 1912 4107 Quamobrem
1957 4054 2176 4096 offerimus
2218 4053 2262 4095 in
2300 4050 2490 4094 donariis
2526 4049 2711 4102 Domini,

1483 4128 1595 4182 quod
1620 4127 1662 4168 in
1695 4126 1836 4181 praeda
1873 4126 1965 4168 auri
1993 4123 2212 4179 potuimus
2248 4122 2457 4174 invenire,
2495 4121 2714 4180 perisceli-

1482 4201 1558 4244 des
1581 4200 1612 4253 *,
1639 4198 1854 4250 armillas,
1880 4196 2089 4247 annulos,
2114 4195 2344 4244 dextralia,
2370 4193 2639 4246 murenulas,
2666 4198 2712 4236 ut

1480 4270 1720 4328 depreceris
1743 4270 1967 4313 Dominum
1990 4279 2068 4324 pro
2092 4268 2230 4311 nobis.
2260 4265 2548 4320 Susceperunt
2565 4272 2706 4307 autem

1479 4355 1631 4386 aurum
1673 4341 1840 4397 Moyses
1875 4347 1918 4385 et
1954 4338 2143 4391 Eleazar,
2169 4345 2209 4382 et
2250 4338 2486 4381 intulerunt
2523 4335 2626 4380 illud
2664 4337 2706 4379 iu

1479 4414 1815 4458 tabernaculum.

1537 4484 1547 4500 ⁴
1578 4482 1750 4527 Admeto
1791 4484 1829 4526 i.
1876 4481 2016 4538 Aperi,
2042 4481 2154 4537 quod
2192 4487 2256 4525 est
2290 4480 2459 4534 circum,
2501 4486 2541 4523 et
2577 4479 2704 4530 scete,
