2924 4588
198 126 308 175 {173

1195 111 1360 160 PETRI
1389 111 1500 157 coit
1507 113 1745 162 essenis

2646 115 2750 162 ltro

198 190 391 265 oialnes,
430 220 476 257 ut
504 190 621 267 quod
659 208 819 253 dictum
840 211 906 250 est
925 203 1117 261 quinque
1136 209 1278 248 vectes
1299 201 1492 251 fuisse]
1515 207 1587 246 tur
1608 202 1737 245 etiam
1761 201 2015 258 polymitum
2042 212 2067 245 a
2091 201 2209 258 pola,
2234 199 2350 259 quod
2368 207 2436 247 est
2459 202 2653 260 maltum,
2673 216 2753 260 pro

197 287 241 333 in
277 299 364 329 uno
386 286 536 334 latere,
570 270 789 335 potiusssd
807 277 1036 323 numerium
1059 276 1279 329 ordinum,
1298 285 1427 330 quam

199 360 387 417 vectium
431 357 660 401 reseratur.
713 351 847 395 Erant
890 341 1037 396 autem
1090 350 1132 392 in
1173 357 1434 402 unaquaque

197 431 342 475 tabula
381 415 575 485 quinqu!
617 424 766 470 annuli
795 422 815 443 ⁶
848 429 894 466 et
927 422 971 470 in
1022 421 1215 477 quolibet
1247 419 1433 463 duorum

196 504 411 559 parietum
450 507 595 543 vectes
630 497 809 553 triginta
855 496 956 552 quia
998 495 1194 551 quinque
1234 491 1433 535 ordinum

198 577 381 632 quilibet
416 586 490 616 sex
523 579 667 614 vectes
687 569 892 618 habebat,
931 567 976 610 in
1010 567 1145 610 latere
1178 561 1436 607 occidentali

198 650 346 692 «leoem
371 654 514 688 vectes
543 644 634 688 bini
666 655 748 699 per
779 641 974 697 singulos
999 638 1190 682 ordines.
1228 635 1338 679 Sunt
1362 634 1437 689 qui

198 723 348 764 dicunt
404 729 491 760 non
550 727 702 762 omnes
747 719 892 757 vectes
939 710 1134 765 ejusdem
1184 707 1438 765 quantitatis

199 792 352 842 fuisse,
386 789 459 832 sed
486 786 665 842 quilibet
686 784 871 828 vectium
907 782 1100 837 quinque
1133 779 1209 834 qui
1242 785 1366 821 erant
1393 777 1436 820 in

201 863 367 916 magnis
406 859 642 907 lateribus,
697 860 823 899 erant
865 865 941 897 sex
989 851 1264 901 cubitorum,
1298 856 1341 891 et
1380 848 1437 894 ita

200 935 392 990 quinque
422 931 689 976 sufficiebant
718 929 771 973 ad
807 924 1119 971 continendum
1154 923 1329 978 triginta
1362 932 1439 964 eu-

200 1007 334 1054 bitos‚
370 1013 412 1050 ct
445 1005 639 1059 quinque
671 1007 814 1046 vectes
838 999 914 1055 qui.
937 999 990 1043 ad
1007 996 1276 1044 occidentem
1299 999 1439 1047 erant,

201 1079 363 1134 singuli
407 1077 594 1120 duorum
636 1074 881 1126 cubitorum
920 1078 1060 1115 erant.
1104 1069 1187 1112 Sed
1224 1066 1441 1123 Josepbus

201 1151 383 1205 loquens
411 1149 463 1192 de
497 1147 564 1191 his
599 1147 789 1189 vectibus
825 1145 901 1195 ait,
941 1152 1028 1184 uno
1053 1149 1227 1195 qnoque
1260 1139 1443 1180 habente

202 1221 545 1278 magnitudinem
568 1220 813 1263 cubitorum
837 1216 1046 1271 quinque.

262 1299 275 1314 ·
299 1295 472 1338 Additio
506 1293 546 1336 t.
582 1291 674 1335 Una
710 1290 855 1334 tabula
890 1293 983 1330 erat
1018 1286 1184 1335 incisa.
1215 1292 1259 1330 et
1293 1290 1443 1330 cavata
1469 1268 1502 1312 Β

203 1370 247 1412 in
279 1368 416 1410 lrnnte
452 1377 500 1409 ex
538 1376 625 1408 una
659 1372 798 1419 parte,
830 1360 1050 1411 similiter,
1071 1366 1114 1402 et
1141 1360 1276 1403 altera
1298 1359 1446 1403 tabula

203 1449 300 1491 erat
321 1439 457 1483 incisa
474 1469 486 1488 ‚
512 1445 554 1482 et
583 1448 684 1479 cara
711 1447 765 1479 ex.
789 1434 922 1476 altera
945 1437 1084 1487 parte,
1112 1430 1154 1474 in
1178 1429 1320 1474 fronte
1344 1442 1448 1474 vero

204 1509 594 1567 conjungebantur.

206 1602 308 1645 Gn.
335 1597 437 1643 Llll.
484 1598 544 1642 De
582 1597 845 1695 distinction?
877 1593 1159 1646 tabernaculi,
1199 1599 1240 1636 et
1274 1598 1449 1649 utroque

775 1665 819 1696 ve
839 1666 877 1694 o.

265 1727 608 1771 Tabernacuium
650 1725 733 1770 boc
757 1724 1005 1775 distinctum
1032 1728 1125 1766 erat
1147 1721 1196 1764 in
1219 1720 1328 1764 duas
1350 1731 1449 1775 par-

208 1809 272 1843 tes
297 1798 455 1855 (Exod.
478 1798 612 1852 xxvi).
640 1794 860 1841 Posterior
882 1806 984 1850 pars
1008 1793 1061 1838 ad
1084 1778 1451 1837 occidentem'de-

210 1887 303 1917 ceni
340 1871 496 1916 cubitis
522 1870 872 1926 protendebatur,
912 1875 954 1912 et
977 1867 1034 1911 ita
1060 1867 1225 1923 quadra
1247 1872 1364 1915 erat,
1402 1865 1446 1907 in

208 1948 388 2002 longum
429 1944 620 1996 scilicet,
658 1949 698 1986 et
730 1943 771 1984 in
810 1942 973 1994 latum,
1008 1946 1053 1987 et
1078 1940 1121 1983 in
1146 1940 1279 1984 altum
1303 1938 1450 1981 decem

208 2020 472 2063 cubitorum.
514 2015 613 2060 Haee
645 2028 746 2071 pars
783 2017 955 2071 adytum
982 2013 1223 2066 dicebatur,
1263 2013 1333 2056 vel
1351 2024 1453 2056 san-

210 2101 330 2137 ctum
359 2090 516 2143 sancti,
536 2090 604 2134 rei
622 2089 918 2135 sanctuarium
940 2085 1194 2140 sanctuarii,
1215 2086 1282 2130 vel
1302 2092 1451 2130 sancta

210 2171 475 2210 sanctorum.
506 2163 704 2207 Anterior
728 2173 828 2218 pars
868 2161 919 2204 a2l
950 2162 1161 2209 orientem
1203 2159 1355 2215 viginti
1379 2167 1456 2204 ειι-

210 2239 314 2284 bitis
334 2237 686 2295 protendebatur,
710 2247 807 2291 quoe
828 2234 1072 2278 communis
1094 2239 1188 2279 erat
1214 2232 1455 2278 sacerdoti·

1515 275 1791 319 multitudine
1830 275 2114 330 picturarum.
2165 273 2269 318 Erat
2310 280 2454 319 autem
2494 273 2580 320 boc
2610 277 2752 326 velum

1515 347 1695 400 pulchra
1720 347 1926 390 varietate
1950 353 2201 394 contextum
2243 359 2294 390 cx
2335 347 2579 401 universis,
2616 355 2664 396 ut
2688 349 2757 398 *ait

1515 418 1747 472 losephus,
1773 418 1970 470 floribus,
1993 429 2106 472 quos
2127 417 2264 474 gignit
2288 417 2475 471 humus,
2496 425 2540 463 et
2561 419 2662 463 aliis
2688 420 2757 473 pi·

1514 491 1678 541 cturis,
1713 503 1823 546 quas
1848 498 2048 547 poterant
2072 491 2327 536 interserere
2350 490 2566 546 pictores.
2602 501 2760 549 praeter

1517 563 1783 608 animalium—
1806 564 1987 608 l'ormas.
2037 564 2083 608 ln
2132 575 2310 620 egressu
2353 575 2455 614 vero
2490 563 2759 610 tabernaculi

1517 640 1708 694 quinque
1730 638 1945 681 columnae
1980 643 2102 680 erant
2123 636 2175 679 dc
2208 635 2336 692 lignis
2373 635 2497 680 setim
2523 622 2756 690 deamatae,

1518 711 1659 765 capita
1683 710 1893 754 habentes
1920 721 2082 762 aurea3
2123 708 2252 753 bases
2287 720 2390 751 vero
2415 720 2594 762 Aaeneas,
2629 720 2761 764 supet·

1518 795 1630 839 quas
1655 781 1741 826 duo
1767 789 1937 835 vectes,
1977 782 2045 827 vel
2068 795 2184 826 unus
2213 781 2360 826 decem
2391 781 2636 828 cubitorum
2661 794 2761 841 pro-

1522 857 1775 901 tendebatur
1812 870 1838 900 a
1873 855 2035 912 pariete
2070 856 2114 900 in
2140 856 2363 912 parietem.
2403 854 2449 899 ln
2475 843 2760 915 utroquesca-

1520 934 1621 990 pite,
1646 935 1714 978 sui
1739 932 1908 988 utrique
1927 932 2080 989 parieti
2105 932 2311 982 insertus,
2349 933 2403 983 ad
2430 916 2606 979 modum
2629 931 2763 978 trabis

1521 1008 1564 1051 in
1591 1006 1738 1057 domo,
1778 1017 1804 1049 a
1826 1018 1914 1061 quo
1937 1004 2207 1061 dependebat
2229 1005 2346 1059 aliud
2373 1005 2540 1059 velum,
2580 1016 2655 1062 per
2678 1004 2764 1049 cir·
2823 1022 2828 1023 ⁷
2906 1000 2907 1004 ’

1521 1080 1644 1127 culos
1682 1089 1843 1123 aureos
1884 1077 2114 1130 insertum,
2148 1078 2202 1122 ad
2233 1078 2412 1122 modum
2432 1079 2594 1135 prioris
2612 1087 2765 1134 opera÷
2829 1126 2831 1131 ,

1523 1159 1630 1198 tum.
1667 1151 1753 1202 Sed
1776 1151 2017 1196 secundum
2038 1149 2294 1205 Josentmm,
2339 1163 2479 1207 usque
2517 1150 2573 1195 ad
2603 1151 2765 1196 medie-

1524 1232 1655 1271 tatem
1695 1223 1996 1268 columnarum
2033 1221 2333 1277 dependebat,
2373 1229 2521 1280 tegens
2557 1236 2651 1275 eas,
2690 1235 2767 1279 per

1525 1298 1718 1357 quinque
1742 1295 1940 1348 cubitos;
1976 1294 2131 1353 reliqui
2157 1296 2349 1352 quinque
2370 1307 2510 1352 usque
2531 1296 2583 1340 ad
2606 1301 2765 1341 terram
2833 1294 2835 1298 ⁴

1525 1370 1582 1418 ad
1618 1372 1864 1429 ingressum
1906 1368 2190 1414 Sacerdotum
2241 1370 2461 1424 patebant.
2508 1366 2648 1424 Super
2684 1368 2769 1414 boo
2835 1414 2845 1418 ,Α
2902 1378 2916 1386 ’·

1526 1456 1631 1489 vero
1665 1443 1789 1496 dicit,
1827 1443 1958 1485 aliam
1994 1442 2207 1485 cortinam
2237 1442 2411 1486 laneam
2430 1441 2767 1498 superpositam,

1528 1529 1668 1573 usque
1684 1515 1735 1559 ad
1756 1522 1916 1558 terram
1938 1515 2270 1570 pertingentem,
2290 1513 2468 1558 funibus
2489 1526 2564 1570 per
2585 1514 2770 1558 annulos

1527 1602 1622 1638 eam
1647 1588 1905 1633 ducentibus
1925 1594 1969 1631 et
1987 1588 2323 1640 retrahentibus,
2343 1587 2456 1630 utin
2475 1586 2628 1631 diebus
2647 1585 2769 1640 festis
2844 1631 2845 1635 ,

1527 1662 1708 1706 reducta
1747 1660 1952 1723 praeberct
1994 1668 2216 1716 aspectum
2247 1659 2546 1712 tabernaculi;
2591 1658 2636 1702 in
2673 1657 2771 1705 aliis

1529 1736 1684 1781 diebus
1705 1733 1964 1790 superducta
1997 1732 2247 1789 prohiberet
2282 1739 2523 1789 aspectum,
2557 1730 2773 1789 praecipne
2836 1751 2838 1755 ·

1530 1819 1629 1853 cum
1670 1805 1868 1860 nubilum
1905 1804 2144 1858 rideretur.
2187 1801 2348 1848 'Pectus
2369 1803 2483 1847 enim
2509 1803 2635 1849 sortis
2661 1807 2771 1856 erat,

1529 1886 1573 1924 et
1597 1878 1721 1923 facile
1743 1878 1935 1922 laborem
1972 1876 2240 1930 sustinebat,
2267 1883 2309 1920 et
2334 1877 2376 1920 in
2403 1877 2600 1934 ingressu
2626 1874 2772 1933 templi

1534 1955 1779 2004 Salomonis
1815 1953 2001 1998 similem
2045 1953 2154 1997 dicit
2194 1952 2333 1997 fuisse
2369 1963 2622 2008 appensam.
2663 1948 2774 1993 Erat

1532 2029 1647 2075 enim
1689 2027 1885 2072 interiori
1926 2027 2176 2071 sanctuario
2217 2038 2317 2070 a’ca
2356 2025 2532 2069 soederis
2565 2035 2663 2068 cum
2686 2022 2774 2075 bis,
2847 2014 2849 2021 ¹

1531 2113 1631 2157 quae
1653 2100 1766 2145 inea
1788 2099 1978 2156 reposita
2001 2100 2190 2143 diximus
2206 2134 2216 2153 ‚
2253 2106 2294 2143 ct
2318 2111 2414 2148 cnm
2441 2099 2509 2142 bis
2532 2109 2630 2152 quae
2652 2103 2778 2141 erant

1533 2173 1572 2217 ei
1597 2172 1890 2229 superposita.
1925 2171 1973 2224 ln
2005 2172 2214 2220 anteriori
2247 2183 2350 2215 vero
2379 2171 2687 2215 candelabrum
2722 2171 2774 2213 ad

1537 2255 1761 2298 austrum,
1801 2244 2044 2289 mensa.ad
2083 2243 2347 2298 aquilonem.
2387 2242 2432 2285 ln
2466 2241 2611 2285 medio
2633 2248 2777 2284 autem

212 2314 313 2366 bus,
348 2318 391 2357 et
418 2312 501 2357 hoc
531 2311 758 2355 dicebatur
794 2315 1009 2357 sanctum,
1044 2307 1112 2350 vel
1136 2307 1450 2353 sanctuarium.
1475 2346 1509 2394 C
1537 2318 1714 2371 velum,
1754 2329 1840 2361 no„
1864 2316 2084 2373 1003021,
2107 2316 2224 2371 mm„
2256 2315 2392 2359 anm-e
2419 2326 2624 2367 ameum,
2663 2312 2779 2369 quod

213 2385 431 2442 Respectu
470 2382 601 2439 huius
631 2383 841 2438 posterior
879 2380 1102 2427 dicebatur
1130 2387 1326 2424 sanetum
1353 2391 1454 2423 san·

215 2458 290 2507 cti,
319 2455 443 2512 qnasi
464 2454 788 2499 consecutivum
813 2453 968 2509 sancti,
1000 2458 1046 2494 ut
1065 2451 1226 2495 dicitur
1246 2450 1453 2494 saeculum

216 2530 379 2575 saeculi.
407 2527 483 2572 Vel
510 2534 707 2571 sanctum
734 2525 889 2578 sancti,
916 2525 957 2570 id
985 2531 1052 2568 est
1073 2523 1267 2567 sanctius
1285 2531 1453 2575 sancto,

215 2610 263 2645 ut
304 2601 462 2646 dicitur
501 2598 711 2643 Dominus
737 2598 1030 2649 dominorum,
1072 2597 1134 2639 vel
1163 2594 1253 2640 Rex
1287 2608 1453 2654 regum.

216 2675 279 2720 Ad
304 2675 532 2719 alterutras
555 2682 656 2715 vero
678 2677 822 2726 partes
846 2671 1108 2727 separandas
1124 2700 1135 2722 ,
1162 2671 1314 2725 positae
1334 2676 1456 2712 erant

218 2751 261 2791 in
284 2747 444 2800 medio,
459 2743 866 2802 quatuorcolumnae
890 2742 944 2786 de
966 2743 1094 2800 lignis
1128 2743 1252 2786 setim
1275 2744 1458 2786 deaura-

219 2826 287 2870 tae,
310 2819 451 2872 capita
477 2818 685 2860 habentes
709 2826 858 2867 aurea,
884 2822 925 2858 ct.
949 2815 1076 2860 bases
1101 2822 1345 2872 argenteas.
1374 2815 1458 2859 Ta·

216 2905 316 2937 men
337 2891 550 2946 Josepbus
574 2890 679 2935 dicit
700 2895 888 2944 quatuor
911 2887 1047 2932 fuisse
1072 2889 1242 2932 tabulas
1275 2889 1326 2932 ad
1362 2901 1458 2931 mo«

218 2968 321 3010 dum
361 2966 542 3012 aliarum
589 2971 788 3020 operatas
806 2997 818 3016 ,
860 2963 1084 3019 aequaliter
1122 2974 1148 3006 a
1186 2974 1234 3007 se
1274 2962 1457 3017 invicem

219 3039 445 3088 distantes,
481 3037 595 3082 inter
621 3049 728 3094 quas
761 3046 849 3080 tres
871 3035 1043 3092 angusti
1068 3034 1272 3090 patebant
1294 3035 1459 3091 ingrcs-

218 3123 311 3155 sus.
362 3111 501 3165 Super
541 3111 680 3166 capita
719 3122 823 3155 vero
861 3111 1163 3153 columnarum
1201 3109 1458 3165 superpositi

219 3191 344 3228 erant
366 3186 452 3227 duo
474 3191 617 3228 vectes
641 3185 786 3227 decem
810 3183 1052 3226 cubitorum
1078 3193 1100 3224 a
1129 3183 1290 3237 pariete
1315 3182 1356 3223 in
1385 3194 1460 3236 pa·

221 3258 372 3299 rietcm
397 3257 607 3309 protensi,
634 3258 675 3299 in
703 3257 860 3311 quibus
884 3267 959 3310 pcr
985 3255 1171 3299 circulos
1195 3267 1352 3304 aurens
1375 3256 1459 3298 im-

221 3331 404 3375 missum
427 3329 695 3387 dependebat
716 3329 876 3382 velum,
899 3335 1000 3372 ante
1024 3336 1210 3383 qttatuor
1236 3329 1461 3371 columnas

1534 2389 1664 2431 ctiam
1689 2387 1905 2450 Josephus
1930 2387 2198 2432 thuribulum
2222 2398 2403 2429 aureum
2435 2393 2561 2434 vocat
2577 2418 2588 2439 ,
2621 2384 2674 2428 de
2692 2395 2781 2440 quo

1535 2469 1633 2516 post
1655 2462 1866 2506 dicemus.

1797 2533 1900 2580 Car.
1927 2532 2035 2583 mv.
2061 2533 2121 2577 De
2146 2533 2318 2576 cortinis
2340 2540 2377 2575 ct
2400 2544 2518 2588 sago.

1594 2607 1772 2656 Tectum
1813 2607 2082 2654 tabernaculi
2117 2619 2203 2649 nnn
2235 2612 2602 2654 concameratum,
2641 2604 2681 2648 id
2715 2609 2782 2647 est

1542 2693 1787 2730 recurvum.
1826 2680 1942 2741 sicut
1975 2680 2018 2723 in
2049 2679 2262 2730 ecclesiis,
2301 2679 2374 2721 sed
2399 2677 2572 2734 planum
2609 2675 2666 2720 ad
2685 2687 2781 2719 mo·-

1538 2755 1640 2799 dum
1672 2753 1928 2806 Palaestinae,
1966 2750 2048 2796 luit
2097 2760 2285 2808 quatuor
2325 2749 2605 2806 operimentis
2662 2739 2783 2804 upta-

1540 2835 1630 2872 tum
1656 2826 1815 2884 (Esou.
1839 2824 1977 2882 xxvi).
2005 2823 2203 2880 Primum
2225 2823 2541 2879 operimentum
2572 2820 2654 2865 fuit
2682 2831 2783 2864 cor-

1540 2903 1641 2947 time
1660 2888 1827 2954 decem,
1846 2897 1943 2958 quat
1958 2900 2090 2958 etiam
2113 2898 2223 2951 vela,
2243 2897 2311 2942 vel
2336 2896 2534 2950 tentoria,
2559 2894 2623 2937 vol
2645 2900 2784 2951 quan-

1540 2978 1683 3031 doque
1706 2974 2034 3019 tabernaculum
2059 2979 2284 3030 vocantur,
2304 2982 2403 3026 quae
2428 2977 2552 3014 erant
2578 2968 2704 3011 raetae
2729 2966 2785 3011 de

1540 3055 1727 3104 quatuor
1758 3046 1976 3103 praedictis
2019 3044 2239 3090 coloribus
2266 3056 2393 3100 opere
2421 3042 2651 3098 plumario.
2670 3039 2784 3084 Lon-

1542 3123 1691 3179 gitudo
1724 3121 1902 3168 cortinae
1949 3117 2080 3163 unius
2123 3122 2217 3161 erat
2251 3115 2402 3171 viginti
2441 3120 2485 3159 et
2517 3119 2619 3158 octo
2661 3110 2786 3156 cobi-

1544 3203 1705 3248 torum,
1737 3191 1920 3246 latitudo
1956 3180 2162 3247 quatuor,
2195 3199 2378 3244 quarum
2410 3186 2609 3242 quinque-
2633 3190 2787 3227 mutuo

1543 3267 1625 3316 sibi
1663 3265 1975 3322 jungebantur,
2011 3267 2066 3305 et.
2091 3261 2285 3316 quinque
2321 3258 2538 3309 similiter,
2576 3264 2622 3300 nt
2661 3255 2784 3312 qnasi

1541 3340 1639 3384 duae
1665 3338 1859 3389 cortinae,
1887 3348 1939 3381 cx
1974 3335 2133 3391 quibus
2165 3333 2247 3378 sihi
2283 3332 2527 3389 conjunctis
2554 3331 2787 3382 redderen-
2859 3362 2864 3371 ,

222 3411 466 3455 ffioeflsum·
495 3403 707 3459 quadrum
734 3402 777 3458 5¹1
798 3402 916 3469 ⁰⁰3¹*
941 3407 1092 3457 parte·
1124 3401 1290 3446 ⁸055oess
1310 3401 1457 3444 decem
1487 3420 1522 3466 D
1544 3419 1634 3457 tur.
1663 3409 1961 3464 iungebantur
1996 3414 2139 3451 antem
2180 3404 2344 3449 ansulis
2381 3403 2656 3461 hyacintinis,
2691 3412 2788 3457 qttae

222 3477 484 3530 cubitorum,
526 3483 572 3520 ut
595 3489 650 3521 ex
672 3477 790 3521 omni
813 3483 934 3533 parte
962 3477 1210 3532 prohiberet
1237 3484 1461 3533 aspectum

225 3550 497 3595 interiorum.
534 3549 638 3593 Erat
676 3559 817 3606 autem
860 3550 1002 3594 velum
1047 3550 1214 3598 factum
1249 3552 1301 3595 de
1332 3551 1464 3607 bysso

225 3632 404 3676 retorta,
424 3624 541 3680 quod
559 3631 624 3667 est
641 3635 776 3681 genus
792 3622 878 3668 'lini
896 3623 1197 3669 candidissimi
1227 3631 1270 3669 et
1297 3625 1466 3669 mollis-

228 3698 356 3750 simi,
382 3705 424 3740 ct
450 3698 503 3742 de
526 3697 788 3756 hyacintho,
827 3704 870 3740 ct
894 3710 1112 3755 purpura,
1151 3704 1194 3741 et
1230 3710 1362 3742 cocco
1399 3699 1467 3745 bis

226 3769 380 3823 tincto,
409 3771 451 3813 id
471 3778 540 3816 est
561 3773 613 3815 de
637 3772 721 3816 tilis
742 3772 892 3816 sericis
919 3771 1203 3827 hyacinthini,
1242 3772 1464 3828 purpurei,

228 3848 273 3883 et
295 3842 483 3886 coccinei
507 3845 682 3897 coloris,
708 3857 836 3900 opere
856 3844 1070 3899 plumario
1095 3844 1401 3899 compositum,
1425 3843 1467 3887 id

229 3919 294 3957 est
320 3926 447 3969 opere
473 3927 553 3958 acu
576 3916 710 3970 picto.
747 3916 901 3960 Pluma
938 3917 1053 3960 enim
1092 3917 1238 3972 lingua
1279 3917 1466 3973 quadam

232 3996 336 4027 acus
360 3986 541 4037 dicitur,
586 3988 749 4030 scilieet
787 3988 1106 4044 AEgyptiorum‚
1147 4001 1332 4043 quorum
1367 3996 1470 4033 sunt

230 4055 412 4100 diversae
449 4058 604 4112 linguae
622 4093 633 4110 ,
663 4059 776 4102 sicut
799 4059 1065 4103 Graecorum.
1106 4060 1196 4107 Hoc
1221 4073 1356 4116 genus
1383 4060 1467 4104 veli

230 4127 360 4182 vulgo
381 4129 608 4172 distratum
639 4131 812 4183 dicitnr,
845 4132 968 4185 quasi
995 4132 1061 4175 bis
1086 4140 1286 4177 stratum.
1322 4131 1470 4176 Primo

232 4204 346 4243 enim
372 4202 417 4244 tlt
441 4202 523 4245 tela
539 4232 552 4253 ‚
583 4203 651 4246 cui
676 4215 774 4246 cum
799 4215 879 4247 acu
906 4216 1033 4257 opere
1057 4205 1244 4248 manuali
1275 4205 1471 4248 subster-

233 4279 396 4315 nuntur
439 4273 620 4317 diversae
661 4274 989 4329 picturationes.
1046 4275 1155 4319 Sunt
1199 4277 1272 4323 nui
1317 4276 1470 4320 dicunt

234 4353 346 4396 opus
369 4343 632 4398 plumarium
655 4357 680 4389 a
704 4346 987 4392 similitudine
1010 4347 1174 4400 avium,
1208 4347 1368 4402 quibus
1390 4359 1469 4390 su-

234 4413 455 4467 peraddita
487 4422 554 4460 est
576 4415 822 4471 plumarum
848 4418 1048 4464 varietas.
1083 4417 1202 4462 idem
1222 4429 1332 4475 opus
1355 4417 1467 4462 dici-

1543 3487 1588 3529 in
1622 3493 1886 3539 unoquoque
1921 3481 2056 3525 latere
2090 3480 2359 3527 cortinarum
2394 3478 2630 3534 disposita,
2653 3476 2788 3522 altera

1544 3565 1695 3609 contra
1735 3555 1915 3599 alteram
1956 3552 2201 3605 veniebant,
2224 3559 2267 3596 ct
2305 3551 2418 3597 binae
2455 3549 2616 3593 annulo
2653 3559 2788 3592 aureo

1544 3627 1876 3683 colligabantur,
1900 3624 2019 3670 sieut
2038 3624 2092 3668 ad
2115 3621 2440 3677 ornatumsscolli
2464 3620 2603 3672 fibula:
2627 3631 2784 3676 argen-

1547 3709 1638 3752 teae.
1664 3701 1732 3744 vel
1759 3710 1918 3752 aureae,
1936 3703 2166 3751 utramque
2185 3707 2308 3742 oram
2331 3693 2478 3749 capitii
2499 3694 2642 3738 solent
2664 3692 2790 3739 colli-

1549 3785 1666 3831 gare.
1689 3772 1803 3815 Dicit
1827 3777 1973 3816 tamen
1996 3758 2220 3826 Josepltus⁴
2235 3767 2407 3813 annulis
2441 3766 2585 3815 aureis
2605 3773 2647 3822 et
2666 3767 2790 3813 unci·

1547 3846 1616 3890 nis
1654 3856 1730 3889 eas
1766 3843 1903 3888 fuisse
1948 3841 2139 3898 junctas.
2184 3839 2431 3886 Secundum
2471 3839 2788 3895 operimentum

1547 3922 1671 3960 erant
1691 3927 1793 3970 saga
1810 3915 1999 3965 cilicina,
2018 3925 2115 3970 quae
2137 3917 2180 3956 et
2200 3913 2310 3964 vela,
2332 3911 2399 3956 vel
2416 3911 2635 3967 capillaria
2656 3922 2792 3966 quan-

1548 3987 1693 4042 doque
1714 3990 1940 4038 vocantur,
1964 3996 2062 4040 quae
2090 3983 2144 4027 de
2179 3984 2281 4039 pilis
2308 3994 2556 4046 caprarum,
2579 3993 2691 4037 quos
2712 3993 2790 4026 ca-

1548 4059 1677 4115 pillos
1715 4059 1979 4113 quandoque
2022 4057 2228 4110 dicimus,
2266 4056 2321 4099 ad
2359 4055 2642 4112 differentiam
2678 4055 2790 4105 lanae

1550 4132 1715 4182 ovium,
1733 4127 1846 4173 sacta
1864 4133 2004 4180 erant,
2023 4129 2076 4171 de
2094 4127 2253 4182 quibus
2285 4134 2328 4169 et
2344 4124 2485 4175 cilicia
2504 4125 2627 4168 nunt.
2649 4122 2787 4178 Unde,

1550 4209 1593 4245 et
1614 4202 1685 4244 illa
1710 4212 1813 4256 saga
1835 4199 2011 4243 cilicina
2033 4198 2147 4241 dicta
2181 4202 2298 4250 sunt,
2322 4208 2420 4252 quae
2445 4207 2524 4251 pro
2559 4195 2790 4251 asperitate

1550 4285 1653 4328 saga
1674 4272 1944 4316 dicebantur.
1970 4269 2109 4323 Unde,
2131 4276 2175 4313 et
2191 4267 2400 4325 quosdam
2422 4277 2592 4322 pannos
2610 4276 2789 4320 asperos

1550 4344 1695 4402 sagias
1717 4341 1919 4386 dicimus.
1945 4341 2022 4386 vel
2045 4341 2157 4385 nme
2177 4352 2232 4384 ex
2247 4338 2519 4396 quadratura
2543 4349 2643 4394 saga
2674 4336 2789 4395 dicta

1550 4420 1657 4461 sunt
1674 4415 1707 4459 ⁶.
1729 4411 1870 4466 Unde,
1888 4420 1931 4458 et
1948 4413 2134 4457 militare
2152 4409 2331 4467 pallium
2354 4423 2378 4455 a
2395 4409 2789 4460 Gallis-inventum.
2850 4411 2853 4416 ’
