2924 4588
24 47 106 129 ico

469 73 774 120 SERMONES.
805 98 862 107 -—
890 74 943 119 m
974 73 1106 120 DOM.
1135 73 1302 119 liu-*Ra
1330 72 1530 119 ocTAv.

1562 75 1911 122 Nanvira‘ris
1942 74 2147 121 nounu.
2511 50 2597 123 370⁴

36 163 143 223 s‘sus
176 170 279 214 alibi
303 168 462 212 dicitur
479 181 494 211 .-
533 169 577 213 in
616 180 704 232 quo
738 167 943 218 dicuntur
974 167 1091 224 ligna
1129 166 1264 212 fuisse
1285 169 1323 216 A
1346 167 1383 212 si
1407 180 1503 223 quae
1521 168 1684 224 agenda
1701 175 1819 222 sunt,
1844 168 1985 214 facere
2003 173 2159 226 potest,
2180 169 2282 212 etin
2298 181 2448 213 eorum
2472 182 2595 215 eser-

24 247 203 306 pulebra·
223 243 338 294 visu,
360 247 404 287 et
426 242 479 286 ad
499 241 762 287 vescendum
791 242 967 287 suavia:
1000 242 1183 298 pulchra
1212 240 1266 284 ad

39 325 258 376 pectunt,
288 315 438 360 suavia·
471 315 524 359 ad
562 320 734 371 gustum
765 312 885 372 (Gen.
925 326 973 367 ιι,
997 314 1059 372 9).
1091 313 1178 358 Pro
1215 326 1267 358 eo

34 379 134 436 {uod
161 391 205 433 in
230 389 314 432 hoe
333 394 486 432 sancto
509 384 690 444 collegio
716 387 798 431 viri
821 376 923 431 sunt
946 387 1101 439 sancti,
1125 387 1189 431 sic
1212 386 1267 430 ad

33 462 326 523 ..pariendum
368 461 534 517 sapidi,
570 460 682 504 sicut
712 459 766 503 ad
812 459 1066 504 intuendum
1102 459 1263 503 decori

42 546 212 599 umque
243 545 296 576 ex
334 533 402 576 bis
446 532 551 576 'viris
590 531 761 575 sanctis
804 531 938 574 multa
977 531 1090 574 bona
1132 530 1267 574 sumis

31 604 228 661 empla,
249 603 452 647 nimirum
475 608 518 647 et
541 615 629 645 mua
620 604 676 644 ta
694 609 736 666 et
757 596 923 658 sapida,
949 613 1002 645 ex
1026 600 1156 657 lignis
1178 599 1269 656 pul·

35 698 65 718 ιι
60 678 138 722 ι·15
159 683 202 722 et
219 675 425 721 suavibus
443 676 591 731 carpis
613 686 756 738 poma.

40 744 129 792 X.
160 747 367 801 Quintum
393 743 600 803 templum
634 745 956 803 assignavimus
977 743 1149 800 corpori
1174 748 1264 785 tuo.

23 807 116 866 stoli
133 825 175 863 et
196 819 250 862 de
273 819 357 862 hoc
377 819 539 874 templo
561 817 800 869 discedere,
820 816 863 859 id
886 822 952 860 est
968 817 1059 858 noli
1081 828 1147 867 ea,
1172 827 1268 871 quae

60 910 64 929 ι
93 889 475 935 sanctificationem
492 887 694 944 fcorporis
711 888 771 931 tui
787 888 1015 944 pertinent,
1033 887 1264 943 negligere.

57 973 134 1023 ι·3
158 961 303 1004 cibare
336 960 612 1011 esurientem,
650 965 799 1015 potare
835 958 1075 1008 sitientem.-
1103 957 1267 1001 nudum

43 1021 194 1097 sitire,
225 1033 436 1090 hospitem
455 1032 673 1088 colligere,
697 1047 775 1076 vei
781 1033 842 1076 ire
864 1033 917 1076 ad
935 1033 1265 1082 incarceratum,

29 1111 32 1114 ’
66 1106 199 1150 sitare
225 1103 461 1149 infirmum.
479 1104 552 1148 En
577 1116 651 1147 sex
674 1115 805 1159 opera
824 1097 1149 1154 misericordiae,
1169 1103 1267 1159 qui-

38 1182 104 1224 us
139 1176 226 1221 indi
231 1177 384 1234 gentiae
419 1177 627 1222 debemus
663 1177 955 1233 proximorum
991 1177 1116 1233 Juxta
1152 1176 1268 1220 vires

36 1268 51 1312 ss
88 1260 274 1302 urrere,
321 1249 397 1292 sed
439 1248 662 1304 prodesse
683 1247 814 1291 etiam
849 1247 972 1303 juxta
1008 1248 1124 1293 vires
1161 1248 1269 1294 velle

45 1319 200 1367 lauh.
239 1333 340 1372 xxv,
364 1321 452 1379 55)
489 1319 599 1365 Sunt
619 1327 661 1364 et
685 1325 783 1364 octo
801 1321 931 1372 alia,
921 1334 965 1364 in
987 1322 1145 1377 quibus
1170 1333 1267 1364 eor-

28 1391 182 1453 (11·3115
216 1402 365 1436 nostia
400 1392 610 1436 sanctitas
651 1386 881 1444 consistit,
911 1405 1039 1448 quam
1075 1391 1268 1448 profecto

37 1464 213 1511 andiu
252 1465 437 1509 sollicite
474 1465 686 1516 custodis,
731 1465 784 1510 de
816 1465 899 1510 hoc
930 1466 1081 1522 quinto
1111 1467 1268 1522 templo

38 1543 108 1603 sn
135 1536 352 1584 discedis:
378 1545 420 1584 et
453 1540 490 1583 si
517 1551 568 1585 ea
602 1539 753 1584 audire
786 1538 1035 1590 desideras,
1078 1539 1267 1596 primum

127 1613 244 1668 rigor
266 1613 561 1668 ieiuniorum:
593 1613 837 1658 secundum.
868 1612 1075 1657 instantia
1098 1611 1268 1670 vigilia-

43 1683 143 1738 sm;
169 1685 344 1728 tertium
370 1686 415 1729 in
439 1697 645 1730 manuum
670 1685 818 1730 labore
838 1686 1115 1740 exercitium;
1139 1697 1271 1742 quar-

56 1770 115 1803 ιιι
138 1759 353 1802 munditia
374 1759 417 1801 in
441 1759 587 1804 carnis
609 1759 837 1804 castitate:
866 1759 1062 1816 quintum
1081 1760 1270 1816 gravitas

0 1843 1 1850 ¹
40 1821 70 1877 'u
91 1832 210 1876 vultu
228 1848 238 1876 z
259 1839 427 1876 sextum
445 1832 564 1877 utilis
585 1833 775 1890 parcitas
792 1833 838 1880 in
856 1832 984 1877 affatu
1007 1849 1022 1877 :—
1043 1834 1272 1892 septimum

41 1904 204 1950 litas
193 1918 238 1948 in
261 1905 437 1960 liabitu;
455 1909 663 1951 octavum
678 1905 908 1950 maturitas
929 1906 973 1950 in
995 1907 1183 1951 incessu

45 1964 152 2022 xi.
181 1975 265 2022 Sed
288 1983 331 2023 et
363 1977 417 2023 de
446 1985 567 2024 sexto
598 1979 787 2035 templo,
813 1980 927 2047 quod
952 1980 1094 2023 anima
1123 1985 1272 2023 nostra

38 2056 107 2102 ι,
138 2063 227 2095 non
261 2051 560 2103 discedemuffs
588 2052 625 2096 si
657 2051 725 2096 his
748 2065 848 2122 quae
875 2052 927 2095 ad
948 2053 1042 2107 ejus
1076 2058 1273 2108 spectant

2 2175 3 2178 Ἴ
38 2122 428 2178 notificationem,
456 2131 544 2169 tota
565 2125 864 2170 sollicitudine
881 2125 1161 2171 intendimus
1189 2125 1274 2170 Co-

39 2188 47 2202 '
83 2211 196 2252 mur,
227 2205 276 2244 ιιι
308 2200 367 2243 sit
398 2199 541 2243 anima
575 2205 726 2243 nostra
761 2211 989 2252 succensa,
1030 2200 1197 2256 integra
1231 2205 1273 2243 et

45 2305 47 2309 .
105 2272 238 2326 soctan
263 2278 305 2317 et
329 2274 374 2316 in
397 2273 479 2316 hoc
499 2274 666 2329 templo
685 2285 1030 2326 com-moremur;
1056 2285 1268 2318 succensa
1291 2297 1325 2343 C

57 2356 131 2390 ero
152 2350 235 2397 est,
266 2345 303 2390 si
339 2358 435 2389 eam
458 2346 719 2390 desiderium
756 2345 1009 2397 inflammat,
1049 2350 1092 2389 et
1129 2345 1271 2401 ipsum

37 2420 207 2478 triplex:
237 2418 500 2468 desiderium
523 2420 684 2471 veniae,
712 2419 974 2466 desiderium
999 2419 1160 2475 gratiae,
1197 2418 1273 2462 de-

50 2487 235 2535 derium
258 2492 420 2552 gffloiiae.
454 2488 676 2535 Desideret
713 2492 758 2534 ιι
754 2504 858 2547 ique
895 2497 983 2534 toto
1019 2490 1170 2534 affectu
1200 2503 1272 2534 ve-

46 2562 162 2615 iani,
196 2565 392 2619 gratiam,
414 2564 607 2620 gloriam.
629 2564 824 2609 Veniam
848 2571 1145 2621 pcccatorum,
1175 2578 1274 2620 gia-

38 2631 134 2678 'iam
158 2636 407 2679 meritorum
426 2668 438 2687 ,
457 2636 635 2692 gloriam
657 2636 946 2692 praemiorum.
970 2635 1270 2687 Peccatorum,

16 2721 19 2739 l
45 2707 146 2752 ‘tab
163 2707 392 2764 iniquitate
416 2708 676 2763 mundet-un
701 2708 969 2759 meritorum,
990 2709 1099 2751 utin
1116 2706 1274 2750 sancti·

1 2777 7 2785 ”
54 2785 119 2824 ‘te
141 2787 343 2835 ornetur3
372 2782 664 2838 praemiorum,
689 2787 736 2824 ut
770 2782 815 2824 in
841 2780 1045 2825 felicitate
1068 2792 1273 2825 consum-—

75 2860 185 2897 etur.
219 2853 407 2908 Primum
434 2853 624 2909 perfecte
646 2853 910 2899 desiderium
943 2853 1274 2900 habuitmulier

7 2915 8 2919 ¹
48 2926 104 2970 la
122 2928 353 2983 peccatrix,
371 2928 447 2972 sed
469 2929 697 2983 poenitens,
724 2927 776 2970 de
793 2940 876 2983 qua
899 2927 1059 2970 dicitur
1079 2943 1087 2970 :
1124 2926 1275 2970 Remit-

21 3019 25 3094 ξ
53 3006 175 3042 ιιιιιιιν
185 3001 222 3042 ei
233 3007 402 3055 peccata
420 3000 568 3052 multa,
581 3000 780 3056 quoniam
795 2999 942 3042 dilexit
956 3002 1131 3042 multum
1153 2999 1268 3055 (Luc.

43 3083 108 3123 ru,
131 3073 219 3130 47).
259 3073 504 3117 Secundum
528 3072 681 3117 habuit
709 3074 796 3123 ille,
822 3073 897 3128 qui
922 3073 1010 3115 ait:
1044 3073 1275 3127 concupivit

23 3108 173 3187 ἱιιιὶιηα
206 3159 296 3188 mea
328 3145 564 3188 desiderare
593 3145 920 3200 justificationes
955 3151 1050 3186 tuas
1090 3146 1130 3186 in
1161 3146 1273 3187 omni

27 3217 208 3275 llempore
233 3217 369 3274 (Psal.
397 3229 555 3268 cxwu,
592 3216 839 3274 .).Te1tio
872 3228 1043 3271 quoquc
1074 3217 1275 3262 ardenter

32 3286 238 3344 lagi-nbat
267 3289 464 3345 egregius
507 3289 793 3347 praedicator,
813 3288 1106 3336 desiderium
1120 3289 1194 3331 Ιια’
1192 3303 1286 3333 'ens

1346 239 1450 283 citio
1472 253 1559 284 non
1583 240 1855 286 debilitatur:
1887 242 1927 286 si
1944 243 2060 298 Justa
2083 247 2167 294 est,
2196 243 2256 285 ita
2280 248 2325 284 ut
2350 255 2435 285 non
2461 244 2597 286 offen—

1346 311 1447 367 dat;
1473 313 1510 356 si
1532 314 1884 373 temperans,·ita
1915 320 1962 357 ut
1993 327 2081 359 non
2114 314 2307 358 excedat.
2341 313 2597 359 Primumei

1346 384 1515 428 bonum¹
1546 371 1742 430 conseret
1783 386 2035 442 prudentia,
2083 387 2320 431 secundum
2361 386 2568 432 fortitudo
2584 421 2595 438 .

1346 456 1520 499 tertium
1549 456 1737 511 iustitia,
1773 466 1974 515 quartum
2007 459 2308 515 temperanti-a.
2347 458 2595 510 Prudentia,

1347 540 1442 584 quae
1462 541 1563 572 eum
1589 529 1824 584 illuminem
1852 530 2076 582 fortitudo,
2108 543 2203 587 quae
2226 531 2480 575 corroboret
2496 547 2507 585 ;
2524 532 2596 586 Ju-

1347 601 1479 654 stitia,
1491 614 1586 658 quae
1599 607 1778 646 exornet
1791 617 1802 657 3
1817 603 2119 660 temperantia,
2133 617 2227 660 quae
2247 604 2461 649 moditicet
2477 622 2488 649 :
2506 605 2597 649 haec

1347 672 1492 728 itaque
1532 679 1575 717 et
1611 687 1707 730 quae
1739 674 1784 718 in
1819 675 1936 718 hunc
1970 673 2143 719 modum
2183 682 2311 727 sunt,
2348 676 2383 720 si
2415 677 2599 721 sollicite

1347 759 1662 801 exerceremus,
1681 747 1885 792 nimirum
1898 748 1951 792 (13
1974 750 2133 805 templo
2148 756 2286 801 sexto,
2309 751 2421 806 quod
2444 751 2599 795 animae

1347 826 1509 864 nostrae
1531 820 1844 877 adaptavimus,
1871 834 2146 878 nequaquam
2169 822 2455 867 discedimus.

1404 887 1495 932 ΧΠ.
1534 888 1763 944 capacitas
1787 889 1966 934 humani
2003 896 2046 934 et
2081 892 2266 947 angelici
2299 904 2456 937 sensus
2487 898 2596 936 tem-

1347 963 1464 1018 plum
1500 962 1729 1020 septimum
1767 968 1848 1007 est.
1891 962 1936 1006 Si
1964 963 2057 1020 jugi
2095 969 2238 1007 autem
2272 965 2430 1010 mentis
2452 964 2599 1021 inape--

1349 1037 1507 1086 ctione,
1527 1041 1686 1090 quanta
1704 1036 1971 1080 sublimitate
1988 1042 2185 1093 uterque,
2206 1044 2291 1080 tam
2310 1038 2454 1092 homo,
2468 1048 2598 1094 quam

1350 1109 1527 1163 angelus
1552 1108 1792 1162 praeminet,
1824 1107 2124 1165 perpender'ffi,
2148 1114 2196 1151 ut
2218 1109 2404 1152 breviter
2438 1110 2596 1160 dicam,

1350 1178 1395 1222 in
1440 1180 1522 1222 hoc
1551 1191 1725 1236 quoque
1767 1180 1929 1235 templo
1966 1180 2221 1224 demoraris.
2264 1180 2475 1225 Curemus
2509 1181 2598 1237 iam

1349 1262 1580 1306 properare
1613 1252 1667 1295 ad
1707 1250 1834 1295 tinem
1870 1251 2075 1309 loquendi
2097 1252 2152 1297 de
2187 1254 2359 1309 templis
2399 1243 2509 1299 istis.
2553 1253 2600 1298 Si

1349 1324 1541 1380 singulas
1578 1325 1673 1369 illas
1705 1324 1928 1369 beatorum
1968 1325 2198 1382 spirituum
2228 1327 2477 1372 mansiones
2502 1340 2601 1383 per-

1348 1395 1534 1440 lustrare
1558 1397 1628 1452 pia
1658 1397 1913 1440 curiositate
1945 1396 2136 1454 satagis3
2173 1396 2211 1442 si
2246 1410 2269 1440 a
2307 1410 2496 1454 superna
2524 1398 2598 1441 illa

1349 1471 1489 1526 patria
1529 1470 1790 1527 cogitatione
1828 1476 1872 1515 et
1910 1470 2113 1514 aviditate
2146 1483 2234 1514 non
2269 1471 2460 1525 recedis;
2499 1484 2600 1526 pro--

1351 1531 1572 1586 secto'dici
1593 1543 1682 1598 Jam
1719 1543 1878 1598 poterit
1898 1542 1951 1588 de
1970 1549 2009 1587 te
2045 1544 2174 1600 17ss
2205 1543 2322 1599 quod
2358 1544 2412 1587 de
2445 1550 2601 1588 octavo

1349 1616 1524 1672 templo,
1550 1628 1630 1671 per
1644 1616 1759 1673 quod
1780 1615 1930 1660 eadem
1948 1616 2139 1660 coelestis
2161 1617 2302 1673 patria
2326 1618 2598 1673 exprimitur,

1349 1700 1438 1731 non
1460 1683 1662 1734 discedis.
1696 1687 1849 1733 Nonne
1882 1689 2054 1734 videtur
2084 1689 2163 1733 tibi
2201 1690 2247 1734 in
2284 1690 2368 1734 hoc
2401 1691 2601 1736 habItare

1351 1760 1526 1817 templo,
1551 1760 1626 1818 qui
1652 1761 1788 1806 dicit:
1816 1759 1978 1805 Nostra
2007 1762 2262 1806 conversatio
2299 1762 2341 1806 in
2364 1764 2475 1806 coelis
2500 1765 2600 1808 est?

1353 1832 1484 1890 (Phil.
1507 1846 1573 1886 ιιι,
1599 1833 1691 1890 20.)
1723 1833 1884 1878 Paulus
1907 1834 1978 1878 hic
2001 1841 2083 1885 est,
2103 1842 2238 1879 mente
2258 1834 2460 1879 excedens
2494 1835 2598 1888 Deo,

1351 1914 1389 1950 et
1411 1906 1574 1949 sobrius
1595 1906 1777 1950 existens
1794 1906 1912 1950 nobis
1934 1906 2020 1965 (11.
2040 1899 2206 1959 Coi-(v,
2229 1905 2298 1965 15)
2319 1924 2329 1952 z
2358 1921 2484 1964 quem
2506 1922 2602 1951 con·

1353 1978 1611 2022 resuscitavit
1632 1977 1857 2031 Dominus,
1876 1985 1916 2022 et
1937 1978 2158 2022 consedere
2178 1977 2278 2034 [ecit
2297 1980 2341 2022 in
2362 1978 2598 2023 coelestibus

1354 2049 1521 2107 (Eplees.
1560 2063 1617 2102 u,
1655 2049 1714 2108 6).
1744 2049 1938 2096 Audistis
1962 2051 2121 2107 itaque,
2147 2055 2191 2095 e't
2220 2051 2310 2106 jam
2346 2058 2394 2094 ut
2410 2051 2601 2106 arbitror

1354 2124 1641 2176 intellexistis,
1672 2115 1887 2180 quomodo
1919 2123 2160 2181 spiritualis
2181 2123 2303 2167 Anna
2334 2130 2484 2169 nostra
2518 2125 2598 2170 de·

1352 2196 1451 2240 beat
1473 2196 1696 2255 intemplo
1727 2198 1913 2241 morari:
1951 2198 2168 2254 quomodo
2185 2198 2321 2242 'etiam
2351 2198 2527 2253 J‘eJ‘uniis
2557 2206 2601 2243 et

1353 2269 1725 2315 obsecrationibus
1746 2270 1909 2319 servire
1932 2269 2086 2315 debeat
2110 2270 2185 2314 diev
2202 2282 2254 2313 ac
2285 2276 2431 2322 nocte,

1406 2340 1515 2386 xm.
1541 2340 1588 2386 In
1623 2342 1766 2398 primo
1787 2343 1946 2399 templo
1978 2343 2145 2386 habitat
2178 2355 2257 2400 per
2279 2343 2599 2387 venerationem

1351 2419 1394 2460 et
1417 2428 1563 2471 spem;
1588 2416 1634 2459 in
1651 2417 1844 2461 secundo
1866 2430 1939 2473 per
1966 2418 2134 2461 laudem
2159 2423 2202 2461 et
2226 2430 2395 2474 precem
2415 2433 2425 2471 ;
2448 2419 2490 2460 in
2515 2425 2601 2461 ter·

1351 2491 1411 2531 tio
1442 2502 1518 2544 per
1553 2490 1893 2535 ecclesiasticam
1924 2491 2130 2535 unitatem
2154 2496 2196 2534 et
2232 2491 2488 2534 catholicam
2525 2503 2600 2547 pa·

1351 2572 1442 2604 cem
1460 2576 1471 2614 ;
1498 2562 1541 2604 in
1559 2569 1717 2617 quarto
1740 2575 1817 2619 per
1839 2564 2068 2607 sollicitam
2091 2563 2395 2614 imitationem,
2415 2569 2458 2607 et
2477 2564 2590 2606 solli-

1351 2634 1481 2676 citam
1533 2637 1908 2681 conversationem
1934 2652 1945 2691 ;
1996 2637 2042 2680 in
2085 2637 2239 2693 quinto
2282 2649 2358 2692 per
2405 2637 2600 2693 egregias

1351 2707 1542 2751 actiones
1564 2725 1574 2752 z
1606 2709 1651 2752 in
1670 2715 1791 2753 sexto
1811 2723 1890 2769 per
1911 2710 2123 2756 internam
2148 2709 2375 2766 puritatem
2397 2723 2409 2762 ;
2449 2709 2493 2751 in
2529 2721 2599 2753 se⁸

1351 2779 1486 2834 ptimo
1500 2793 1577 2836 per
1601 2782 1928 2828 admirationem
1947 2788 1989 2826 et
2007 2789 2223 2841 stuporem
2244 2796 2260 2834 3
2281 2782 2325 2824 in
2353 2787 2505 2824 octavo
2523 2793 2599 2837 per

1352 2851 1598 2896 aviditatem
1632 2859 1675 2898 et
1713 2866 1923 2898 amorem.
1952 2853 1998 2898 Si
2035 2859 2175 2897 autem
2200 2854 2367 2909 singula
2392 2866 2486 2908 quae
2519 2853 2598 2895 ali—

1351 2925 1606 2979 quant-ulum
1627 2922 1805 2981 profuse
1830 2926 1876 2971 in
1893 2925 1965 2978 'his
1987 2925 2157 2970 duobus
2183 2925 2457 2969 sermonibus
2481 2925 2596 2967 dicta

1352 3003 1454 3039 sunt
1475 2998 1528 3041 de
1550 2998 1730 3043 muliere
1751 2998 1834 3042 hac
1857 2998 2073 3044 subtiliter
2098 2997 2318 3054 pensatis3
2342 2998 2379 3041 si
2397 2997 2597 3042 videlicet

1350 3068 1577 3124 diligenter
1592 3069 1705 3125 apud
1729 3082 1807 3114 vos
1820 3070 2100 3126 perpenditis,
2119 3069 2220 3125 quid
2243 3070 2297 3112 sit
2313 3068 2480 3117 Annam
2503 3082 2579 3113 vo-

1352 3141 1570 3194 caricam,
1583 3149 1626 3183 et
1641 3149 1739 3185 esse
1757 3142 2071 3199 prophetissam
2090 3155 2100 3184 :
2121 3139 2221 3196 quid
2244 3140 2369 3182 (iliam
2385 3139 2593 3190 Phanuel,

1350 3212 1463 3256 etde
1487 3213 1601 3256 tribu
1624 3212 1755 3267 Α53ι·;
1780 3213 1917 3269 quid*
1902 3226 1951 3256 ιιι
1968 3213 2120 3257 diebus
2142 3213 2291 3256 multis
2314 3212 2593 3266 processisse,

1323 3287 1394 3331 ‚2et
1434 3294 1458 3325 a
1493 3283 1740 3338 viuginitate
1779 3295 1876 3327 sua
1884 3283 2021 3328 annis
2057 3290 2220 3339 septem
2259 3294 2356 3325 cum
2391 3283 2482 3325 viro
2517 3294 2598 3325 suo

44 3361 202 3408 &solvi
226 3369 265 3404 ee
296 3376 383 3405 esse
417 3375 509 3405 cum
547 3361 714 3405 Christo
751 3361 883 3418 (Phil
917 3374 955 3412 1,
976 3361 1065 3418 23)
1105 3359 1270 3418 Iniegm
1297 3365 1347 3407 ῑ)
1350 3356 1593 3400 mansisse:
1626 3356 1728 3412 quid
1755 3356 1940 3413 denique
1972 3348 2024 3400 de
2047 3355 2204 3411 templo
2226 3366 2314 3398 non
2345 3354 2598 3398 discessisse

60 3433 174 3477 nima
191 3439 273 3484 est,
300 3445 397 3476 cum
415 3434 509 3488 ejus
535 3421 738 3478 momoria
762 3434 920 3476 munda
943 3439 1023 3484 est,
1042 3445 1140 3476 cum
1164 3435 1274 3476 ratio

48 3534 49 3537 =
88 3506 192 3558 rita,
230 3498 760 3550 cum-voluntas‘devota.
798 3505 985 3548 Roboret
1022 3505 1273 3561 memoriam

50 3579 245 3622 ''ectitudo
284 3578 556 3623 stabi-litatis:
594 3578 805 3622 illuminet
837 3578 1048 3621 rationem
1087 3577 1275 3632 cognitio

66 3651 262 3700 :ritatisz
303 3656 480 3694 exornet
515 3651 776 3697 volunta-tem
818 3650 985 3705 puritas
1016 3648 1271 3693 devotionis.

1 3752 5 3759 ι
79 3740 109 3761 ·ι
137 3731 182 3767 ut
203 3724 294 3768 haec
311 3725 620 3779 acquirantur,
645 3717 814 3778 oportet
843 3724 1030 3777 primum
1071 3728 1119 3765 ut
1153 3722 1265 3765 intir-

18 3851 19 3858 .
51 3794 163 3840 nitas
184 3796 438 3851 depellatur,
459 3809 553 3852 quae
577 3790 794 3840 memoriae
828 3796 937 3839 solet
965 3794 1098 3837 robur
1121 3794 1274 3836 debili-

6 3889 7 3896 *
51 3878 159 3913 re:
209 3868 364 3913 deinde
400 3875 446 3911 ut
491 3867 748 3924 ignorantia,
797 3879 892 3923 quae
923 3866 1104 3909 rationis
1131 3866 1275 3910 lumen

0 3954 9 3963 ¹
65 3936 296 3982 bscurare:
321 3939 564 3984 novissime
582 3951 698 3982 ‘vero
727 3944 776 3981 ut
794 3939 1040 3993 iniquitas,
1078 3949 1173 3992 quae
1198 3949 1274 3979 vo-

19 4000 20 4013 *
67 4013 214 4056 ntatis
251 4012 526 4070 munditiam¹
553 4010 884 4055 commaculare.
938 4010 1011 4053 Sic
1066 4022 1276 4054 succensa

0 4100 3 4107 >
60 4082 196 4141 nima,
235 4080 298 4128 sic
328 4085 456 4142 etiam
486 4084 654 4140 integra
683 4083 858 4134 effecta,
893 4088 1075 4126 conetur
1101 4093 1197 4126 esse
1235 4087 1280 4125 et·

16 4144 19 4204 ]
54 4153 243 4198 erfecta.
267 4155 478 4198 Perfectio
501 4156 594 4209 ejus
615 4155 658 4198 in
679 4161 861 4210 quatuor
880 4155 964 4196 illis
990 4154 1166 4197 famosis
1190 4154 1278 4197 vir-

19 4237 21 4257 <
57 4225 220 4278 usibus,
246 4240 354 4286 quas
374 4227 649 4282 principales,
673 4238 753 4269 'seu
779 4226 1017 4268 cardinales
1044 4225 1274 4280 appellant,

1 4300 18 4324 Υ·
65 4298 255 4343 misisti.
291 4298 529 4342 Perfectum
563 4299 774 4353 siquidem
811 4299 1008 4346 dixerim,
1048 4310 1142 4351 quae
1177 4297 1274 4346 seit,

0 4385 17 4419 η
71 4379 135 4414 uae
159 4369 332 4412 scienda
352 4373 451 4412 sunt
474 4374 515 4412 et
562 4368 605 4411 in
621 4368 863 4425 cognitione
879 4367 967 4410 veri
984 4379 1069 4409 non
1097 4366 1274 4421 caligat;

1351 3429 1527 3485 jeiuniis
1554 3434 1602 3473 et
1618 3429 1999 3473 obsecrationibus
2014 3427 2239 3472 serviendo
2264 3428 2333 3470 die
2367 3439 2417 3469 ac
2439 3434 2593 3469 nocte:

1357 3499 1417 3553 Si,
1441 3501 1634 3556 inquam,
1663 3501 1755 3545 haec
1778 3502 1923 3545 omnia
1953 3501 2148 3545 studiose
2168 3499 2453 3545 consideratis
2473 3513 2484 3541 ε
2508 3510 2596 3541 non

1354 3574 1579 3627 dubitatis,
1607 3575 1653 3618 ni
1691 3575 1831 3625 fallor,
1862 3575 1976 3631 quod
2007 3575 2137 3630 digna
2176 3574 2250 3624 sit,
2274 3585 2368 3628 quae
2392 3572 2489 3613 talis
2510 3577 2593 3619 est,

1355 3648 1632 3702 supervenire
1653 3647 1706 3689 ad
1723 3648 2011 3693 confitendum
2038 3646 2219 3690 Domino
2234 3677 2246 3698 ,
2271 3651 2313 3689 et
2334 3645 2593 3699 loquendum

1355 3718 1408 3761 de
1464 3718 1538 3761 illo
1579 3719 1781 3761 omnibus
1828 3718 1902 3773 qui
1962 3720 2212 3772 exspectant
2256 3715 2593 3770 redemptionem

1355 3783 1503 3832 lsrael.
1543 3788 1615 3833 Sic
1646 3790 1759 3833 enim
1792 3790 2010 3845 postlimc
2038 3789 2208 3839 omnia,
2236 3800 2331 3843 quae
2369 3800 2506 3842 usque
2540 3787 2594 3829 ad

1355 3862 1470 3905 hunc
1493 3862 1633 3905 locum
1657 3863 1950 3917 exposuimus,
1975 3861 2027 3903 de
2048 3873 2097 3902 ea
2119 3860 2391 3914 subjunctum
2416 3865 2508 3902 est:

1411 3928 1520 3978 XYV.
1550 3933 1601 3976 Et
1636 3933 1721 3976 hoec
1750 3934 1842 3988 ipsa
1871 3933 1974 3975 hora
2007 3932 2292 3986 superveniens
2323 3927 2594 3984 confitebatur

1356 4006 1548 4057 Domino,
1574 4012 1614 4047 et
1641 4004 1882 4060 loquebatur
1899 4003 1948 4045 de
1961 4003 2033 4044 mo
2052 3993 2258 4051 omnibus,
2285 4001 2356 4057 qui
2385 4007 2593 4054 exspecta-

1357 4077 1455 4121 bant
1477 4074 1792 4129 redemptionem
1823 4073 1959 4116 Israel
1977 4071 2095 4130 (Luc.
2122 4083 2170 4123 ιι,
2194 4071 2282 4127 38).
2315 4069 2441 4113 Prius
2464 4071 2593 4111 confi.-

1355 4150 1525 4193 tebatur
1545 4147 1725 4190 Domino
1743 4161 1753 4199 ;
1773 4153 1812 4189 et
1836 4151 1932 4201 post
1950 4146 2038 4188 haec
2054 4144 2310 4200 loquebatur
2330 4143 2381 4185 de
2397 4133 2484 4184 illo.
2505 4140 2591 4182 No·

1356 4219 1637 4264 lumusmodo
1653 4217 1724 4260 diu
1743 4218 1794 4261 de
1818 4217 1898 4259 hac
1920 4217 2013 4270 ejus
2036 4216 2152 4271 loqui
2173 4213 2473 4265 confessione:
2497 4217 2588 4253 tum

1355 4295 1455 4349 quia
1493 4294 1536 4334 in
1572 4291 1858 4339 sermonibus,
1900 4302 2008 4344 quos
2039 4289 2082 4331 in
2115 4287 2306 4331 Adventu
2343 4284 2593 4332 habuimus,-

1359 4364 1479 4413 satis,
1508 4368 1553 4405 ut
1581 4361 1706 4404 nobis
1729 4366 1832 4403 tunc
1852 4361 1991 4404 visum
2019 4359 2113 4409 suit,
2140 4358 2317 4412 prolixe,
2344 4355 2395 4398 de
2417 4353 2591 4397 coeles-⁴
