2924 4588
55 157 135 202 'm

711 151 782 201 ,DE
811 146 1141 195 'rmrAttrt‘ro
1173 143 1588 198 Tamannouna
1619 175 1675 184 --
1700 152 1842 198 PARS
1871 152 1940 199 m.

2527 159 2605 203 778

54 246 214 297 erudit3
262 243 461 299 accipitur
504 241 606 285 tides
638 245 773 285 recta.
815 240 969 285 inillis
993 253 1092 285 vero
1115 256 1131 284 ι·
1155 240 1289 284 Lava·
1311 247 1346 293 Α
1367 242 1534 299 itaque,
1553 248 1600 285 ut
1628 245 1828 299 superius
1859 245 2022 289 dietum
2054 250 2139 297 est.
2177 250 2390 290 secretum
2428 245 2609 291 interna,

54 316 171 367 utini,
202 313 343 357 natandi
363 320 490 356 estote
509 311 616 370 (Iso.
653 322 684 364 ι,
714 311 800 368 16),
830 311 989 368 quibus
1022 312 1205 356 clericos
1225 313 1292 355 in-

13 435 15 438 ,
53 389 194 439 struit,
232 386 485 442 exprimitur
526 385 612 428 vita
655 389 828 437 sancta;
864 384 964 439 qula
1006 389 1096 429 tota
1131 385 1176 428 in
1209 385 1293 428 hoc

8 471 9 480 ¹
54 463 296 508 sanctorum
320 458 564 514 praedicatio
595 457 808 508 consistit,
831 461 880 499 ut
912 462 954 499 et
988 454 1292 501 recte‘crcda-

51 521 163 582 mus,
203 537 247 577 ot
291 536 438 575 sancte
474 531 684 575 vivamus.
723 528 850 573 Juxta
891 529 1157 586 prophetiam
1189 541 1292 573 vero

51 606 144 660 ejus
169 604 276 647 duos
299 607 482 659 primum
508 601 667 656 gradus
690 613 802 657 pono
823 615 833 643 :
851 602 953 656 quia
977 601 1072 644 duae
1109 607 1210 645 sunt
1248 602 1292 644 in

0 673 1 721 j
50 676 261 733 Propheta
294 675 367 718 illo
406 682 584 724 naturae,
623 675 826 718 divinitas
857 679 898 717 et
939 674 1198 718 inmanitas.
1240 673 1292 716 Et

46 734 167 805 juxta
202 750 278 791 hos
302 749 426 799 duos,
464 749 570 791 aiios
593 752 682 791 tres
700 745 859 802 gradus
890 756 1028 801 pono;
1058 745 1156 802 quia
1181 746 1294 790 sicut

0 872 1 875 Ἴ
50 821 92 867 in
114 813 166 865 eo
201 820 294 863 duae
331 827 509 871 naturae,
536 820 598 862 ita
635 818 678 861 'et
710 824 799 862 tres
830 818 1030 862 essentiae
1058 833 1067 860 :
1093 818 1288 871 verbum,

49 904 166 943 earo,
188 899 229 936 et
245 890 401 936 anima.
428 892 509 936 Per
533 890 695 936 medios
724 902 821 935 vero
845 891 952 935 istos
976 890 1136 944 gradus
1156 902 1290 934 unum

0 996 2 1007 ι
48 966 244 1024 gradum,
272 968 346 1022 qui
368 966 540 1010 eosdem
564 965 724 1021 gradus
745 965 995 1015 intersecat,
1023 964 1166 1018 traho;
1190 965 1291 1021 quia

48 1030 135 1084 non
158 1039 240 1083 nisi
265 1051 349 1082 nna
374 1051 474 1094 pars
507 1045 573 1082 est
603 1037 810 1082 Dominus
835 1043 982 1080 noster
1014 1036 1139 1081 iesus
1161 1034 1290 1079 Chri-

52 1197 161 1228 unus
190 1183 377 1227 creditur
402 1182 535 1225 Filius
560 1182 649 1234 Dei,
676 1189 717 1226 et
743 1182 853 1226 lilius
888 1181 1089 1233 hominis,
1132 1181 1292 1224 Media-

48 1263 116 1301 tor
138 1257 208 1299 Dei
235 1259 275 1299 et
315 1255 515 1303 hominis,
543 1255 654 1298 Deus
678 1261 715 1298 el
752 1255 896 1306 homo,
922 1253 1047 1298 Jesns
1071 1253 1286 1298 Christus.

47 1325 140 1372 Alia
156 1327 284 1369 etiam
310 1325 457 1376 verba,
484 1338 578 1381 quae
602 1324 654 1368 ad
694 1325 956 1375 sacerdotes,
1002 1325 1046 1367 in
1084 1317 1206 1368 labro
1243 1337 1291 1370 se

48 1400 238 1446 lavantes
259 1397 527 1455 diriguntur,v
558 1399 598 1440 in
622 1399 780 1454 quibus
803 1399 889 1441 vita
912 1403 1062 1440 sanctu
1086 1398 1291 1454 exprimi·-

44 1479 134 1522 tur,
157 1472 360 1528 gradibus
378 1472 595 1527 distinguo
618 1487 625 1513 t
651 1471 964 1519 sublevemini,
983 1483 1096 1526 pono
1110 1471 1290 1528 gradum

45 1543 203 1597 'unnim
222 1557 262 1589 et
286 1546 383 1595 sub,
412 1544 569 1594 mundi,
598 1545 753 1597 aliur-nu
779 1546 880 1601 quia
913 1546 948 1588 si
967 1551 1116 1590 sancte
1139 1552 1182 1589 et
1218 1557 1290 1590 re·

46 1617 194 1674 ligiose
218 1619 323 1661 vivex
336 1633 359 1662 e
376 1619 588 1668 volumus,
606 1623 778 1673 oportet
795 1627 1081 1675 summopere,
1103 1624 1149 1661 ut
1167 1619 1291 1674 juxta

46 1690 157 1747 quod
186 1697 331 1733 saneta
355 1703 434 1735 uos
457 1692 652 1736 admonet
675 1692 938 1747 praedicatio,
950 1698 996 1735 et
1018 1693 1225 1744 lavemur,
1248 1699 1291 1737 et

45 1762 194 1807 mundi
229 1774 325 1807 esse
354 1763 627 1815 studeamus,
658 1765 702 1808 u't
721 1765 872 1808 sordes
904 1764 948 1807 in
971 1764 1096 1808 nobis
1133 1769 1292 1821 expur-

46 1844 193 1892 gemus·
226 1836 487 1890 proeteritas,
523 1845 564 1880 et
597 1849 915 1892 praecaveamus
955 1837 1138 1881 futuras.
1169 1837 1292 1883 Unde

45 1910 88 1966 et
105 1909 146 1951 in
172 1909 367 1951 oratione
391 1908 611 1952 Dominica
636 1910 819 1964 petimus
837 1915 885 1952 ut
907 1910 1033 1954 nobis
1054 1897 1196 1954 debita
1230 1910 1292 1953 di·

46 1976 285 2030 mittantur,
313 1990 428 2026 etue
456 1982 498 2023 in
523 1983 803 2027 tentat-ionem
839 1982 1096 2026 inducamur
1114 1981 1285 2039 (Mami.

33 2067 105 2105 Ὓι,
129 2054 209 2111 l2).
238 2054 297 2099 Es
321 2056 400 2098 alia
429 2068 526 2100 vero
552 2062 670 2110 parte
691 2056 993 2111 hujusversns
1011 2063 1108 2100 octo
1132 2057 1290 2113 gradus

49 2127 172 2180 tunm
195 2129 269 2184 qui
292 2130 336 2172 in
360 2129 665 2184 praedicatione
682 2141 775 2181 sua,
800 2141 886 2185 qua
910 2141 989 2173 nos
1019 2128 1072 2172 ad
1095 2136 1290 2173 sanctam

8 2222 10 2226 ·
48 2205 176 2247 vitam
197 2203 498 2257 praedicatores
521 2207 658 2246 sancti
680 2205 868 2247 excitare
889 2203 1170 2253 contendunt,
1191 2208 1290 2245 octo

50 2276 171 2322 nobis
208 2283 451 2331 proponunt
475 2291 484 2319 :
514 2276 848 2332 prohibitionem
864 2310 876 2329 ,
931 2276 1256 2332 praeceptionem
1273 2308 1288 2331 ,

49 2421 265 2474 lationem,
309 2424 699 2476 comminationem,
743 2424 1089 2479 promissionem.
1137 2422 1288 2467 Prohi-

48 2492 151 2541 bont
171 2508 355 2550 namque
377 2496 682 2553 praedicatores
701 2496 855 2548 sancti,
881 2496 1152 2553 praecipiunt,
1185 2508 1288 2540 con-

50 2567 220 2619 cedunt,
248 2570 525 2623 persuadent,
568 2570 820 2624 corripiunt,
846 2569 1138 2619 consolantur,
1171 2580 1289 2612 com·-

50 2641 281 2692 minantur‚
307 2642 580 2698 pollicentur.
621 2641 852 2686 Prohibent
876 2643 1005 2692 mala,
1038 2642 1290 2698 praecipiunt

49 2713 175 2767 bona,
203 2719 446 2760 concedunt
468 2717 623 2768 media,
656 2716 919 2773 persuadent
942 2715 1148 2773 perfecta,
1187 2728 1287 2760 cor-

49 2789 209 2846 ripiunt
242 2790 470 2845 inquietos.
503 2789 782 2832 consolantur
817 2789 1128 2845 pusillanimes,
1169 2800 1288 2831 com-

49 2845 267 2906 minantur
290 2873 439 2915 poenas
464 2859 638 2911 inferni,
673 2860 930 2916 pollicentur
966 2860 1119 2915 gaudia
1146 2861 1284 2914 regni.

50 2922 360 2980 Prohibitioncs
381 2934 424 2976 in
446 2934 546 2981 imo,
569 2932 875 2989 praeceptiones
894 2933 936 2974 in
959 2933 1085 2983 cliro,
1110 2943 1287 2975 conces·-

50 3005 189 3054 tiones
207 3007 256 3063 in
279 3009 422 3061 plano.
447 3006 750 3060 persuasiones
769 3006 811 3049 in
837 3016 1019 3049 summo.
1040 3005 1085 3048 ln
1111 3006 1195 3049 imo
1218 3006 1286 3049 vi·-

50 3076 219 3128 tiowm,
261 3093 304 3123 in
338 3080 790 3133 clivomandatorum.
823 3080 866 3122 in
900 3080 1027 3136 plano
1052 3080 1284 3131 licitorum,

50 3148 96 3211 iu
125 3163 290 3205 summo
329 3154 626 3203 consiliorum.
665 3152 718 3195 Et
743 3153 1036 3208 correptiones
1071 3153 1288 3209 pertinent

20 3211 290 3272 edwinum.
331 3225 646 3269 consolationes
687 3227 739 3267 ad
781 3225 919 3268 oleum
959 3223 1078 3280 (Luc.
1115 3237 1160 3274 x,
1194 3224 1283 3281 54),

0 3348 2 3350 Ι
53 3297 399 3345 comminationes
435 3296 486 3339 ad
525 3305 684 3346 vetera,
733 3295 1044 3353 promissiones
1082 3296 1133 3338 ad
1174 3309 1285 3340 nova

54 3366 214 3430 (Manli.
240 3381 337 3420 xlii,
363 3369 449 3426 52).
472 3368 615 3411 Prima
641 3368 726 3410 duo
763 3368 976 3424 pertinent
1001 3368 1054 3411 ad
1092 3366 1285 3410 Samari-

54 3515 266 3576 emiorum.
292 3515 355 3557 Ad
380 3515 542 3564 vinum,
567 3513 680 3569 quod
702 3514 889 3567 mordet;
916 3514 968 3557 ad
993 3515 1149 3564 oleum,
1170 3513 1281 3569 quod

56 3581 185 3634 foret:
227 3586 278 3630 ad
304 3591 446 3630 veteru
492 3598 585 3641 quae
609 3590 798 3636 terrent:
832 3586 885 3629 ad
916 3597 1044 3635 norm
1081 3598 1176 3642 quse
1209 3586 1285 3628 de·-

54 3651 220 3699 lentant.
241 3655 292 3698 Et
315 3657 405 3699 haec
439 3651 581 3700 deilla
622 3655 807 3711 imagine
850 3655 1001 3712 Moysi,
1035 3668 1129 3712 quac
1161 3662 1282 3699 extra

54 3710 275 3771 tentorium
306 3729 444 3784 posita
470 3733 564 3780 est,
588 3740 665 3783 per
691 3730 818 3784 quam
846 3729 1005 3779 exitus,
1032 3728 1102 3783 qui
1129 3730 1173 3770 lit
1207 3739 1283 3783 per

55 3802 354 3858 operationem,
376 3802 640 3858 designatur,
684 3810 809 3857 prout
834 3803 1065 3857 potuimus,
1095 3814 1178 3845 non
1206 3814 1283 3845 an-

55 3870 136 3914 tem
165 3873 274 3916 sicut
294 3873 535 3922 debuimus,
555 3873 756 3916 diximus.

516 3978 693 4025 CAPUT
726 3978 815 4021 XV

0 4087 19 4103 υ.
58 4063 206 4111 Deilla
233 4071 410 4125 imagine
439 4068 591 4126 Mopsi,
620 4083 724 4135 quae
742 4073 788 4112 in
820 4069 1084 4113 tabernaculo
1120 4069 1168 4110 de
1173 4070 1283 4115 nicta

94 4131 189 4173 ἐ3ι,·
211 4126 313 4168 etde
336 4125 495 4169 duobus
520 4126 682 4180 spatiis,
711 4125 918 4181 inquibus
950 4125 1104 4168 Veteris
1132 4125 1281 4168 lesta-

103 4183 228 4223 mcmi
262 4181 399 4224 clerici
422 4190 462 4222 ot
486 4181 582 4227 laici
597 4180 754 4235 depicti
776 4188 910 4223 sawt
932 4180 1137 4238 quomodo
1160 4181 1283 4231 juxta

102 4246 266 4279 sensum
289 4235 486 4280 moralem
509 4236 679 4280 debeam
701 4236 890 4292 intelligi.

112 4322 303 4370 CLXXII.
346 4326 533 4383 tenipus
569 4331 652 4378 est,
693 4332 741 4370 ut
772 4326 859 4382 jam
901 4325 954 4370 de
992 4326 1067 4369 illa
1100 4325 1282 4382 imagine

15 4441 18 4443 ,
62 4388 202 4453 mysi,
226 4399 381 4455 quaein
406 4398 563 4443 sancta
582 4397 746 4452 depicta
772 4398 825 4442 ad
853 4398 992 4454 ipsum
1013 4396 1185 4454 Moysen
1208 4410 1284 4441 su-

63 4468 194 4521 perius
216 4475 387 4534 ostensa
419 4475 484 4519 est
505 4482 636 4525 passe
672 4469 838 4521 referri,
865 4469 1147 4524 disputemus.
1185 4469 1283 4516 llaec

302 4547 511 4588 Pin-non.
550 4551 626 4588 ΓΧ
639 4549 807 4588 ΓῚἫΠ,

46 1119 154 1161 stus,
183 1112 256 1168 qni
294 1125 336 1154 in
376 1111 544 1154 duabus
574 1110 759 1160 naturis,
785 1112 829 1152 in
852 1110 1017 1153 unitate
1062 1109 1306 1165 suppositi,-

1370 314 1744 368 contemplationis
1777 315 1988 370 designat.
2025 314 2102 359 Hic
2135 316 2291 360 etenim
2325 315 2492 374 Moyses
2528 330 2607 361 vo·-

1370 397 1463 429 cem
1486 383 1655 428 Domini
1671 385 1725 428 ad
1746 398 1792 431 se
1816 387 2030 443 loquentis
2052 388 2106 433 de
2131 388 2273 433 medio
2306 389 2490 432 duorum
2513 391 2612 434 che·

1369 459 1500 502 rubin
1522 457 1662 511 audit3
1686 460 1881 510 verbum,
1917 460 2109 517 inquam,
2131 462 2224 517 eius
2247 462 2389 514 audit3
2415 463 2489 507 sed
2514 465 2610 507 nul-

1370 533 1456 576 lam
1475 532 1574 587 eius
1591 531 1790 584 sormam,
1808 533 1877 577 vel
1899 534 2084 591 speciem
2113 534 2251 578 cernit
2276 549 2285 578 :
2316 535 2414 590 quia
2439 536 2610 592 quando

1330 651 1333 654 ,
1370 602 1549 658 puritati
1587 603 1957 660 contemplationis
1987 603 2031 647 in
2058 610 2223 648 secreto
2253 611 2409 649 mentis
2445 606 2611 650 insisti-

1370 687 1484 726 mus,
1505 686 1654 719 aurem
1684 676 1857 731 quidem
1884 677 2029 722 cordis
2052 677 2105 720 ad
2133 677 2379 731 ineffabilia,
2419 692 2514 734 quae
2557 680 2610 729 ad

1369 757 1450 790 nos
1471 747 1565 791 sine
1587 746 1764 802 syllabis
1782 752 1823 791 et
1840 747 2117 798 dictionibus,
2153 749 2246 793 sine
2261 756 2378 793 motu
2400 750 2610 793 labiorum

1370 819 1504 862 verba
1523 819 1819 876 proferuntur,
1835 820 1904 877 pie
1921 821 2128 865 debemus
2151 821 2338 879 arrigere
2354 836 2365 876 ;
2390 823 2466 868 sed
2485 830 2611 868 cante

1371 890 1664 946 phantasticos
1688 893 1806 937 stulti
1824 893 1957 939 animi
1977 893 2128 938 oculos
2148 894 2366 947 claudere,
2388 907 2441 939 ne
2468 896 2511 939 in
2538 896 2610 940 illa

1370 963 1468 1008 luce
1500 965 1875 1022 incircumscripta
1915 966 2077 1022 aliquid
2113 979 2367 1023 corporeum
2391 968 2612 1024 conlinga-

1371 1049 1483 1081 muS.
1506 1037 1627 1082 Unde
1649 1045 1691 1082 ct
1714 1038 1845 1090 Elias,
1867 1051 1967 1083 cum
2002 1052 2118 1084 aurae
2142 1041 2250 1085 lenis
2287 1040 2459 1087 sibilum
2489 1043 2585 1086 andi
2600 1065 2612 1074 ·

1370 1114 1453 1162 ret,
1481 1111 1641 1153 vultum
1666 1123 1790 1154 suum
1811 1112 1940 1167 pallio
1957 1114 2177 1168 cooperuit
2196 1113 2290 1171 (111
2309 1113 2408 1171 Req.
2436 1127 2525 1169 xix,
2548 1116 2607 1172 5).

1370 1180 1421 1224 Et
1459 1195 1541 1227 nos
1566 1183 1742 1239 quidem
1774 1196 1890 1228 aurae
1927 1185 2036 1230 lenis
2066 1186 2238 1231 sibilum
2271 1188 2487 1238 audimus,
2512 1202 2610 1233 cum

1371 1253 1756 1311 incircumscriptae
1789 1256 1985 1300 veritatis
2022 1269 2218 1313 saporem
2252 1261 2611 1316 contemplatione

1372 1325 1512 1369 subita
1535 1326 1750 1376 subtiliter
1771 1326 2068 1383 degustamus.
2104 1327 2187 1373 Sed
2223 1338 2321 1385 post
2353 1343 2468 1374 aurae
2502 1333 2611 1375 lenis

1371 1397 1548 1440 sibilum
1575 1398 1744 1454 operire
1764 1399 1893 1454 pallio
1917 1400 2079 1444 vultum
2105 1407 2300 1447 nostrum
2319 1403 2540 1456 debemus,
2565 1411 2613 1449 ut

1372 1470 1419 1517 in
1434 1470 1526 1525 ipsa
1543 1470 1829 1515 subtilissima
1843 1474 2203 1529 contemplatione
2215 1477 2426 1529 veritatis,
2450 1485 2610 1534 quanta

1372 1541 1612 1598 ignorantia
1646 1550 1855 1600 tegamur,
1886 1545 2105 1591 humiliter
2140 1559 2440 1604 agnoscamus.
2466 1550 2610 1595 Vultu!

1371 1626 1556 1670 namque
1572 1616 1745 1672 pallium
1765 1617 2115 1673 superinducere,
2140 1626 2221 1672 est,
2239 1634 2293 1666 ne
2315 1622 2468 1667 altiora
2490 1637 2612 1672 metu

1371 1698 1564 1741 quaerere
1585 1686 1759 1739 audeat,
1783 1689 1895 1732 hanc
1917 1689 2263 1736 consideratione
2281 1694 2466 1750 propriae
2488 1695 2586 1739 inlir
2635 1726 2638 1727 γ

1372 1758 1535 1802 mitatis
1565 1761 1738 1803 velare:
1766 1767 1811 1803 ut
1841 1773 2110 1819 nequaquam
2148 1762 2436 1822 intelligentiae
2463 1770 2611 1813 oculos

1371 1832 1482 1875 ultra
1508 1845 1554 1876 se
1589 1834 1907 1890 praecipitanter
1929 1837 2117 1891 aperiat;
2156 1838 2230 1882 sed
2255 1839 2365 1891 hoc,
2391 1841 2506 1896 quod
2537 1855 2612 1898 ap—

1371 1905 1636 1960 prchendere
1673 1920 1758 1950 non
1796 1908 1923 1958 valet,
1959 1916 2204 1966 reverenter
2239 1912 2427 1958 claudat.
2479 1913 2613 1970 Igitur

1370 1977 1548 2019 verbum
1588 1977 1677 2027 Dei,
1723 1979 1836 2035 quod
1864 1978 1907 2022 in
1944 1988 2093 2024 sancta
2128 1976 2376 2027 sanctorum
2407 1982 2536 2040 438
2559 1985 2612 2028 de

1371 2049 1511 2093 medio
1547 2051 1730 2095 duorum
1771 2053 1981 2097 cherubin
2019 2063 2206 2109 resonat,
2235 2067 2258 2097 a
2294 2059 2612 2114 contemplante

1372 2122 1531 2180 Moyse,
1558 2124 1631 2180 qui
1655 2125 1698 2167 in
1729 2124 1884 2170 Sancta
1908 2133 2029 2170 extra
2053 2128 2194 2171 velum
2219 2135 2301 2184 est,
2323 2131 2515 2184 auditur;
2534 2133 2608 2176 scd

1374 2195 1508 2257 forma
1539 2199 1660 2242 abeo
1683 2199 1816 2250 nulla,
1839 2201 1905 2243 vel
1937 2201 2102 2256 specics
2142 2201 2325 2248 videtur.
2366 2203 2611 2261 Alloquitur

1372 2269 1483 2313 Deus
1509 2273 1886 2326 contempiatorem
1913 2273 2086 2330 Moysen
2107 2291 2117 2318 ε
2139 2281 2181 2318 et
2204 2277 2297 2320 sine
2317 2278 2447 2322 verbo
2468 2286 2611 2327 trans·-

50 2349 392 2400 conc'essioncm,
412 2350 755 2404 persuasionem,
775 2351 1108 2406 correptionem,
1133 2362 1290 2393 conso-
1311 2375 1343 2420 C
1371 2349 1525 2386 eumer
1557 2351 1787 2388 resonante
1821 2346 2011 2390 exterius
2047 2347 2169 2399 (licit,
2203 2349 2276 2392 ubi
2308 2362 2437 2408 supra
2474 2365 2521 2396 se
2567 2353 2609 2398 in

1369 2416 1513 2460 cordis
1549 2417 1826 2461 tabernaculo
1864 2419 2131 2464 includitur:
2158 2422 2261 2477 quid
2299 2424 2356 2467 sit
2380 2424 2423 2467 in
2455 2435 2611 2470 semet-

1370 2487 1481 2539 ipso,
1519 2490 1621 2544 quid
1656 2490 1699 2534 in
1733 2490 1900 2542 electis,
1924 2491 2025 2547 quid
2061 2493 2188 2536 etiam
2225 2495 2267 2537 in
2310 2497 2521 2551 reprobis.
2558 2498 2611 2541 Et

1369 2561 1487 2604 audit
1498 2563 1841 2635 contemplator
1855 2571 2002 2608 noster
2024 2564 2113 2609 Deo
2135 2567 2220 2613 sibi
2250 2567 2292 2611 in
2331 2580 2434 2613 autre
2452 2571 2608 2615 mentis

1368 2632 1433 2677 edi
1439 2639 1575 2685 cent-,e
1599 2633 1736 2689 ipsum
1765 2633 1991 2678 Dominum
2014 2649 2139 2680 suum
2174 2639 2216 2681 in
2257 2640 2400 2695 seipso
2436 2643 2608 2697 quidem

1367 2707 1543 2749 omnino
1565 2718 1660 2750 esse
1678 2707 2177 2764 incomprehensibilem:
2197 2710 2239 2754 in
2257 2712 2421 2765 electis,
2446 2716 2608 2758 amabi-

1368 2779 1476 2831 lem;
1508 2779 1550 2821 in
1575 2780 1788 2836 reprobis,
1812 2781 2062 2828 terribilem.
2093 2781 2140 2828 In
2165 2784 2307 2840 seipso
2329 2798 2513 2843 namque
2541 2789 2607 2831 in-

1368 2852 1800 2907 comprehensibilem
1821 2866 1867 2898 se
1882 2867 1977 2899 esse
2000 2855 2221 2902 evidenter
2259 2861 2470 2914 ostendit;
2506 2863 2606 2918 qnia

1369 2923 1523 2980 inipso
1547 2924 1689 2969 studet
1712 2927 2009 2984 contemplari,
2037 2930 2139 2984 quid
2178 2931 2234 2974 sit
2270 2931 2472 2977 discretio
2509 2946 2607 2992 per-

1372 2998 1533 3042 sonalis
1555 3005 1597 3042 et
1615 3000 1761 3043 unitas
1782 3000 2182 3047 consubstantialis⁴

1422 3086 1637 3132 CLXXlll.
1665 3088 2050 3146 Contemplationis
2074 3092 2126 3135 in⁴
2151 3105 2268 3142 atne,
2298 3095 2341 3137 in
2361 3094 2534 3139 interno
2562 3103 2606 3141 ct

1365 3165 1535 3205 secreto
1560 3162 1704 3205 cordis
1729 3163 2020 3215 tabernaculo,
2056 3165 2148 3221 ipso
2183 3177 2278 3209 eum
2303 3165 2389 3210 Deo
2412 3179 2490 3211 suo
2528 3181 2606 3224 per

1366 3235 1611 3280 unctionem
1629 3269 1640 3288 ,
1697 3249 1791 3293 quac
1834 3237 1959 3281 docet
2001 3237 2054 3282 de
2109 3239 2310 3283 omnibus
2365 3241 2604 3286 instruente

1366 3305 1409 3362 (1
1425 3304 1553 3350 Joan.
1582 3319 1629 3358 11,
1654 3308 1744 3365 27),
1765 3308 1884 3350 audit
1902 3309 1983 3351 tria
2003 3321 2098 3353 esse
2129 3310 2170 3351 in
2193 3310 2301 3365 ipso,
2333 3317 2375 3354 et
2400 3311 2490 3355 hacc
2520 3314 2602 3355 tria

1366 3391 1499 3422 unum
1517 3391 1633 3433 esse;
1656 3386 1698 3424 et
1713 3394 1846 3424 unum
1877 3393 1973 3425 csse
2006 3381 2094 3425 haec
2115 3383 2223 3436 tria;
2252 3382 2475 3439 ipsumque
2513 3386 2602 3427 ltaec

53 3444 189 3498 stilum
206 3455 218 3494 ἱ
237 3441 422 3485 secunda
449 3441 533 3484 (11¹⁰
561 3440 613 3483 ad
633 3440 827 3484 scrib-‘2¹¹¹
863 3441 1035 3484 doctum
1073 3441 1115 3483 5ss
1152 3453 1283 3497 regno
1310 3452 1344 3500 D
1364 3450 1464 3500 tria,
1485 3456 1525 3494 et
1552 3451 1648 3504 hoc,
1674 3464 1806 3495 unum
1823 3465 1934 3496 esse.
1955 3452 2083 3495 Audit
2107 3466 2265 3506 vocem,
2301 3454 2339 3497 ei
2370 3454 2423 3498 de
2458 3457 2600 3499 medio

1363 3523 1545 3567 duorum
1571 3524 1776 3568 cherubin
1800 3525 2012 3568 dicentem
2050 3528 2180 3568 essee).
2198 3529 2282 3569 θιὼ
2311 3526 2455 3582 (Αροο.
2475 3540 2504 3579 ι,
2528 3529 2594 3584 8):

1363 3600 1404 3638 et
1440 3595 1553 3651 quod
1590 3608 1613 3638 a
1656 3597 1773 3639 nullo
1803 3603 1884 3646 est,
1922 3602 1962 3639 et
1987 3597 2101 3652 quod
2133 3598 2189 3640 al>
2210 3597 2292 3639 alio
2310 3604 2391 3649 cst,
2417 3606 2457 3642 et
2483 3600 2598 3654 quod

1362 3669 1418 3711 ab
1438 3674 1620 3723 utroque
1647 3683 1657 3711 :
1688 3669 1878 3719 Patrem,
1917 3674 1958 3713 et
1983 3668 2154 3719 Filium,
2185 3676 2227 3712 et
2260 3668 2465 3725 Spiritum
2496 3683 2596 3714 san-

1362 3746 1478 3784 ctum
1513 3756 1522 3783 :
1556 3746 1597 3784 et
1637 3753 1982 3797 unumquemque
2025 3740 2204 3784 istorum
2242 3754 2338 3786 esse
2374 3741 2438 3793 id,
2480 3743 2595 3798 quod

1361 3813 1472 3854 alius
1497 3818 1562 3854 est
1590 3828 1598 3855 :
1634 3812 1709 3856 sed
1729 3813 1892 3855 nullum
1918 3812 2098 3855 istorum
2121 3824 2217 3856 esse
2240 3825 2354 3864 enm,
2390 3813 2460 3869 qui
2486 3815 2600 3859 alius·

1361 3890 1452 3934 est:
1478 3890 1524 3927 ut
1545 3897 1624 3928 nee
1641 3896 1790 3940 parum
1813 3885 2051 3940 proprietas
2075 3883 2382 3935 contundatur,-
2395 3899 2476 3930 ncc
2498 3888 2596 3932 sub-

1363 3958 1527 4002 stantiae
1557 3959 1698 4002 unitas
1734 3966 1968 4015 separetur.
2003 3958 2133 4002 Audit
2160 3960 2287 4003 etiam
2313 3971 2408 4003 eum
2433 3962 2592 4005 trinum

1361 4039 1402 4073 ct
1428 4044 1556 4074 unum
1594 4030 1792 4073 omnibus
1833 4030 2098 4085 superiorem
2133 4042 2244 4081 esse,
2273 4032 2456 4085 regendo
2484 4030 2593 4075 inse·

1363 4106 1534 4155 riorem,
1561 4103 1769 4160 portando
1793 4103 2054 4153 interiorem,
2074 4102 2287 4159 implendo
2303 4105 2558 4147 exteriorem
2579 4137 2589 4148 .

1362 4175 1669 4221 circumdando
1707 4176 1847 4218 omnia
1877 4175 2171 4229 disponentem
2209 4175 2411 4226 suaviter,
2438 4188 2592 4218 cursus

1361 4256 1617 4305 temporum,
1638 4255 1779 4290 motus
1800 4259 2043 4303 corporum,
2065 4253 2195 4291 nutus
2217 4247 2423 4291 mentium
2443 4262 2452 4290 ε
2477 4250 2604 4292 omn'u

1363 4327 1569 4365 creaturae
1591 4322 1723 4375 legem
1751 4321 2099 4371 constituentem,
2119 4319 2305 4375 pondus.
2327 4330 2589 4370 mensuram,

1362 4399 1404 4436 et
1436 4403 1699 4437 nnmerum:
1725 4390 1776 4434 In
1809 4403 1892 4447 quo
1915 4391 2098 4441 υἱυὶιπιιε,
2132 4403 2354 4441 movemur,
2382 4397 2423 4434 et
2449 4402 2591 4439 sumus

1364 4467 1473 4525 (Act.
1508 4478 1613 4519 xvn,
1646 4464 1732 4523 ΞΒ).
1758 4466 1883 4510 Audit
1905 4472 2128 4523 praeterea,
2147 4466 2245 4523 qnia
2272 4464 2595 4575 motgomnia,
