2924 4588
73 2971 78 2976 ’
121 2977 336 3027 constituti
375 2987 387 3017 .·

160 42 241 89 577

857 22 923 88 oi:
955 38 1160 91 eumue
1189 45 1260 90 m·
1285 26 1486 92 metro
1528 48 1779 97 CAuouie.
1807 51 1992 99 ruffin.

2645 62 2728 109 578

158 138 365 178 amatores
401 130 452 176 de
489 131 596 177 bono
620 131 778 178 Christi
814 133 954 188 odore,
989 125 1038 179 de
1065 135 1172 180 bona
1195 149 1410 181 conversa·
1433 142 1469 188 Α
1490 138 1572 182 rati
1595 140 1648 182 ad
1672 153 1844 186 omnem
1866 144 2130 189 voluntatem
2149 142 2283 199 illius,
2309 157 2395 190 non
2416 147 2506 203 §am
2527 147 2575 192 ut
2597 153 2727 207 servi,

158 206 269 249 tione
295 205 558 261 fraqi-antes,
588 218 670 250 non
703 206 810 250 sicut
828 208 938 252 servi
957 208 1033 252 sub
1057 208 1172 266 leqe,
1194 209 1266 253 sed
1294 210 1402 253 sicut

157 277 278 322 liberi
306 276 381 320 sab
412 278 552 333 qratia
576 278 808 324 constituti.
836 277 988 324 Oratio
1006 286 1072 326 est
1094 279 1235 326 Patris
1263 283 1402 327 nostri

154 351 271 395 circa
294 351 387 408 ipsa
415 357 606 396 extrema
630 350 805 408 Regula!
827 365 916 397 suae
934 385 947 406 ‚
970 354 1136 399 orantis
1156 367 1235 410 pro
1256 356 1398 406 nobis,

152 432 196 469 et
219 423 409 481 optantis
431 424 573 476 nobis,
598 423 772 469 Orantis
793 457 805 476 ‚
832 427 1008 482 inquam
1023 458 1036 478 ,
1062 438 1141 482 pro
1163 428 1289 471 nobis
1305 459 1316 479 ,
1351 433 1400 470 ut

154 497 307 541 horum
330 496 558 548 omnium,
601 509 697 554 quae
727 499 773 542 in
808 499 956 543 codice
993 498 1121 555 hujus
1163 501 1400 558 disciplinae

151 567 377 626 Regularis
411 569 571 625 scripta
597 575 730 622 sunt,
769 578 992 616 teneamus
1023 572 1394 627 observationem;

150 643 340 699 optantis
360 655 460 687 vero
475 644 600 688 nobis
617 676 628 694 ‚
653 650 702 687 ut
721 645 936 700 religiosae
957 645 1192 691 habeamus
1211 660 1396 692 conver-

151 717 330 760 sationis
367 716 666 760 sanctitatem.
698 717 915 774 Tanquam
949 719 1212 774 spiritualis,
1240 722 1393 777 inquit,

147 787 470 844 pulchritudinis
491 797 714 832 amatores.
740 789 1020 833 Pulcln’itudo
1039 824 1053 842 ,
1080 799 1126 835 ut
1149 793 1255 836 mini
1278 794 1397 838 vide·

149 866 244 912 tur,
289 862 525 918 spiritualis
559 867 625 906 est
648 864 856 906 virtutum
883 865 1170 920 spiritualium
1196 873 1392 919 ornatus,

147 945 234 990 quo
258 934 440 978 interior
470 934 540 977 ille
567 935 699 978 homo
720 966 732 986 ‚
778 941 928 979 noster
958 937 1139 993 spiritus
1176 938 1391 990 videlicet,

146 1003 390 1050 decoratur.
437 1005 582 1050 Bonus
606 1019 776 1062 quoque
798 996 906 1051 odor
934 1008 1093 1053 Christi
1129 1011 1182 1053 ad
1206 1013 1396 1054 testimo-

145 1078 264 1122 nium
295 1084 464 1135 spectat
504 1079 644 1131 bonae,
685 1086 726 1123 et
761 1082 929 1125 veracis
958 1084 1264 1138 conscientiae;
1307 1098 1392 1143 quo

144 1150 339 1194 eruditus
374 1156 416 1195 et
458 1151 699 1196 instructus
737 1152 1058 1209 deprehendere
1092 1157 1200 1201 solet
1243 1157 1387 1210 horno,

143 1225 247 1282 quid
270 1225 322 1269 de
339 1225 482 1282 seipso
504 1226 548 1269 in
563 1228 764 1282 praesenti
783 1228 921 1283 possit
941 1228 1155 1283 iudicare.
1184 1229 1260 1274 ilie
1286 1232 1392 1275 odor

143 1310 316 1344 suavem
332 1300 560 1344 admodum
579 1300 751 1344 Christo
770 1301 1047 1358 fragrantiam
1073 1302 1229 1355 reddit,
1255 1317 1393 1361 quan-

141 1372 196 1416 do
221 1373 385 1417 homini
401 1374 712 1425 testimouium,
738 1375 782 1417 in
806 1376 920 1418 omni
938 1375 1140 1430 veritate,
1165 1379 1392 1422 conscien-

141 1446 200 1488 tia
225 1444 420 1501 perhibet
444 1480 454 1497 ,
481 1447 597 1502 quod
621 1448 663 1490 in
690 1448 857 1494 eunctis
881 1449 972 1493 suis
1002 1451 1191 1495 motibus
1216 1452 1274 1494 illi
1311 1454 1392 1498 soli

140 1519 306 1574 placere
332 1521 613 1576 concupiscit.
638 1519 716 1564 Hie
741 1520 851 1565 odor
873 1521 917 1565 in
934 1522 1047 1567 bona
1064 1527 1389 1571 conversatione

140 1591 305 1648 fragat,
351 1606 448 1636 Qum
476 1594 604 1637 homo
637 1595 778 1651 qualis
804 1594 847 1637 in
873 1597 1042 1640 occulto
1067 1611 1211 1642 coram
1236 1597 1323 1642 Deo
1346 1601 1390 1644 in

40 1655 72 1709 f}
137 1667 403 1710 conscientia
428 1667 598 1718 latitat,
639 1669 766 1712 talem
793 1681 839 1712 se
864 1669 907 1712 in
933 1676 1082 1726 aperto
1120 1684 1264 1715 eoram
1290 1686 1389 1728 pro-

138 1739 256 1782 ximo
281 1740 323 1782 in
345 1753 476 1796 opere
502 1746 704 1784 ostentat.
743 1740 820 1785 Vel
844 1749 957 1786 certe
979 1744 1091 1786 bona
1117 1748 1388 1789 conversatio

46 1797 54 1806 Δ
137 1811 189 1855 ad
214 1812 482 1856 sanctitatem
505 1813 690 1868 pertinet
722 1815 934 1870 religiosae
957 1816 1083 1869 vit-533
1122 1818 1260 1861 bonus
1286 1832 1386 1863 vero

40 1863 46 1898 Ἰ
67 1878 79 1892 ”
124 1883 243 1927 'odor
266 1885 426 1930 Christi
451 1885 503 1928 ad
528 1886 786 1930 suavitatem
808 1887 933 1931 bonae
956 1888 1096 1932 lamae.
1126 1887 1178 1931 Et
1196 1890 1248 1934 de
1271 1892 1386 1935 bono

134 1953 293 2000 Christi
325 1956 481 2010 odore,
525 1957 579 2001 de
608 1957 722 2001 bona
761 1960 1095 2004 conversatione
1143 1961 1384 2018 fragramus

57 2046 62 2052 ·
132 2030 304 2085 quaudo
337 2036 379 2074 et
402 2030 445 2073 in
468 2031 554 2074 vita
579 2043 698 2088 purae
734 2032 959 2089 religionis
975 2034 1252 2080 'ostendimus
1283 2050 1384 2081 san-

52 2112 60 2130 1*
131 2102 322 2146 etitatem
342 2117 351 2155 3
381 2109 423 2146 et
446 2107 612 2157 sancte,
637 2114 689 2146 ac
713 2103 918 2160 religiose
940 2106 1125 2150 vivendo
1149 2109 1303 2152 bonam
1329 2110 1382 2154 de

129 2173 255 2218 nobis
281 2175 418 2230 longe,
440 2175 611 2230 lateque
631 2176 904 2221 extendimus
928 2178 1186 2234 opinionem.

186 2245 292 2290 xvi.
327 2246 448 2300 Quod
475 2260 575 2291 vero
599 2247 758 2299 innuit,
787 2262 876 2294 non
899 2252 1008 2295 velie
1032 2264 1079 2295 se
1102 2264 1182 2297 nos
1215 2252 1378 2298 similes
1402 2282 1432 2326 C

128 2330 223 2363 esse
247 2320 327 2363 sub
358 2320 449 2377 lege
481 2321 649 2376 servis;
693 2323 768 2368 sed
793 2323 941 2384 liberis
963 2324 1106 2381 potius
1130 2326 1210 2370 sub
1241 2329 1377 2382 gratia

54 2408 58 2412 -
127 2391 388 2444 constitutis,
420 2393 652 2448 conjicitur
675 2395 786 2440 velle
809 2411 820 2450 ;
848 2402 998 2441 utnon
1030 2411 1083 2442 ex
1108 2399 1278 2450 timore,
1299 2413 1378 2444 uec

126 2463 245 2508 inviti
267 2466 425 2508 malum
448 2467 715 2512 declinemus
735 2484 746 2523 ;
783 2471 858 2514 sed
881 2483 934 2515 ex
953 2483 1101 2516 autore
1120 2503 1132 2523 ‚
1158 2479 1201 2517 et
1223 2474 1377 2517 volun-

125 2539 223 2582 tarii
246 2539 406 2583 bonum
429 2540 654 2587 faciamus.
698 2543 806 2587 Nam
830 2543 997 2604 timere,
1022 2559 1246 2590 servorum
1269 2555 1335 2593 est
1362 2564 1372 2602 ;

123 2618 165 2656 et
187 2615 310 2668 quasi
342 2616 422 2658 sub
453 2615 545 2671 lege
569 2623 747 2672 gemunt
789 2619 863 2675 qui
887 2619 1011 2664 inviti
1055 2632 1080 2663 a
1104 2622 1218 2664 malo
1254 2633 1376 2666 rece-

122 2684 245 2729 dunt.
271 2685 381 2729 Vera
405 2699 576 2743 quoque
600 2689 778 2732 libertas
800 2722 812 2740 ‚
850 2691 942 2745 ipsa
971 2691 1162 2735 charitas
1194 2697 1276 2736 est.
1321 2692 1375 2736 Et

52 2759 54 2762 ’
99 2812 102 2815 ¹
122 2757 197 2800 sub
219 2759 358 2813 qratia
382 2760 622 2810 constituti3
658 2762 740 2804 hoc
767 2768 849 2813 est,
872 2763 917 2805 in
935 2763 1157 2808 alacritate
1179 2763 1274 2807 latae
1293 2778 1372 2807 vn·

44 2843 50 2850 ·
122 2828 298 2873 luntatis
320 2861 330 2879 ,
366 2829 479 2884 quod
504 2830 662 2873 honum
694 2837 761 2875 est
785 2833 1001 2887 amplecti.

46 2867 47 2871 ,
1053 2831 1172 2885 Νοη,
1214 2835 1370 2890 inquit,

60 2930 69 2934 >
120 2904 227 2944 sicut
274 2903 379 2945 servi
419 2902 493 2945 sub
528 2904 642 2958 leqe,
688 2904 759 2947 sed
798 2905 907 2947 sicut
953 2904 1072 2947 liberi
1109 2905 1185 2948 sab
1232 2909 1370 2963 qratia

434 2974 489 3026 Ut
530 2988 619 3020 non
654 2979 884 3030 timentes,
930 2991 1007 3022 seu
1039 2978 1161 3021 inviti
1208 2981 1369 3024 malum

59 3039 61 3042 ’
121 3046 402 3103 deseramus;
432 3047 520 3092 sed
549 3050 677 3094 eorde
717 3050 896 3095 dilatato
919 3051 1033 3095 viam
1061 3053 1367 3097 mandatorum

121 3121 214 3176 ejus
268 3123 313 3164 in
366 3124 648 3169 exsecutione
696 3125 881 3180 justitiae
924 3129 1186 3177 currentes,
1233 3125 1368 3178 sacia-

51 3242 54 3243 ,
120 3207 217 3239 mus
254 3196 521 3241 voluntatem
557 3197 652 3253 ejus
698 3199 830 3242 corde
876 3197 1096 3254 perfeeto,
1135 3203 1178 3243 et
1219 3200 1365 3249 animo

13 3257 17 3305 ζ
60 3255 73 3314 J
120 3267 296 3311 volenti.
337 3267 446 3312 Sunt
493 3269 640 3326 itaque
685 3271 818 3314 verba
858 3271 988 3326 ejus,
1032 3271 1076 3314 in
1120 3272 1274 3327 quibus
1324 3282 1364 3317 et

1483 221 1507 253 a
1525 211 1635 256 faeie
1655 211 2060 280 Dominitimentes;
2080 219 2156 263 sed
2177 219 2231 263 ad
2252 216 2412 274 Pati-Is,
2439 229 2486 264 ut
2503 221 2597 275 filii,
2617 237 2730 280 prae·

1482 283 1664 328 sentiam
1689 276 1972 342 suspirantes.

1535 355 1664 400 xvn.
1700 356 1755 400 Ut
1789 351 1926 405 aetem
1958 361 2001 403 in
2035 361 2110 404 hoc
2139 361 2307 415 libello,
2343 365 2466 420 quasi
2488 366 2530 407 in
2563 366 2728 422 speculo

1477 429 1646 481 possitis
1673 419 1890 484 inspicere,
1923 446 1973 475 ne
1994 445 2064 487 per
2088 434 2332 478 oblivionem
2354 437 2514 492 aliquid
2542 439 2727 496 neqtiya-

1479 500 1700 550 tis‚sen1el
1721 503 1766 544 in
1784 503 2014 557 septimana
2041 505 2153 549 vobis
2178 506 2352 563 ὡραίαν.
2379 507 2492 553 inter
2516 510 2630 554 bona
2644 523 2728 556 cae-

1479 578 1567 616 tera
1607 575 1694 618 duo
1738 551 1876 620 nohis*
1910 578 2197 622 conferuntur
2232 582 2418 638 insignia
2456 595 2533 639 per
2555 595 2725 629 sacram

1477 644 1719 699 lectionem,
1738 660 1834 703 quae
1857 654 2081 701 eteorum,
2105 665 2199 707 quae
2215 659 2392 697 eatenus
2414 654 2723 709 ignoravimus,

1475 719 1601 762 nohis
1624 719 1813 763 infundit
1844 723 2130 777 agnitionem,
2173 731 2215 768 et
2246 727 2498 770 memoriam
2530 735 2725 773 nostram

1474 789 1616 833 reddit
1642 797 1851 837 tenacem.
1887 792 2065 837 Confert
2088 796 2300 851 siquidem
2325 798 2451 841 nobis
2482 799 2724 844 claritatem

1476 862 1791 918 instructionis,
1830 870 1872 908 et
1894 864 2200 922 negligentiam
2236 868 2517 914 nihilominus
2550 871 2727 915 oblivio-

1474 935 1543 979 nis
1566 937 1750 980 alienam
1772 950 1795 979 a
1821 938 1946 982 nobis
1971 939 2112 983 reddit
2137 941 2371 985 assiduitas
2391 943 2537 998 hujus,
2567 945 2619 989 de
2637 957 2723 1000 qua

1473 1009 1705 1064 loquimur,
1730 1009 1946 1054 lectionis.
1987 1010 2040 1054 Et
2077 1012 2242 1056 ideirco
2280 1014 2405 1057 nobis
2440 1016 2565 1070 jubet
2594 1015 2723 1081 Pater

1474 1085 1622 1124 noster
1642 1113 1653 1132 ,
1681 1093 1773 1137 quae
1798 1083 1841 1124 in
1866 1081 1949 1126 hoc
1975 1082 2119 1127 libello
2146 1084 2308 1141 scripta
2334 1091 2434 1130 sunt
2454 1119 2465 1138 ‚
2511 1089 2642 1132 semel
2677 1090 2722 1132 in

1475 1154 1714 1210 septimana
1751 1155 1852 1211 legi,
1876 1168 1931 1199 ne
1973 1157 2111 1211 possit
2150 1169 2226 1213 per
2258 1158 2517 1204 oblivionem
2559 1161 2722 1218 aliquid

1472 1227 1662 1282 negligi;
1723 1227 1826 1283 quia
1886 1228 2002 1284 quod
2074 1230 2231 1285 saepius
2283 1230 2465 1286 legendo
2516 1232 2722 1290 frequen-

1473 1305 1632 1350 tamus,
1659 1299 1785 1344 facile
1815 1301 2016 1345 oblivioni
2042 1315 2129 1345 non
2157 1303 2385 1347 tradimus.
2429 1304 2551 1358 Quod
2577 1312 2721 1352 autern

1471 1371 1598 1428 309
1633 1373 1823 1417 libellum
1857 1374 1996 1425 hune,
2040 1375 2083 1417 in
2107 1387 2192 1430 quo
2229 1377 2439 1431 regutaris
2472 1377 2601 1433 liujus
2637 1379 2724 1423 dis·

1471 1444 1641 1499 ciplinae
1675 1444 1887 1488 institutio
1933 1446 2091 1501 scripta
2126 1451 2224 1497 est,
2264 1448 2441 1502 speculo
2480 1449 2717 1502 assimilat,

1469 1530 1740 1575 nequaquam
1782 1520 1864 1562 hoc
1888 1520 2155 1576 negligenter
2187 1521 2409 1576 praeterire
2442 1528 2593 1566 nostra
2620 1524 2719 1567 diu-

1469 1591 1611 1645 genna
1644 1590 1786 1634 debet.
1828 1589 1874 1634 ln
1910 1593 2086 1648 speculo
2111 1605 2282 1649 quoque
2320 1600 2515 1638 nostram
2558 1595 2718 1639 intueri

1469 1661 1623 1706 faeiem
1652 1664 1859 1714 solemus,
1884 1664 2065 1719 ejusque
2094 1677 2175 1709 nos
2212 1666 2454 1710 illustrante
2477 1669 2717 1725 perspicui-

1467 1741 1569 1786 tate,
1598 1749 1693 1792 quae
1727 1738 1769 1778 in
1799 1749 1850 1780 ea
1875 1743 1975 1779 sunt
2011 1736 2140 1787 soeda,
2186 1745 2228 1781 et
2264 1738 2446 1794 pulchra
2475 1740 2714 1797 deprehen-

1465 1808 1632 1860 dimus;
1669 1813 1711 1852 et
1736 1808 2002 1864 deprehensa
2042 1810 2184 1855 delere
2226 1812 2448 1856 studemus
2487 1812 2599 1856 soeda
2622 1846 2632 1864 ,
2674 1819 2717 1858 et

1431 1892 1435 1896 ’
1465 1893 1686 1924 remanere
1710 1882 1998 1936 permittimus
2034 1883 2230 1938 pulelnma
2259 1883 2313 1926 Et
2347 1885 2449 1941 quid
2491 1886 2573 1930 nisi
2613 1899 2713 1943 spe-

1464 1942 1607 1998 culum
1633 1967 1757 1998 sacra
1787 1954 1915 1998 lectio
1951 1961 2036 2007 est,
2073 1955 2143 1998 eui
2183 1956 2284 1999 dum
2308 1956 2593 2010 intendimus,
2627 1966 2712 2003 tam

1463 2035 1783 2083 nostra,quan1
1807 2028 1988 2071 aliorum
2008 2035 2051 2071 et
2074 2029 2203 2080 bona,
2226 2034 2269 2072 et
2291 2030 2436 2072 mala
2426 2031 2711 2087 inspicimus;

1464 2103 1658 2146 videmus
1699 2113 1884 2158 namque
1921 2102 1964 2144 iu
1996 2114 2088 2146 eam
2116 2115 2210 2158 quae
2232 2102 2275 2145 in
2299 2103 2426 2147 nohis
2455 2110 2553 2147 sunt
2571 2136 2582 2156 ,
2609 2106 2715 2148 vitia

1461 2188 1654 2232 quoque,
1682 2187 1777 2231 quac
1803 2186 1884 2218 nos
1920 2175 2174 2225 indecoros,
2202 2182 2243 2218 et
2270 2175 2481 2227 virtutes,
2515 2190 2610 2232 quae
2632 2190 2713 2222 nos

1461 2249 1643 2292 reddunt
1667 2247 1911 2301 formosos3
1952 2254 1994 2291 et
2018 2248 2173 2291 debilia
2219 2260 2314 2304 quae
2357 2249 2464 2293 alios
2490 2243 2711 2303 infirmos:

1460 2328 1501 2364 rt
1529 2322 1652 2365 sortia
1696 2334 1791 2377 quae
1828 2333 1901 2365 eos
1924 2321 2124 2366 exhihent
2167 2322 2386 2365 robustos.
2415 2321 2521 2366 Nam
2549 2323 2602 2366 de
2626 2324 2709 2377 his,

1459 2394 1503 2437 in
1545 2395 1639 2450 ipso
1671 2393 1850 2438 exordio
1881 2393 2060 2437 secundi
2096 2394 2193 2436 libri
2222 2393 2447 2437 Moralium
2482 2394 2601 2452 (504)
2621 2397 2712 2441 haee

1457 2464 1504 2509 B.
1547 2465 1742 2523 Gregorii
1783 2473 1871 2509 tam
1899 2466 2052 2517 nitida,
2100 2479 2229 2522 quam
2271 2479 2374 2510 vera
2414 2469 2545 2511 verba
2592 2478 2708 2515 sunt.

1457 2537 1673 2593 Scriptura
1725 2551 1850 2581 sacra·
1898 2539 2020 2594 quasi
2042 2537 2250 2594 quoddam
2304 2540 2514 2594 speculum
2561 2545 2708 2587 mentis

1458 2612 1755 2654 uostroeoculis
1789 2613 2029 2667 apponit-ar,
2085 2620 2129 2653 ut
2159 2613 2320 2654 interna
2343 2621 2487 2656 nostra
2509 2615 2637 2670 [acies
2666 2618 2709 2661 in

1453 2698 1502 2727 ea
1535 2684 1737 2727 videatur.
1792 2684 1851 2727 lbi
1886 2684 2044 2727 etenim
2074 2683 2213 2737 sueda;
2242 2685 2297 2727 ibi
2341 2686 2519 2740 pulchra
2558 2696 2707 2733 nostra

1454 2757 1772 2811 cognoscimus.
1807 2755 1869 2799 lbi
1915 2757 2127 2800 sentimus
2175 2764 2381 2812 quantum
2420 2760 2703 2816 proficimus;

1453 2829 1511 2872 ibi
1536 2841 1560 2871 a
1584 2829 1780 2884 proiectu
1804 2841 1932 2885 quam
1957 2830 2082 2885 longe
2106 2829 2334 2874 distamus.
2380 2832 2535 2877 Narrat
2560 2842 2705 2879 autem

1452 2907 1568 2958 gesta
1623 2903 1831 2954 virerum,
1867 2908 1910 2946 et
1953 2902 2006 2946 ad
2046 2903 2335 2948 imitationem
2372 2907 2503 2950 corda
2544 2921 2705 2964 provo-

1450 2982 1521 3019 eat
1568 2977 1855 3020 intirmorum.
1901 2976 2097 3034 Dumque
2140 2978 2311 3021 illorum
2346 2981 2543 3024 victricia
2588 2981 2702 3026 facta

1448 3056 1771 3102 commemorat,
1797 3057 1948 3094 contra
1981 3052 2185 3096 vitiorum
2222 3055 2368 3110 praelia
2413 3055 2569 3100 debilia
2621 3071 2700 3101 no-

1449 3130 1538 3166 stra
1582 3123 1824 3167 confirmat.
1850 3123 2003 3182 Fitque
2043 3125 2188 3169 verbis
2233 3126 2374 3179 illius,
2408 3135 2528 3172 uteo
2558 3130 2701 3175 minus

1447 3210 1568 3241 mens
1593 3198 1705 3241 inter
1731 3198 1966 3242 certamina
1991 3199 2201 3256 trepidet,
2230 3214 2316 3257 quo
2349 3207 2447 3245 ante
2486 3215 2532 3246 se
2579 3205 2699 3259 posi-

1445 3274 1513 3313 tos
1550 3275 1611 3313 tot
1648 3271 1838 3314 virorum
1883 3270 2062 3315 sortium
2104 3273 2347 3329 triumphos
2393 3274 2524 3318 videt.
2577 3275 2697 3319 Nou-

121 3346 215 3385 orat
249 3353 328 3397 pro
365 3343 521 3395 nobis,
572 3350 772 3400 etoptat
814 3345 965 3396 nobis,
1003 3345 1120 3388 hunc
1161 3346 1361 3389 habentia
1389 3344 1665 3401 Dnunquam
1710 3356 1814 3387 vero
1848 3356 1937 3388 non
1987 3343 2128 3389 solum
2161 3347 2285 3390 nobis
2326 3359 2473 3390 eorum
2515 3347 2698 3393 virtutes

121 3415 293 3457 modum
322 3430 331 3457 :
362 3414 492 3458 Donet
518 3424 654 3460 autem
683 3418 911 3469 Dominus,
947 3426 992 3460 ut
1026 3418 1247 3462 observetis
1280 3419 1365 3462 licre

13 3509 19 3517 ·
63 3473 70 3547 3.
121 3490 284 3539 enuntiat,
313 3496 508 3548 tanquam
537 3491 770 3547 spiritualis
793 3490 1117 3546 pulchritudinis
1158 3501 1364 3536 ornatores

11 3558 21 3614 ἦ·
68 3583 69 3586 =
120 3561 169 3606 de
192 3562 294 3608 bono
307 3562 462 3609 Christi
484 3563 623 3617 odore,
641 3565 691 3607 de
709 3564 815 3607 bona
839 3566 1145 3609 conversatione
1168 3566 1364 3622 fraqi-an-

14 3668 18 3675 .
68 3664 69 3667 =
123 3645 197 3690 tes,
224 3651 304 3681 non
326 3639 430 3681 sicat
452 3639 557 3682 servi
583 3637 657 3681 sub
677 3638 788 3694 le9e;
808 3638 878 3681 sed
898 3640 1004 3681 sicat
1022 3638 1141 3682 liberi
1167 3639 1241 3682 sub
1265 3654 1363 3695 yra-

124 3711 181 3751 tia
206 3710 435 3755 constituti.
479 3711 532 3753 Et
557 3718 703 3755 rectus
728 3710 899 3768 quidem
925 3710 1031 3754 ordo
1052 3712 1094 3754 in
1120 3711 1186 3754 his
1220 3712 1362 3755 verbis

123 3782 254 3827 illius.
296 3782 437 3826 i’rimo
462 3795 634 3839 quoque
658 3784 756 3838 pius
779 3794 860 3826 nes
882 3781 1060 3827 affectus
1086 3783 1259 3826 exhibet
1284 3797 1363 3839 pn·

122 3867 224 3909 ros;
252 3855 442 3899 secundo
475 3869 574 3900 vero
598 3856 896 3902 testimonium
931 3855 1206 3899 conscientia:
1239 3869 1361 3901 secu·

124 3939 197 3973 ros
217 3961 228 3979 ,
259 3935 301 3972 et
328 3929 438 3972 bona
465 3930 610 3985 opinio
649 3929 1006 3982 commendatos;
1050 3929 1176 3973 tertia
1217 3937 1360 3974 autem

125 3996 273 4055 sancta
312 4014 391 4045 nos
432 4003 572 4047 reddit
610 4003 882 4059 conversatio
924 4001 1081 4057 justos.
1121 4001 1358 4048 Novissime

122 4078 253 4124 certe,
277 4079 324 4116 ut
346 4075 388 4118 in
411 4082 565 4128 ornatu
588 4075 826 4119 sacerdotis
846 4106 857 4125 ‚
884 4074 1052 4118 caeteris
1087 4076 1250 4134 sanctis
1286 4088 1363 4119 ve-

122 4136 259 4190 stibus
277 4147 421 4190 casula
439 4151 773 4203 superponatur,
791 4159 868 4203 per
886 4140 1233 4191 excellentiorem
1247 4148 1360 4191 viam

121 4226 345 4259 curramus
365 4248 376 4268 ,
421 4205 561 4261 omnis
584 4217 972 4262 consummationis
998 4216 1189 4261 videntes
1214 4218 1360 4270 finem,

119 4287 251 4331 latum
277 4289 523 4333 mandatum
541 4286 709 4352 Domini
733 4292 867 4351 nimis
897 4289 1034 4346 (Psal
1062 4302 1121 4332 xi
1157 4289 1260 4343 96),
1284 4302 1364 4353 pa·

174 4361 290 4420 (504)
315 4362 360 4405 S
385 4361 572 4408 Guneus.
597 4365 673 4407 lib
698 4377 744 4417 u,
766 4376 804 4406 c.
832 4364 867 4406 1.

1448 3419 1603 3461 asserit
1629 3432 1640 3470 ;
1683 3416 1758 3461 sed
1796 3423 1837 3461 et
1878 3430 2007 3463 casus
2053 3417 2303 3470 innotescit,
2360 3425 2406 3462 nt
2459 3425 2502 3463 et
2547 3421 2590 3463 in
2637 3423 2698 3464 vi·

1446 3491 1583 3533 ctoria
1618 3489 1790 3533 sortium
1827 3491 2047 3544 virorum,
2075 3490 2190 3547 qued
2229 3492 2437 3534 imitando
2471 3494 2693 3549 arripere;

1445 3569 1487 3606 et
1544 3575 1718 3606 rursum
1769 3562 1995 3606 videamus
2043 3562 2086 3605 in
2135 3562 2345 3618 lapsibus,
2385 3563 2498 3618 quod
2543 3565 2695 3608 timere

1444 3634 1692 3678 debeamus.
1736 3633 1828 3678 Hoc
1852 3642 2009 3686 autem,
2035 3635 2149 3691 quod
2188 3635 2319 3678 modo
2359 3636 2559 3686 diximuS,
2597 3650 2694 3680 cum

1444 3707 1495 3750 de
1519 3707 1694 3762 speculo
1714 3713 2015 3759 tractaremus,
2045 3707 2145 3762 quia
2170 3706 2369 3751 videlicet
2387 3707 2499 3750 foeda
2524 3714 2692 3762 nostra,

1442 3792 1536 3835 quie
1578 3780 1622 3822 in
1659 3791 1711 3823 eo
1737 3779 2098 3835 deprehendimus
2122 3812 2134 3829 ,
2176 3781 2319 3825 delere
2361 3781 2610 3835 stu-demus;
2649 3789 2692 3825 et

1441 3853 1620 3908 pulchra
1658 3864 1881 3895 remanere
1903 3851 2207 3906 permittimus,
2235 3851 2281 3896 Β.
2307 3852 2538 3909 Augustini
2562 3855 2690 3897 verba

1441 3925 1662 3969 continere
1682 3923 1896 3975 videntur,
1924 3935 2018 3978 quae
2043 3923 2124 3967 hoc
2148 3924 2276 3968 modo
2299 3930 2539 3980 sequuntur
2566 3941 2575 3969 ε

1499 3996 1531 4040 Χ
1546 3995 1640 4039 νἫΙΙΙ
1683 3995 1734 4037 Et
1757 3995 1827 4037 ubi
1848 4007 1915 4037 vos
1937 3993 2168 4038 inveneritis
2193 4008 2257 4045 ea,
2274 4009 2364 4051 quoe
2398 3988 2553 4050 scripta
2575 4003 2690 4040 sunt·

1440 4074 1669 4133 facientes,
1695 4071 1803 4125 aqile
1859 4070 2018 4125 qratias
2059 4068 2236 4112 Domino
2278 4068 2475 4112 bonorum
2504 4069 2686 4112 omnium

1442 4145 1646 4201 larqitori.
1685 4142 1763 4184 Ubi
1807 4150 1943 4184 autem
1977 4142 2204 4198 quicunque
2241 4149 2422 4185 vestrum
2465 4139 2545 4184 sibi
2582 4140 2688 4183 videt

1441 4214 1599 4272 aliquid
1628 4214 1780 4264 deesse,
1803 4212 1939 4255 doleat
1964 4211 2013 4254 de
2039 4214 2265 4267 proeterito,
2289 4219 2430 4255 caveat
2454 4212 2502 4254 de
2527 4212 2684 4264 saturo,

1441 4291 1565 4334 ‘orans
1589 4295 1632 4331 ut
1660 4294 1697 4330 et
1726 4285 1905 4330 debitum
1934 4284 2012 4329 sibi
2050 4284 2315 4338 dimittatur,
2354 4294 2392 4329 et
2421 4285 2688 4349 intentatio-
