2924 4588
131 94 241 138 ¹305

777 91 1044 140 msroiua
1075 93 1466 147 scaenam—*ica
1496 123 1552 136 --
1554 72 1743 150 *uinea
1773 107 1788 150 ι
1819 109 2028 157 REGUM

2567 116 2594 162 1
2594 118 2680 164 506

129 199 146 225 ι
154 161 216 226 Et
233 182 332 238 quis
350 189 471 239 pater
484 182 700 227 θοιιιιιιῖι
717 182 852 238 Quasi
866 183 1010 229 dieat
1036 187 1155 231 solus
1173 185 1294 231 Deus
1296 194 1362 232 est
1384 193 1420 238 A
1441 194 1498 234 et
1507 191 1759 238 innovemus
1792 196 1852 240 ibi
1887 207 2082 253 regnum.
2093 208 2108 240 ι
2139 199 2191 243 Et
2226 201 2299 245 im.
2305 207 2490 246 nxerunt
2510 204 2641 248 Saul
2630 193 2675 250 ιιι

123 262 247 314 pater
265 250 590 320 prophetarum,
621 269 637 290 ⁶
646 264 702 303 et
738 247 927 312 Spiritus
973 256 1049 300 uhi
1088 258 1198 310 vult,
1226 260 1364 315 spirat

124 320 269 384 (loun.
291 327 377 383 ιιι),
407 341 424 368 ι
449 339 536 374 ιιοιι
579 323 764 371 tantum
792 329 840 372 in
886 323 1001 381 filios
1041 331 1362 385 prophetarum.

124 395 290 442 Exinde
313 406 486 442 versum
503 403 571 442 est
598 399 643 450 in
663 396 977 455 proverbium·
1002 416 1017 442 ι
1047 401 1157 445 Num
1180 409 1223 447 et
1262 403 1365 447 Saul

125 466 244 512 inter
260 461 521 536 prophetas.
506 469 526 499 ⁹
546 485 562 511 ι
604 469 727 523 Quod
754 470 867 515 forte
901 470 955 516 de
977 473 1070 534 solo
1097 472 1224 518 Saule
1246 475 1365 518 diee-

124 540 273 594 batur,
292 542 360 585 vel
382 541 435 585 de
455 551 716 598 quocunque
737 551 914 599 repente
932 531 1182 589 sublimato,
1214 545 1267 588 Et
1299 547 1367 590 in-

124 613 255 657 travit
270 613 325 656 ad
347 610 442 656 Ner
456 618 658 669 patruum
683 627 829 659 suum.
866 613 950 667 Qui
993 624 1092 660 eum
1141 618 1366 673 quaesisset

121 685 181 728 ab
197 695 250 727 eo
270 684 324 728 de
346 683 488 729 verbis
513 683 728 729 Samuelis
747 716 758 736 ,
789 685 843 729 de
865 686 998 730 verbo
1048 687 1171 742 regni
1211 688 1362 739 tacuit,

124 761 278 800 caetera
299 750 521 809 indicavit.
541 753 725 799 ‘Vocavit
763 761 906 800 autem
952 755 1125 800 Samuel
1160 758 1365 814 populum

123 828 170 872 ¹in
194 828 450 883 Masplia,4et
472 830 531 872 ait
555 829 608 873 ad
631 828 728 872 illos
756 844 768 873 z
795 844 811 871 ‹
843 828 963 874 State
985 842 1131 874 coram
1165 830 1364 885 Domino,

123 907 168 945 et
187 899 393 945 faciemus
414 901 546 946 sortes
568 911 642 957 per
673 894 829 955 tribus,
851 907 893 947 et
915 902 1117 956 familias,
1142 910 1184 947 et
1202 904 1362 959 capita,

123 979 168 1018 et
185 973 348 1017 invenit
367 986 464 1033 sors
485 973 627 1018 tribus
642 963 883 1029 Beniamin,
919 983 962 1018 et
983 976 1207 1019 descendit
1230 988 1367 1031 usque

124 1046 176 1089 ad
202 1045 304 1089 Saul
323 1046 455 1089 {ilium
477 1046 566 1090 Cis.
588 1061 602 1086 ι
625 1046 676 1089 Et
698 1047 890 1090 ereditur
910 1046 1368 1103 Samueltemperasse

124 1124 263 1163 sortes
278 1118 400 1173 juxta
439 1129 516 1162 eor
558 1128 700 1164 suum.
730 1119 881 1164 Sciens
931 1125 1074 1164 autem
1114 1120 1217 1164 Saul
1251 1121 1366 1176 quod

122 1197 405 1247 quaereretur,
429 1193 574 1244 latuit,
597 1195 720 1248 quasi
744 1194 898 1241 nolens
916 1194 1137 1250 suscipere
1155 1194 1368 1249 principa-

1445 272 1589 318 regem
1612 265 1834 309 seeundo
1823 280 1868 310 ιιι
1886 267 2076 324 Galgala.
2105 284 2120 312 ι
2141 269 2194 313 Et
2209 272 2268 314 ait
2288 271 2459 317 Samuel
2478 275 2528 319 ad
2545 288 2681 331 popu·

1443 330 1567 390 lum:
1593 331 1706 378 Ecce
1730 346 1806 378 rex
1834 337 2028 391 graditur
2047 344 2145 382 ante
2170 352 2262 383 vos.
2290 340 2354 384 Me
2373 341 2610 397 abjecistis,
2637 350 2680 388 et

1443 387 1704 448 Dominum
1695 413 1775 460 ,et
1806 408 1888 452 hoe
1908 410 2031 454 vohis
2058 411 2247 466 signum,
2270 414 2385 468 quod
2405 415 2523 458 dedit
2543 415 2683 459 Domi-

1438 488 1527 525 ,nus
1571 479 1696 521 vobis
1730 492 1874 535 regem
1917 481 1961 524 in
2002 482 2067 524 ira
2099 497 2110 526 t
2155 496 2254 528 ecee
2313 487 2466 530 messis
2511 487 2680 532 triticea

1443 554 1511 592 est
1529 550 1672 610 hodie.
1701 550 1915 596 Invoeabo
1938 553 2181 610 Dominum,
2206 564 2249 599 et
2271 558 2389 600 dabit
2427 560 2616 603 tonitrua
2640 567 2682 605 et

1444 623 1786 679 coruscationes,
1807 625 2039 680 grandines
2084 632 2128 670 et
2165 628 2333 682 pluvias
2357 628 2396 684 (Ι
2418 629 2516 685 Req.
2540 630 2634 687 xn).
2661 646 2678 673 ι

1444 690 1578 739 Etsie
1596 693 1834 740 factumest
1855 698 1999 740 statim
2023 703 2171 740 contra
2188 706 2383 742 naturam
2407 706 2531 743 terrae
2548 701 2681 745 illius.

1445 761 1498 806 Et
1520 765 1703 818 populus
1722 767 1964 811 timensai‘t
1988 783 1999 811 ε
2019 774 2045 808 ἰ
2070 767 2155 811 Οι·3
2178 781 2257 823 pro
2297 769 2433 813 servis
2472 770 2575 814 tuis.
2596 769 2684 813 Ad-

1445 834 1632 879 didimus
1646 837 1759 880 enim
1781 836 1970 894 peccatis
1987 839 2150 883 nostris
2170 841 2346 892 malum,
2370 847 2416 883 ut
2442 847 2684 897 peteremus

1446 906 1572 950 nobis
1595 920 1756 963 regem.
1800 909 1863 951 Et>
1895 911 1955 952 ait
1992 910 2162 954 Samuel
2193 927 2202 954 :
2249 910 2466 957 Peccastis
2497 927 2506 956 :
2552 913 2686 956 nolite

1445 979 1650 1035 deinceps
1673 981 1874 1025 recedere
1896 994 1921 1024 a
1945 981 2142 1032 Domino,
2179 989 2221 1026 et
2264 984 2418 1027 vivetis
2441 998 2451 1034 ;
2492 985 2685 1040 alioquin

1445 1051 1643 1106 peribitis
1662 1064 1755 1104 vos,
1776 1058 1817 1097 et
1844 1066 1918 1097 rex
1943 1061 2098 1098 vester.
2131 1071 2144 1096 ι
2170 1054 2303 1099 Filius
2328 1057 2455 1100 unius
2475 1058 2573 1100 anni
2593 1062 2686 1100 erat

1448 1121 1552 1165 Saul
1573 1135 1669 1166 eum
1693 1134 1872 1179 regnare
1894 1115 2113 1179 coepisset,
2133 1126 2174 1169 id
2191 1133 2257 1169 est
2275 1127 2451 1170 humilis
2482 1135 2686 1184 tanquam

1446 1195 1652 1248 parvulus
1674 1209 1684 1247 ;
1710 1195 1877 1238 duobus
1900 1202 2043 1239 autem
2082 1196 2207 1238 annis
2229 1198 2425 1251 regnavit
2455 1211 2585 1254 super
2619 1199 2683 1243 ls-

121 1270 231 1322 tum.
252 1262 387 1317 Quem
411 1265 628 1309 inventum
656 1272 900 1310 statuerunt
940 1266 984 1310 in
1023 1267 1164 1309 medio
1198 1267 1362 1322 populi,
1389 1260 1423 1302 B
1447 1266 1555 1317 rael,
1581 1266 1620 1308 id
1642 1266 1839 1321 estjuste
1859 1268 1971 1311 rexit
1994 1270 2197 1323 populum
2220 1270 2261 1326 (1
2289 1271 2386 1328 Req.
2416 1274 2525 1330 xiii).
2549 1274 2594 1317 ln
2618 1287 2687 1318 re-

126 1351 142 1378 ‹
172 1342 214 1381 et
234 1337 316 1380 fuit
339 1338 466 1381 altior
487 1337 701 1383 universis
727 1340 779 1383 ab
798 1340 978 1384 humero
1020 1346 1063 1383 et
1101 1351 1290 1383 sursum.
1314 1339 1366 1382 Et

121 1410 184 1454 ait
207 1409 379 1454 Samuel
402 1426 411 1455 :
438 1424 454 1452 ι
488 1407 596 1455 Ecce
618 1423 745 1468 quem
768 1412 899 1469 elegit
919 1412 1126 1456 Dominus
1146 1427 1156 1465 ;
1191 1425 1278 1455 non
1301 1419 1367 1456 est

120 1486 160 1531 ei
180 1487 333 1531 similis
356 1487 401 1529 in
420 1489 536 1530 omni
557 1488 733 1543 populo.
756 1486 808 1529 Et
829 1488 1086 1531 exclamavit
1106 1487 1246 1531 omnis
1289 1499 1366 1542 po,-

120 1559 249 1615 pulus
274 1573 284 1603 :
310 1558 436 1602 Vivat
460 1560 564 1603 rex!
588 1559 640 1601 Et
663 1560 840 1615 scripsit
861 1559 1035 1603 Samuel
1071 1560 1205 1615 legem
1225 1559 1364 1614 regni,

119 1632 164 1676 et
185 1631 287 1688 legit
310 1633 532 1684 universe,
556 1631 760 1677 audiente
794 1633 954 1688 populo
976 1638 1017 1675 et
1049 1645 1163 1686 rege.
1204 1631 1254 1672 Et
1298 1644 1367 1674 re—

119 1696 266 1762 posuit
291 1706 485 1748 lihellum
515 1706 557 1748 in
579 1706 877 1757 tabernaculo,
899 1706 1014 1761 quod
1037 1714 1128 1748 erat
1148 1706 1288 1748 adhuc
1323 1705 1367 1746 in

120 1777 299 1834 Maspha
320 1791 420 1821 cum
437 1771 580 1828 altari,
601 1783 643 1822 et
662 1779 884 1822 redierunt
904 1779 956 1822 ad
980 1779 1175 1834 propria,
1201 1783 1243 1820 et
1264 1777 1367 1819 Saul

120 1851 227 1894 abiit
249 1851 294 1895 in
323 1851 498 1894 domum
517 1865 637 1897 suam
656 1853 699 1895 in
723 1853 867 1896 Gabaa
889 1867 900 1906 ;
937 1852 1112 1908 quidam
1148 1865 1252 1895 vero
1291 1851 1368 1895 de-

122 1933 358 1979 spexerunt
378 1937 492 1976 eum,
514 1931 557 1967 et
583 1924 685 1968 Saul
705 1925 1024 1969 dissimulabat.
1055 1939 1068 1966 ›

107 1988 122 2051 J
178 1995 384 2039 *Addicio
417 1998 456 2042 1.
487 1998 756 2041 Sacrificium
780 1999 939 2042 dicitur
970 1999 1226 2055 ‚prandi-um,

121 2078 346 2127 paraverat
369 2070 543 2115 Samuel
569 2072 672 2116 illis.

177 2145 211 2162 ⁶*
227 2143 395 2187 Additio
417 2145 459 2188 ἢ.
476 2134 583 2187 Cum
610 2145 653 2188 in
670 2145 937 2190 multisloeis
951 2145 1210 2190 damnentur
1233 2146 1367 2190 saeri-

121 2212 301 2261 ficantes
321 2217 362 2259 in
383 2219 571 2268 excelso,
593 2218 697 2273 quid
716 2224 797 2268 est,
826 2217 942 2274 quod
990 2217 1164 2263 Samuel
1208 2219 1368 2262 dieitur

121 2288 391 2334 sacrificasse
416 2290 460 2333 in
483 2292 690 2335 excelso?
720 2290 845 2336 Solve
880 2307 891 2336 :
919 2291 1110 2335 nondum
1145 2298 1237 2336 erat
1261 2305 1362 2336 con-

120 2368 332 2405 structum
360 2363 586 2419 templum.

1252 1996 1366 2053 quod

121 2450 221 2495 Cn.
241 2449 333 2495 xil.
355 2451 413 2493 De
437 2451 567 2495 dvaas
592 2462 630 2496 et
652 2454 832 2498 secunda
857 2456 1047 2500 unctione
1086 2454 1246 2507 Saulis,
1274 2461 1366 2500 vost

455 2510 673 2552 victoriam
697 2517 844 2553 contra
862 2510 1057 2566 Αιιιιιιοιι.

181 2595 196 2620 ι
216 2580 395 2625 Factum
421 2588 487 2626 est
519 2587 679 2631 autem,
710 2583 834 2639 quasi
879 2589 975 2638 pest
1017 2594 1228 2635 mensem,
1251 2583 1365 2629 Naas

121 2650 389 2698 Ammonites
434 2655 601 2698 obsedit
636 2655 766 2699 Jabes
806 2655 965 2699 Galaad
1019 2655 1059 2711 (1
1093 2654 1188 2712 1139.
1233 2657 1313 2701 xil.
1346 2674 1360 2698 »

122 2724 316 2782 Cumque
331 2729 540 2784 petissent
560 2729 614 2772 ab
626 2742 676 2772 eo
692 2729 856 2773 obsessi
882 2729 1042 2783 foedus,
1058 2731 1148 2773 ait:
1178 2745 1192 2770 ‹
1221 2730 1266 2773 ln
1284 2730 1366 2774 hoc

99 2798 272 2855 ,feriam
300 2802 521 2852 vobiscum
547 2802 711 2854 soedus,
749 2810 794 2852 ut
826 2817 975 2848 eruam
1006 2804 1208 2849 omnibus
1246 2805 1365 2848 vobis

121 2872 273 2916 oculos
309 2872 501 2918 dextros.
529 2891 543 2917 ι
567 2875 638 2918 Eis
682 2876 795 2919 enim
835 2888 945 2931 quos
998 2874 1111 2918 bello
1153 2876 1363 2931 capiebat,

121 2942 297 2990 dextros
319 2948 469 2992 oeulos
491 2949 686 2998 eruebat,
716 2956 761 2992 ut
809 2945 1011 2993 sinistros
1031 2944 1152 2994 scitis
1174 2949 1364 2996 celantes

121 3017 175 3060 ad
214 3019 372 3063 bellum
418 3019 559 3064 forent
604 3022 794 3067 inutiles.
845 3022 897 3065 Et
944 3023 1260 3079 responderunt
1285 3024 1323 3066 ei
1343 3037 1361 3067 Δι

126 3106 140 3132 ι
165 3089 361 3136 Concede
384 3093 510 3137 nobis
533 3101 695 3149 septem
735 3095 856 3148 dies;
890 3101 935 3138 et
959 3097 1178 3140 mittemus
1201 3097 1244 3141 in
1271 3108 1365 3139 om-

119 3174 198 3207 nes
221 3164 430 3208 termines
448 3164 608 3218 lsrael;
629 3171 670 3210 et
696 3167 733 3210 si
765 3179 851 3210 non
882 3154 1010 3210 suerit
1052 3168 1179 3211 nobis
1217 3167 1364 3211 desen-

121 3246 210 3286 sor,
234 3234 508 3290 egrediemur
552 3237 606 3280 ad
656 3244 712 3281 te.
733 3237 955 3282 Venerunt
986 3236 1130 3282 autem
1157 3238 1296 3281 nuntii
1321 3239 1364 3281 in

119 3304 264 3349 Gabaa
289 3305 449 3351 Saulis.
483 3324 498 3349 ι
527 3304 578 3350 Et
602 3321 700 3352 eum
731 3308 1003 3354 nuntiassent
1025 3311 1124 3362 hoc,
1153 3310 1267 3353 flevit
1289 3323 1364 3365 po-

119 3380 263 3436 pulus,
282 3371 433 3436 etipse
462 3379 853 3442 Saulkveniebatde
875 3395 979 3442 agro
997 3397 1184 3439 sequens
1213 3386 1360 3434 boves,
1392 3403 1422 3444 ῃ

119 3453 379 3508 etpromisit
401 3452 575 3498 Jabitis
598 3467 645 3499 se
681 3456 810 3498 tertia
851 3456 920 3499 die
952 3462 1184 3500 venturum
1215 3457 1278 3500 eis
1319 3458 1363 3499 in

120 3525 346 3576 auxilium,
393 3531 435 3569 et
456 3526 588 3579 jussit
624 3527 792 3583 aliquos
813 3540 981 3581 eorum,
1011 3542 1088 3585 pro
1112 3530 1269 3573 ducatu
1296 3530 1365 3572 iti-

91 3598 238 3660 ·neiis
282 3599 524 3651 sustinere,
570 3605 612 3643 et
652 3600 859 3645 divinitus
894 3601 1130 3657 inspiratus
1175 3603 1366 3650 concidit

120 3678 351 3727 utrumque
368 3672 520 3716 bovem
540 3672 582 3716 in
608 3673 747 3716 frusta
776 3706 786 3725 ‚
815 3680 856 3718 et
882 3675 1110 3720 comitatus
1124 3682 1189 3718 est
1208 3677 1250 3719 in
1273 3688 1364 3718 om-

120 3757 197 3788 nes
216 3746 426 3790 terminos
442 3745 590 3799 lsrael,
616 3748 765 3804 diceus
789 3763 799 3790 ε
832 3763 845 3789 ι
877 3746 960 3800 Qui
980 3761 1067 3793 non
1090 3749 1244 3792 exierit
1267 3755 1362 3804 post

0 3834 6 3845 .
60 3878 61 3882 Ἰ
121 3812 294 3872 Saulem
315 3822 357 3859 et
371 3815 631 3869 Samuelem,
648 3819 710 3863 sie
731 3818 952 3880 fietbobus
971 3821 1110 3876 ejus.»
1127 3821 1178 3863 Et
1200 3822 1363 3877 egressi

110 3889 223 3948 ¹sunt
247 3896 394 3931 omnes
417 3888 546 3944 quasi
573 3890 639 3932 vir
681 3903 811 3948 unus,
832 3898 1040 3949 trecenta
1076 3893 1211 3936 millia
1247 3893 1364 3936 viro-

121 3966 217 4017 rum
237 3971 248 4010 ;
269 3964 309 4019 et
325 3960 549 4004 constituit
575 3962 677 4006 Saul
701 3955 906 4020 populum
948 3965 1006 4014 in,
1022 3971 1110 4010 tres
1135 3971 1296 4021 partes,
1320 3972 1363 4011 et

7 4020 12 4027 ’
58 4062 65 4090 3
120 4028 344 4086 ingressus
360 4038 428 4090 est
451 4042 595 4090 castra
615 4036 657 4078 in
673 4037 819 4092 vigilia
861 4038 1087 4087 matutina,
1114 4044 1157 4080 et
1181 4049 1361 4093 percus-

121 4102 179 4147 sit
200 4098 383 4158 Ammon
412 4105 535 4162 plaga
559 4108 740 4164 glandi:
773 4123 787 4150 ι
813 4108 864 4151 Et
885 4109 943 4152 ait
964 4109 1148 4172 populus
1163 4109 1215 4151 ad
1241 4107 1361 4150 S·:ml

122 4160 228 4226 Quis
247 4183 312 4219 est
334 4178 409 4243 qui
432 4169 579 4224 dixit:
603 4178 699 4224 Non
724 4181 923 4237 regnabit
951 4180 1057 4223 Saul
1098 4192 1228 4236 super
1262 4193 1359 4224 nos.

121 4236 227 4290 Date
247 4248 373 4293 nobis
396 4256 443 4295 ut
460 4244 763 4296 interficiatur.
790 4252 842 4294 Et
866 4254 925 4296 ait
951 4252 1086 4297 Saul:
1113 4251 1207 4295 Non
1228 4253 1362 4297 inter-

59 4334 62 4344 1
122 4315 293 4360 fl‘cietu‘r
315 4321 530 4377 uuispiam
545 4318 702 4368 hedie·
692 4326 829 4381 ,quia
861 4326 963 4368 feeit
997 4325 1206 4369 Dominus
1235 4326 1361 4377 3313-

116 4384 434 4456 *leminlsraek
462 4393 593 4450 Etai't
629 4397 833 4443 Samuel:
881 4398 1042 4446 Eamus
1083 4399 1127 4443 in
1166 4397 1355 4454 calgala,

1447 1339 1577 1394 liquis
1599 1340 1725 1401 annis
1751 1341 1870 1396 regni
1892 1341 2017 1397 quasi
2050 1348 2260 1398 tyrannus
2298 1344 2395 1397 fuit,
2418 1352 2459 1389 et
2483 1358 2567 1389 non
2592 1359 2684 1389 rex.

1447 1411 1630 1465 Quidam
1656 1413 1738 1456 hoc
1759 1414 1904 1470 legunt
1926 1415 1980 1458 de
1998 1414 2193 1459 lsbosetli
2231 1416 2319 1459 tilio
2360 1417 2471 1472 ejus,
2494 1419 2687 1463 dicentes

1447 1498 1543 1529 eum
1563 1485 1810 1527 anniculum
1835 1498 1931 1530 esse
1954 1485 1997 1529 in
2022 1487 2237 1543 principio
2263 1490 2383 1545 regni
2423 1491 2606 1545 paterni.
2634 1490 2686 1534 Et

1447 1557 1498 1601 de
1520 1558 1672 1602 eodem
1695 1558 1857 1601 dietum
1877 1565 1946 1602 est
1967 1561 2079 1614 quod
2105 1561 2271 1605 duobus
2285 1562 2408 1606 annis
2431 1565 2622 1618 regnavit
2645 1566 2688 1606 in

1446 1628 1594 1684 lsrael,
1620 1631 1735 1686 quod
1759 1636 1901 1674 autem
1926 1631 2098 1676 duobus
2119 1634 2243 1677 annis
2279 1635 2471 1690 regnavit
2494 1635 2687 1679 lsbosetli

1446 1710 1613 1747 certum
1635 1709 1715 1755 est,
1738 1704 1851 1759 quod
1890 1710 2032 1748 autem
2070 1707 2298 1750 anniculus
2333 1714 2463 1758 esset,
2505 1721 2599 1751 cum
2627 1722 2690 1751 rc·

1447 1787 1578 1831 gnare
1597 1777 1800 1832 coepisset
1826 1787 1945 1832 pater
1970 1778 2080 1834 ejus,
2108 1785 2224 1822 stare
2259 1791 2346 1822 non
2385 1786 2542 1834 potest.
2586 1779 2687 1823 Saul

1447 1851 1562 1892 enim
1587 1850 1759 1894 circiter
1775 1851 1929 1904 viginti
1950 1863 2085 1894 annos
2125 1852 2335 1907 regnavit.
2370 1851 2563 1896 Isboscth
2586 1866 2688 1897 vero

1447 1935 1634 1978 regnans
1674 1930 1772 1979 post
1814 1934 1978 1980 patrem
2027 1924 2115 1980 J'am
2160 1926 2529 1981 quadragenarius
2577 1934 2684 1972 erat.

1447 1995 1568 2047 Quod
1623 2003 1767 2039 tamen
1818 1997 1901 2052 ipsi
1947 1997 2234 2041 determinare
2284 2004 2497 2041 conantur
2543 1999 2689 2042 dicen-a

1448 2075 1514 2112 tes
1557 2068 1660 2112 Saul
1704 2069 1889 2124 coepisse
1924 2082 2106 2125 regnare
2138 2077 2251 2125 post>
2278 2070 2398 2124 Heli;
2440 2077 2482 2114 et
2523 2078 2688 2126 ponunt

1446 2143 1491 2186 in
1530 2154 1664 2198 regno
1720 2141 1862 2185 Saulis
1910 2155 2046 2186 annos
2096 2142 2324 2187 Samuelis.
2372 2143 2577 2189 Hebraeus
2624 2144 2688 2189 sie

1447 2214 1594 2257 hahet.

1403 2329 1417 2342 π
1446 2305 1547 2350 (λιιι.
1570 2304 1679 2350 xiil.
1711 2305 1831 2358 Quod
1878 2305 2049 2349 Samuel
2090 2307 2283 2360 proediaeit
2322 2306 2443 2350 Sauli
2470 2307 2518 2350 de
2549 2313 2689 2350 trans·

1893 2362 2047 2404 latione
2071 2363 2199 2417 requi.

1507 2431 1664 2475 «Filius
1690 2433 1819 2477 unius
1838 2434 1938 2475 anni
1959 2440 2050 2476 erat
2074 2433 2175 2476 Saul
2197 2437 2213 2452 ⁴*
2231 2448 2327 2478 eum
2341 2440 2453 2479 esset
2476 2435 2518 2477 in
2542 2448 2685 2491 regno,

1446 2510 1488 2545 et
1511 2503 1678 2546 ‹liiobus
1700 2505 1825 2547 annis
1857 2506 2065 2559 regnavit.
2105 2505 2242 2561 Elegit
2266 2507 2345 2550 sibi
2371 2508 2452 2549 tria
2476 2508 2609 2549 millia
2645 2509 2689 2549 in

1447 2573 1578 2619 lsrael
1604 2575 1646 2630 (I
1666 2575 1763 2631 Rey.
1794 2576 1920 2631 xiii),
1955 2593 1968 2616 ι
1993 2576 2034 2618 id
2058 2583 2138 2627 est,
2165 2590 2262 2620 cum
2285 2585 2507 2634 regnasset
2525 2589 2600 2633 per
2618 2591 2690 2620 an-

1445 2659 1549 2688 num
1574 2652 1615 2689 el.
1638 2654 1735 2702 post
1755 2647 1862 2689 duos
1883 2660 2034 2697 annos,
2062 2649 2184 2702 quasi
2201 2657 2298 2704 post
2320 2657 2405 2694 tres
2429 2663 2583 2703 annos,
2608 2651 2690 2693 ele-

1445 2720 1505 2773 git
1525 2719 1624 2770 sibi,
1649 2724 1731 2778 etc.
1762 2733 1776 2758 ι
1802 2718 1854 2760 Et
1894 2725 2017 2761 erant
2050 2721 2135 2762 duo
2175 2720 2309 2762 millia
2352 2734 2450 2763 cum
2498 2719 2600 2762 Saul
2643 2719 2687 2761 in

1446 2791 1665 2835 Machmas
1689 2792 1794 2834 etin
1823 2791 1967 2835 Betbel
1987 2807 1997 2842 ;
2018 2793 2133 2835 mille
2154 2799 2293 2836 autem
2319 2806 2415 2837 cum
2429 2793 2612 2836 Jonatha
2641 2793 2685 2835 in

1443 2864 1590 2910 Gabaa
1610 2864 1848 2920 Benjamin‚
1869 2881 1884 2907 ›
1907 2878 2000 2920 quae
2012 2866 2092 2908 fuit
2117 2866 2246 2910 urbes
2270 2867 2452 2912 Phinees
2474 2868 2548 2910 filii
2565 2867 2687 2911 Elea-

1445 2939 1550 2982 zari.
1584 2955 1598 2979 ι
1628 2939 1678 2981 Et
1698 2940 1911 2994 perc-ussit
1930 2940 2138 2983 Jonathas
2183 2940 2414 2984 stationem
2457 2941 2687 3000 philisthi-

1444 3025 1616 3062 norum,
1644 3025 1740 3067 quae
1761 3019 1854 3054 erat
1877 3012 1919 3054 in
1945 3011 2106 3064 Gabaa,
2139 3029 2153 3054 ι
2193 3014 2235 3057 id
2265 3020 2332 3057 cst
2373 3014 2513 3056 locum
2544 3003 2686 3056 muni--

1445 3094 1552 3137 tum,
1575 3087 1617 3128 in
1641 3098 1725 3140 quo
1739 3091 1975 3140 posuerunt
1996 3083 2232 3129 Pliilisthaei
2257 3086 2460 3130 custodes
2481 3087 2686 3142 tanquam

1443 3160 1716 3206 dominantes
1739 3161 1784 3202 in
1805 3159 1954 3210 lsrael,
1975 3166 2017 3202 et
2036 3167 2140 3202 tune
2159 3161 2295 3203 erexit
2314 3173 2359 3209 se
2380 3159 2511 3205 lsrael
2535 3162 2687 3204 adver-

1444 3245 1520 3277 sus
1542 3222 1822 3275 Phiii'sthiim.
1847 3231 1941 3284 Quo
1969 3232 2137 3284 audito,
2164 3232 2403 3276 philisthaei
2439 3235 2686 3293 congregati

1427 3310 1546 3361 ,sunt
1579 3305 1632 3348 ad
1657 3305 1936 3360 pugnandum
1979 3310 2131 3348 contra
2169 3303 2300 3348 lsrael
2341 3306 2517 3360 triginta
2551 3306 2686 3349 millia

1446 3390 1671 3429 curruum,
1693 3384 1735 3420 ct
1760 3390 1835 3420 sex
1879 3377 2011 3419 millia
2045 3378 2263 3432 equitum,
2295 3383 2337 3420 et
2361 3379 2515 3433 vulgus
2557 3379 2684 3421 innu-

1445 3449 1667 3501 merabile.
1696 3448 1747 3490 ,Et
1787 3448 2028 3491 ascendens
2048 3447 2149 3490 Saul
2189 3450 2234 3491 in
2276 3449 2449 3503 Galgala
2472 3462 2683 3493 convoca-

1444 3519 1503 3563 'wit
1527 3521 1730 3576 populum
1752 3526 1793 3563 ct
1819 3519 2062 3563 Samuelem
2096 3521 2149 3563 ad
2187 3521 2496 3563 consulendum
2539 3521 2683 3563 Domi-

1445 3607 1563 3637 num,
1589 3593 1641 3638 Et
1659 3606 1754 3636 eum
1779 3598 2048 3648 exspectaret
2069 3591 2311 3634 Samuelem
2333 3596 2494 3646 septem
2512 3591 2677 3641 diebus,

1440 3669 1560 3724 Juxta
1585 3667 1851 3715 condictum,
1879 3665 2072 3719 'dilapsus
2093 3671 2157 3708 est
2177 3665 2229 3706 al)
2254 3676 2305 3706 eo
2326 3665 2535 3720 populus;
2561 3669 2602 3707 et
2627 3664 2681 3705 ti-

1443 3744 1608 3782 mentes
1636 3752 1649 3774 τ
1674 3736 1993 3780 absconderunt
2012 3749 2057 3778 se
2077 3737 2119 3777 in
2140 3735 2373 3791 speluncis,
2391 3735 2488 3778 etin
2505 3734 2676 3785 abditis,

1443 3818 1484 3856 et
1510 3812 1553 3855 in
1572 3811 1724 3864 antris;
1742 3809 1908 3854 Hebraei
1935 3822 2103 3865 quoque
2122 3809 2382 3851 transierunt
2403 3806 2676 3850 Jordanem.»u

1442 3883 1624 3936 Quidam
1649 3888 1771 3925 erant
1806 3883 1850 3924 in
1885 3883 2033 3932 lsrael,
2063 3882 2126 3925 sie
2167 3880 2441 3935 appropriato
2472 3879 2682 3921 vocabulo

1442 3955 1565 3997 dicti.
1584 3954 1664 4007 Qui
1691 3967 1778 4008 prae
1795 3955 1950 3996 timore
1963 3953 2198 3995 creduntur
2217 3951 2493 3994 descendisse
2517 3952 2560 3993 in
2584 3963 2680 3992 cas-

1442 4036 1506 4071 tra
1531 4027 1791 4071 philisthiim
1818 4026 1871 4082 ad
1895 4026 2215 4080 obsequendum
2234 4025 2312 4068 eis.
2330 4024 2521 4078 Cumque
2547 4023 2682 4066 vidis-

1442 4108 1505 4143 set
1531 4100 1631 4142 Saul
1653 4111 1816 4145 moram
1839 4098 1921 4141 sibi
1945 4098 2195 4139 dauinosam
2218 4097 2398 4151 septima
2423 4096 2493 4138 die
2524 4094 2676 4137 obtulit

1441 4176 1738 4218 holocaustum
1761 4160 1803 4216 et
1835 4172 2027 4228 pacifica.
2053 4172 2249 4225 Cumque
2280 4170 2550 4224 complesset,
2576 4180 2677 4211 ecce

1442 4246 1613 4289 Samuel
1633 4246 1843 4295 veniebat,
1870 4251 1910 4286 et
1929 4255 2111 4299 arguens
2128 4242 2298 4284 Saulem
2325 4240 2382 4281 ait
2407 4254 2416 4280 :
2443 4254 2463 4285 ι
2491 4239 2600 4292 Quid
2616 4239 2679 4280 fe-

1427 4321 1568 4370 cisti?
1596 4319 1830 4374 Respondit
1864 4318 1967 4360 Saul
1994 4330 2004 4358 ε
2039 4316 2226 4371 Populus
2255 4313 2605 4368 subterfugiebat,
2632 4318 2676 4353 et

1440 4402 1483 4440 tu
1504 4409 1588 4440 nou
1613 4406 1795 4439 veneras
1818 4394 1939 4450 juxta
1959 4393 2138 4450 placitos
2163 4388 2281 4442 dies;
2309 4383 2428 4431 timui
2453 4400 2503 4431 ne
2527 4387 2675 4430 hostes
