2924 4588
266 138 279 178 l
291 135 373 179 363

1247 121 1407 171 Parni
1438 109 1785 165 coiiss'ronts

2710 117 2821 174 iao-i
2839 175 2845 181 ἢ,

263 230 467 273 nestram,
488 232 582 277 quae
610 224 699 263 erat
728 218 779 261 ad
820 217 1046 261 orlentem.
1073 215 1217 256 Altare
1241 224 1361 263 vero,
1387 210 1498 267 quod
1526 213 1557 256 Δ
1580 208 1698 252 basis
1740 205 1983 251 interrasile
2023 214 2131 257 erat,
2156 211 2198 249 et
2230 205 2272 258 in
2301 205 2520 261 juncturis
2558 207 2820 260 tabularum,

252 272 421 352 ⁸[ecerat
445 275 627 347 Moyses,
667 296 840 345 propter
881 286 1161 331 reverentiam
1188 285 1256 328 sui
1288 283 1330 325 in
1358 283 1500 338 aliqua

264 373 383 421 parte
416 365 512 408 atrii
544 357 809 406 reservatam
837 366 918 405 est.
952 359 1074 412 Quod
1107 358 1279 414 quidam
1326 356 1502 398 tradunt

262 440 320 489 ibi
345 436 648 494 permansisse,
665 444 802 488 usque
824 432 878 474 ad
898 427 1162 474 eversionem
1185 427 1328 482 templi
1344 426 1499 468 saetam

263 522 337 565 per
359 500 599 551 Romano&
622 505 709 547 lmo
727 504 853 547 etiam
877 510 1025 557 postea
1050 513 1146 544 cum
1176 499 1355 554 gentiles
1380 497 1502 539 habi-

262 585 460 625 taverunt
498 579 541 622 in
563 577 802 621 Jerusalem
828 576 1019 618 fecerunt
1061 585 1112 615 ex
1145 583 1196 613 eo
1230 569 1498 624 horologium

263 654 361 698 sibi.
400 653 459 695 De
502 652 595 694 loeo
627 662 728 693 vero
755 648 883 703 huius
907 646 1054 688 altaris
1077 678 1088 697 ,
1109 650 1150 687 et
1173 642 1389 698 quomodo
1415 641 1499 682 im·-

263 726 472 767 molantes
496 723 550 766 ad
572 723 681 766 latus
705 721 797 776 ejus
835 719 1106 762 immolarent
1138 727 1281 758 coram
1304 713 1497 763 Domino,

264 811 391 854 supra
416 799 519 841 satis
543 797 704 838 dictum
722 800 805 838 est.
826 780 959 835 Porro
985 791 1025 833 in
1053 789 1201 832 eodem
1226 788 1338 829 atrio
1355 785 1501 841 posuit

265 871 464 917 Salomon
481 878 769 911 mare-aeneum
788 861 1025 920 susileUII
1043 861 1140 917 Req.
1165 872 1255 910 vm
1278 857 1328 900 11
1348 857 1497 899 Paral.

264 943 340 1000 iv),
364 943 476 999 quod
502 954 579 984 nos
607 938 860 990 lavatorium
888 935 1029 978 dicere
1048 944 1296 989 possumus,
1320 935 1367 973 ut
1388 930 1433 972 in
1449 942 1501 972 eo

263 1016 506 1060 sacerdotes
531 1012 818 1057 ministraturi
843 1010 1067 1062 abluerent
1085 1006 1216 1062 pedes
1249 1011 1290 1048 et
1326 1016 1496 1047 manus.

262 1091 382 1141 Quod
397 1088 608 1143 Iosephus
625 1092 747 1129 vocat
759 1094 982 1127 cantarum
1002 1083 1214 1137 ingentem
1229 1080 1270 1126 in
1282 1078 1501 1122 schemate

262 1162 535 1219 hemispherii
556 1161 730 1210 sactum,
753 1158 877 1213 cnjus
893 1154 1073 1199 latitudo
1091 1154 1237 1197 decem
1256 1153 1499 1196 cubitorum

261 1241 352 1279 erat
375 1247 450 1290 per
489 1233 762 1280 diametrum,
793 1242 815 1272 a
851 1229 962 1278 labio
1000 1238 1138 1281 usque
1183 1226 1237 1270 ad
1277 1225 1438 1268 labium
1466 1226 1496 1267 ⁶.

261 1307 452 1351 Altitudo
480 1318 580 1349 vero
604 1311 696 1348 erat
719 1300 910 1359 quinque
931 1299 1175 1344 cubitorum
1197 1310 1220 1340 a
1247 1297 1378 1348 labio,
1415 1297 1495 1341 sci-

262 1382 362 1423 licet
391 1391 525 1434 usque
543 1377 593 1425 ad
611 1376 805 1426 fundum,
833 1371 1069 1435 spissitudo
1089 1383 1199 1416 vero
1210 1377 1301 1414 erat
1323 1375 1412 1413 tres
1435 1370 1500 1413 di-

260 1438 523 1510 gitorumgiu
552 1449 764 1507 superiori
798 1453 919 1504 parte
947 1447 1057 1498 adeo
1091 1444 1222 1488 latum
1247 1449 1356 1494 erat,
1387 1444 1499 1500 quod

265 1539 280 1566 ο
307 1524 509 1568 resticula
557 1522 731 1578 triginta
763 1507 1009 1564 cubitorum
1056 1517 1254 1578 cingebat
1290 1516 1393 1559 lllud
1427 1528 1503 1571 per

260 1597 550 1648 circumitum,
578 1612 590 1637 i
619 1596 693 1640 sed
722 1592 928 1651 paulatim
955 1594 998 1636 in
1023 1591 1235 1635 descensu
1274 1576 1501 1645 angustius

260 1671 405 1721 fiebat,
439 1671 544 1713 adeo
574 1677 618 1712 ιιι
646 1669 762 1712 circa
787 1667 965 1710 fundum
994 1665 1195 1709 resticula
1214 1662 1362 1707 decem
1374 1662 1502 1706 cubi-

259 1749 399 1786 torum
428 1743 610 1785 ambiret
654 1740 774 1784 illud.
818 1738 1071 1796 Supremam
1111 1737 1206 1793 ejus
1254 1736 1416 1784 labium
1435 1747 1502 1779 re-

261 1827 443 1879 pansum
486 1821 580 1858 erat
601 1814 654 1867 ad
681 1813 852 1863 modum
887 1801 986 1855 lilii.
1042 1809 1090 1857 lu
1125 1797 1335 1855 lateribus
1357 1813 1500 1856 autem

259 1891 355 1943 ejus
396 1890 668 1942 extrinsecus
692 1888 776 1931 duo
800 1885 974 1930 ordines
1014 1890 1137 1928 erant
1180 1883 1503 1938 sculpturarum

260 1963 552 2015 historiarum,
592 1960 635 2004 id
675 1967 740 2004 est
779 1959 983 2004 historias
1022 1958 1189 2020 aliquas
1234 1955 1500 1998 habentium.

263 2052 279 2079 ι
307 2036 512 2093 Capiebat
553 2041 696 2079 autem
720 2033 807 2077 duo
849 2033 984 2078 millia
1029 2033 1172 2083 batos,
1208 2047 1221 2072 ›
1262 2029 1305 2073 id
1329 2035 1393 2075 est
1419 2028 1502 2072 tria

259 2109 393 2153 millia
419 2114 640 2158 metretas.
667 2107 798 2150 Batus
819 2106 934 2150 enim
967 2104 1090 2161 capit‘
1118 2109 1344 2148 metretam
1368 2108 1412 2147 et
1435 2101 1498 2146 di·

258 2183 453 2226 midium.
485 2181 537 2224 Et
560 2187 624 2225 est
658 2181 785 2231 batus
814 2191 1016 2227 mensura
1060 2176 1191 2230 trium
1239 2167 1499 2227 modiorum,

258 2257 450 2312 ejusdem
474 2253 726 2311 capacitatis
743 2253 887 2309 cujus,
912 2257 955 2296 et
967 2250 1083 2307 ephi.
1110 2249 1195 2295 Sed
1219 2256 1262 2294 et
1288 2250 1418 2293 batus
1434 2253 1502 2292 est

1583 294 1658 336 per
1678 287 1863 336 quatuor
1886 279 2068 336 angulos
2087 285 2210 323 erant
2238 279 2469 335 sculpturae
2489 280 2743 331 eminentes,
2767 279 2822 324 sd
2862 270 2867 319 [

1582 353 1759 395 modum
1792 353 2109 403 columnarum,
2135 363 2245 407 quas
2276 346 2452 407 quidam
2490 352 2658 406 dic-unt·
2677 351 2821 400 vocari

1582 424 1718 467 media
1753 423 2085 474 intercolumna,
2099 424 2308 479 quadrata
2326 429 2467 483 tamen
2484 423 2658 478 quidam
2680 423 2824 478 legunt

1581 496 1640 538 ibi
1663 495 1801 538 media
1821 491 2384 551 intercolumna‘quadrata,
2412 493 2621 538 vocantes
2646 495 2821 538 colum-
2862 536 2867 543 ,

1581 582 1679 611 nam
1704 569 1888 612 mediam
1913 568 2123 619 tabulam,
2141 570 2254 612 inter
2269 573 2457 623 quatuor
2471 567 2642 611 tabulas
2663 569 2832 622 super--
2858 610 2871 619 ν

1581 642 1781 696 positam.
1802 640 1956 684 Latera
1979 653 2081 685 vero
2106 640 2225 685 basis
2248 651 2272 682 a
2292 640 2431 682 media
2453 644 2574 695 parte
2593 648 2740 694 supra,
2761 636 2826 681 in-

1582 714 1771 769 sculptas
1789 713 2005 757 habebant
2017 712 2282 756 coronulas“
2299 700 2344 754 ‘et
2360 712 2539 766 plectas,
2554 718 2596 756 et
2618 712 2663 754 in
2680 708 2825 761 medio
2842 761 2844 764 .

1580 797 1728 830 earum
1756 786 1902 830 leones
1925 791 1967 830 et
1989 776 2138 836 boves,
2161 790 2204 830 et
2227 785 2469 834 cherubim,
2495 788 2538 827 et
2561 794 2692 840 super
2711 780 2824 826 colla
2869 830 2872 835 ⁴

1580 858 1752 901 leonum
1776 863 1817 900 et
1853 858 1998 907 boum,
2037 862 2079 901 et
2100 857 2252 901 subter
2276 863 2399 900 erant
2426 856 2515 899 lora
2537 867 2590 899 ex
2613 866 2697 898 sere
2718 865 2826 910 pen·

1580 935 1741 988 dentia,
1762 933 1920 989 quibus
1939 933 2061 988 ligati
2086 932 2357 983 videbantur.
2385 929 2431 973 lo
2456 929 2701 973 summitate
2718 926 2825 971 vero

1579 1015 1764 1063 quatuor
1785 1006 2084 1050 columnarum
2114 1005 2386 1061 angularium
2408 1008 2533 1046 erant
2559 997 2726 1044 humeri
2748 1009 2826 1044 ex·
2853 1020 2859 1038 i

1581 1083 1721 1139 pansi,
1745 1082 1790 1125 in
1809 1080 2092 1124 similitudine
2114 1091 2269 1123 manus
2286 1079 2484 1135 bumanae
2507 1082 2549 1120 et
2565 1074 2688 1133 pedis
2702 1072 2826 1129 aqui·
2863 1086 2873 1113 a·

1580 1157 1675 1206 lini,
1691 1167 1819 1210 super
1836 1166 1945 1210 quos
1967 1153 2112 1196 tabula
2139 1152 2282 1197 ferens
2300 1151 2479 1194 luterem
2506 1149 2565 1192 ita
2587 1153 2678 1211 erat
2700 1157 2826 1200 coap-

1581 1236 1685 1278 tata,
1704 1235 1748 1270 ut
1759 1226 2015 1271 naturaliter
2030 1226 2192 1270 inserta
2207 1223 2495 1269 videretur.Et
2513 1221 2727 1268 habebant
2743 1219 2826 1275 illae
2877 1233 2884 1259 ε

1582 1301 1793 1344 columnae
1829 1288 2028 1356 proprias
2059 1298 2304 1351 caelaturas,
2330 1295 2544 1346 homines,
2571 1293 2748 1337 arbores
2781 1295 2826 1335 et
2879 1321 2881 1332 Α

1580 1387 1699 1419 aves,
1721 1372 1858 1417 Porro
1881 1373 2016 1417 altera
2047 1371 2188 1417 media
2213 1383 2314 1428 pars
2333 1371 2451 1415 bas55
2472 1380 2571 1425 quae
2596 1374 2688 1412 erat
2709 1366 2826 1410 circa
2879 1389 2882 1396 ·

1582 1456 1758 1498 terram,
1783 1447 1968 1490 habebat
1994 1458 2073 1504 per
2103 1457 2255 1502 gyrum
2279 1449 2400 1504 rotas
2428 1443 2667 1487 eminentes
2689 1437 2824 1484 cubiti

1581 1527 1624 1566 et
1645 1519 1886 1573 ‹limidii,et
1907 1521 1981 1579 qui
2003 1520 2046 1563 in
2065 1525 2159 1562 rota
2180 1517 2272 1562 fleri
2290 1510 2428 1561 solent
2448 1529 2567 1567 axes,
2600 1521 2643 1560 et
2677 1513 2826 1558 radios
2880 1516 2881 1520 ’

1581 1601 1751 1638 creatos
1783 1601 1824 1637 et
1862 1594 2088 1641 modiolos,
2140 1592 2282 1635 omnia
2317 1590 2476 1634 fusilia.
2500 1589 2553 1632 Et
2592 1588 2709 1632 circa
2751 1597 2836 1632 eas·
2866 1601 2867 1606 ¹

1582 1668 1733 1724 posita:
1754 1673 1878 1711 erant
1898 1666 2027 1709 variae
2043 1664 2272 1715 caelaturae.
2288 1662 2342 1710 Et
2361 1662 2452 1706 haec
2470 1663 2614 1714 omnia
2636 1661 2743 1705 adeo
2764 1661 2828 1703 fa-

1582 1739 1746 1784 bricata
1782 1743 1923 1790 erant,
1946 1743 1992 1799 ut
2031 1749 2120 1781 non
2156 1736 2324 1786 eaelata,
2351 1735 2428 1779 sod
2467 1734 2592 1791 quasi
2630 1735 2828 1790 apposita

1582 1825 1658 1870 per
1680 1811 1911 1855 circuitum
1935 1800 2201 1861 viderentur,
2223 1816 2267 1852 et
2302 1797 2421 1852 bas's
2453 1806 2579 1864 quasi
2604 1807 2710 1860 rotis
2735 1806 2829 1848 cira

1582 1881 1900 1928 cumstantibus
1937 1881 2035 1926 vebi
2059 1880 2300 1925 videbatur.
2328 1876 2422 1923 Una
2455 1884 2548 1923 erat
2589 1871 2758 1926 fusura,
2781 1879 2826 1919 et

1581 1968 1801 2008 mensura,
1824 1961 1868 2001 et
1897 1955 2121 2011 sculptura
2156 1953 2306 1999 decem
2340 1952 2511 1997 basium
2546 1956 2590 1995 et
2623 1951 2823 2012 luterum.

1583 2028 1645 2074 De
1674 2030 1898 2086 sculptura
1934 2035 2078 2072 tamen
2114 2024 2444 2087 luterum-nihil
2466 2021 2642 2068 memini
2665 2033 2733 2066 me
2761 2020 2825 2064 le·
2879 2079 2881 2084 ἲ

1580 2102 1712 2158 gisse‚
1735 2101 1897 2145 Horum
1923 2099 2119 2156 quinque
2152 2098 2197 2142 in
2231 2097 2342 2141 atrio
2364 2095 2511 2152 templi
2535 2098 2748 2138 steterunt
2771 2092 2824 2137 ad
2847 2082 2861 2115 ’-

1581 2175 1817 2227 dexteram,
1841 2179 1884 2217 et
1910 2173 2102 2230 quinque
2126 2167 2181 2215 ad
2211 2170 2433 2215 sinistram
2465 2167 2518 2212 ad
2539 2155 2658 2211 bunc
2681 2178 2823 2212 usum.
2862 2159 2878 2170 ”’

1580 2246 1792 2292 Nathinaei
1820 2247 1944 2304 prius
1966 2245 2169 2289 lavabant
2191 2243 2383 2288 nzembra
2414 2241 2656 2286 hostiarum
2693 2240 2734 2284 in
2760 2240 2827 2296 pi·

258 2341 461 2383 mensura
511 2328 792 2384 liquidorum,
819 2326 916 2382 ephi
960 2338 1063 2369 vero
1100 2324 1338 2368 aridorum.
1364 2323 1501 2373 Porro
1523 2337 1558 2382 C
1583 2322 1703 2386 seina
1728 2320 1968 2378 probatica,
1984 2326 2027 2363 et
2052 2319 2139 2362 lota
2160 2316 2388 2362 tradebant
2405 2313 2824 2370 sacerdotibus,qui,

259 2401 378 2445 basis
410 2412 539 2456 super
560 2411 689 2455 quam
715 2389 855 2443 stabat
898 2398 1085 2443 habebat
1118 2396 1344 2442 duodecim
1370 2397 1502 2440 boves

258 2485 416 2526 mneos,
452 2476 494 2516 et
529 2472 693 2524 fusiles,
732 2483 755 2514 e
797 2471 955 2525 quibus
990 2477 1078 2514 tres
1119 2468 1405 2525 respiciebant
1449 2467 1503 2511 ad

257 2547 518 2603 aquilonem,
548 2550 637 2590 tres
666 2546 716 2588 ad
756 2544 1044 2596 occidentem,
1071 2550 1160 2588 tres
1186 2543 1239 2586 ad
1258 2543 1499 2594 meridiem,

256 2624 348 2663 tres
373 2618 426 2661 ad
446 2618 674 2668 orientem,
700 2630 882 2673 quorum
903 2618 1120 2660 anteriora
1145 2621 1310 2659 tantum
1338 2615 1500 2671 promi--

258 2691 418 2735 nebant
437 2691 518 2734 sub
541 2690 665 2740 mari,
700 2691 936 2746 posteriora
966 2702 1070 2734 vero
1091 2690 1210 2733 intus
1228 2688 1471 2733 latitabant.'

314 2763 521 2806 'Additio
548 2761 654 2807 t.1d
678 2768 743 2814 est
778 2762 890 2806 linea
909 2762 1222 2806 diametraliter
1246 2773 1269 2804 a
1299 2761 1414 2804 labio
1447 2763 1501 2804 ad

259 2836 502 2892 oppositum
537 2834 698 2879 labium
738 2841 940 2892 protensa
979 2834 1125 2880 decem
1161 2834 1334 2879 cubitos
1365 2833 1500 2878 habe-

258 2909 345 2952 bat.

602 3016 701 3063 Cte.
722 3017 833 3062 xix.
855 3018 915 3062 De
937 3018 1156 3063 luteribus.

318 3134 334 3162 ι
351 3118 473 3165 Fecit
499 3133 670 3177 quoque
688 3120 891 3165 Salomon
914 3122 1064 3166 decem
1089 3123 1250 3166 luteres
1274 3133 1432 3175 aeneos,
1458 3130 1500 3170 et

260 3192 451 3245 fusiles,»
470 3193 710 3245 altitudinis
729 3203 915 3251 quatuor
931 3195 1202 3248 cubitorum(
1210 3194 1284 3238 111
1299 3195 1496 3253 Reqsn).

259 3264 363 3309 Erat
385 3274 526 3315 autem
549 3266 592 3314 in
617 3268 864 3311 summitate
889 3268 1040 3313 luteris
1063 3280 1113 3312 os
1132 3275 1408 3316 recurvatum
1433 3270 1501 3313 in-

259 3339 411 3392 terius,
431 3345 472 3382 et
501 3339 606 3383 adeo
627 3333 873 3395 angustum,
895 3350 942 3383 ut
964 3342 1091 3386 unius
1114 3342 1244 3385 cubiti
1270 3348 1386 3387 esset
1405 3343 1499 3398 ejus

260 3412 458 3456 latitudo.
483 3412 659 3456 Fundus
684 3425 785 3456 vero
816 3414 1009 3468 ejusdem
1033 3422 1125 3458 erat
1148 3415 1392 3459 latitudinis
1421 3428 1500 3459 eu·
1526 3418 1560 3461 D

259 3484 337 3526 biti
353 3490 397 3528 et
415 3485 615 3538 dimidii‘,
632 3486 755 3541 juxta
774 3488 1058 3542 quantitatem
1078 3488 1199 3532 basis
1218 3500 1349 3544 supra
1368 3502 1498 3544 quam

261 3556 482 3611 sedebant.
506 3570 518 3596 ι
538 3557 827 3614 Quadraginta
843 3559 967 3603 batos
985 3560 1182 3615 capiebat
1205 3561 1317 3607 luter
1338 3574 1464 3605 unus.
1479 3577 1494 3602 ι

261 3627 306 3671 ln
330 3629 394 3679 eis
428 3630 716 3688 abluebantur
744 3632 964 3685 intestina,
987 3641 1028 3676 et
1058 3633 1188 3689 pedes
1221 3634 1500 3682 holocaust&

260 3714 373 3760 rum,
411 3708 453 3749 et
496 3709 622 3760 erant
665 3716 814 3749 onmes
846 3706 1039 3760 ejusdem
1075 3708 1267 3759 facturae,
1315 3709 1427 3752 sicut
1458 3717 1500 3751 et

259 3776 402 3826 bases,
424 3777 579 3831 quibus
602 3777 850 3821 incidebant
888 3779 988 3821 Erat
1014 3789 1154 3824 autem
1180 3781 1298 3825 basis
1321 3782 1365 3825 in
1390 3781 1500 3826 inse-

260 3847 363 3888 riori
387 3854 509 3902 parte
531 3851 572 3890 in
595 3848 865 3903 longitudine
893 3859 935 3894 et
955 3852 1183 3896 latitudine
1208 3853 1372 3898 habens
1390 3867 1499 3910 qua·

263 3923 360 3958 tuor
379 3918 548 3962 cubitos
567 3932 643 3974 per
661 3921 891 3975 quadrum,
919 3924 962 3965 in
994 3925 1220 3968 altitudine
1241 3939 1343 3970 vero
1365 3927 1496 3971 trium

261 3988 521 4032 cubitorum.
542 3989 593 4031 Et
626 3992 897 4036 ascendendo
927 3995 1131 4049 paulatim
1163 4003 1393 4053 angustata
1426 4010 1498 4042 us-

262 4073 346 4113 que
383 4061 437 4103 ad
473 4061 666 4104 cubitum
707 4070 747 4107 et
786 4065 1027 4118 dimidium,
1055 4067 1177 4121 juxta
1214 4071 1497 4123 quantitatem

263 4132 386 4175 fundi
408 4134 543 4189 ipsius
577 4134 739 4178 luteris.
768 4134 953 4192 Eratque
977 4140 1214 4192 composita
1239 4153 1290 4183 ex
1313 4149 1500 4196 quatuor

263 4204 438 4255 tabulis,
458 4206 613 4261 quibus
647 4207 795 4261 quinta
834 4215 927 4250 erat
966 4211 1235 4265 superposita
1270 4211 1496 4268 quadrata,

263 4281 303 4318 et
326 4287 378 4318 ex
396 4277 510 4318 omni
531 4284 649 4333 parte
668 4278 979 4333 aliquantulum
999 4282 1209 4325 excedens
1230 4284 1498 4333 summitates

263 4347 461 4395 aiiarnm.
490 4349 654 4394 habens
676 4350 720 4394 in
748 4350 888 4394 medio
912 4353 978 4395 sui
1003 4354 1261 4399 eminentem
1295 4356 1499 4401 concavi-

267 4425 395 4463 tatem
430 4422 674 4472 rotundaen,
700 4425 741 4465 in
767 4435 850 4475 qua
873 4424 1047 4468 sedebat
1072 4426 1199 4469 luter.
1219 4427 1365 4481 ipsum
1388 4440 1496 4480 epus

1589 2409 1646 2441 ne
1665 2394 1770 2452 quId
1793 2393 1963 2438 interim
1989 2393 2053 2438 eis
2085 2391 2227 2437 sot-dis
2254 2390 2521 2442 adhaesisset,
2541 2387 2751 2433 luteribus
2774 2399 2827 2431 ea
2870 2434 2882 2447 .-

1583 2468 1913 2525 immergebant,
1939 2471 1986 2510 ut
2015 2465 2282 2510 resincerata
2319 2466 2659 2520 superponerent
2682 2458 2824 2506 altari.
2860 2453 2871 2520 J

1581 2540 1717 2596 Porro
1742 2539 1949 2584 lavatoria
1976 2539 2067 2583 haec
2092 2539 2137 2583 in
2160 2538 2277 2583 hunc
2307 2537 2482 2582 modum
2514 2536 2653 2593 posita
2682 2540 2824 2586 erant,
2863 2541 2867 2544 ’

1582 2622 1630 2660 ut
1658 2613 2000 2672 ingredientibus
2023 2613 2181 2656 atrium
2205 2611 2491 2663 sacerdotale,
2512 2610 2650 2667 primo
2671 2620 2826 2654 occur·
2878 2657 2881 2675 ÷

1581 2690 1704 2735 rebat
1734 2689 1788 2733 ad
1811 2686 2035 2732 meridiem
2067 2698 2186 2730 mare
2207 2697 2376 2731 aeneum
2401 2685 2456 2728 ad
2481 2673 2715 2740 abluendas
2736 2682 2828 2726 ma·
2879 2678 2881 2681 ’

1581 2774 1681 2814 nus,
1722 2766 1872 2818 postea
1911 2757 2306 2815 progredientibus,
2346 2752 2636 2800 occurrebant
2676 2753 2826 2798 decem
2860 2761 2866 2766 ·

1582 2836 1760 2885 luteres,
1788 2833 1843 2877 ad
1882 2831 2165 2890 intinguenda
2206 2829 2398 2874 membra
2434 2827 2694 2879 hostiarum,
2719 2831 2827 2871 sur·
2859 2817 2879 2827 '⁴

1582 2920 1766 2965 sumque
1796 2906 2175 2964 progredientibus
2210 2899 2472 2948 occurrebat·
2494 2902 2630 2944 altare
2658 2910 2825 2944 aeneum

1584 2983 1784 3028 similiter
1815 2981 1868 3024 ad
1895 2979 2135 3030 meridiem,
2158 2976 2400 3034 positisque
2423 2974 2578 3023 hostiis
2603 2985 2734 3031 super
2762 2971 2826 3018 al-

1582 3041 1689 3105 tare,
1704 3053 1904 3099 redibant
1925 3054 2174 3098 sacerdotes
2188 3050 2418 3095 offerentes
2434 3048 2487 3091 ad
2505 3059 2623 3091 mare
2639 3056 2823 3096 aeneum,

1581 3134 1624 3172 et
1662 3124 1892 3171 abluebant
1925 3125 1981 3168 ibi
2021 3124 2152 3180 pedes
2188 3127 2232 3166 et
2267 3132 2438 3170 manus,
2462 3123 2508 3163 ut
2534 3119 2597 3163 sic
2619 3117 2695 3162 loti
2719 3127 2825 3160 con-

1582 3203 1852 3244 summarent
1875 3197 2106 3249 sacrificia,
2119 3195 2160 3240 id
2178 3194 2480 3241 est'intrarent
2502 3190 2707 3246 templum
2724 3200 2823 3232 cum

1583 3273 1733 3330 prunis
1770 3278 1812 3316 et
1849 3270 2145 3328 thymiamate,
2172 3268 2227 3312 ad
2263 3265 2522 3319 adolendum
2556 3263 2661 3310 illud
2694 3271 2826 3319 supet·

1581 3347 1717 3388 altare
1741 3345 1785 3387 in
1808 3343 1983 3388 odorem
2012 3340 2208 3385 Domino.

1642 3416 1829 3460 'Addicio
1854 3416 1895 3459 t.
1917 3416 2099 3459 Cubitus
2137 3413 2363 3471 tripliciter
2399 3412 2560 3457 dicitur
2585 3426 2597 3455 ς
2627 3409 2703 3454 Vei
2726 3410 2823 3467 ipsa

1580 3489 1743 3533 flexura
1764 3489 1949 3538 brachii,
1969 3487 2035 3531 vel
2061 3497 2266 3530 mensura
2288 3485 2342 3528 ab
2373 3485 2472 3529 inde
2503 3495 2639 3539 usque
2669 3482 2721 3526 ad
2747 3494 2824 3526 ex·-

1579 3563 1838 3605 tremitatem
1871 3560 2124 3616 digit-orum,
2151 3558 2219 3603 vel
2248 3557 2303 3601 ab
2334 3569 2421 3602 una
2442 3568 2572 3600 manu
2603 3566 2741 3611 usque
2766 3553 2822 3597 ad

1579 3637 1724 3687 aliam,
1744 3634 1949 3690 expansis
1972 3633 2191 3677 manibus.
2212 3631 2363 3675 Dictus
2383 3636 2450 3674 est
2471 3635 2612 3673 autem
2631 3627 2820 3680 cubitus,

1579 3709 1679 3764 qnia
1703 3707 1823 3751 cibos
1849 3704 2061 3751 sumendo
2083 3705 2128 3748 in
2149 3705 2243 3759 ipso
2261 3703 2485 3755 cubamus.
2852 3705 2853 3708 ’

1638 3783 1669 3799 ··
1682 3779 1853 3823 Additio
1869 3779 1911 3822 2.
1934 3777 2149 3822 coronula
2164 3781 2304 3833 potest
2318 3776 2481 3828 vocari,
2501 3787 2595 3831 quae
2606 3775 2651 3822 tit
2671 3773 2724 3818 de
2742 3772 2822 3816 ali-„-

1579 3865 1664 3909 quo
1688 3851 1844 3901 solido,
1866 3857 1913 3894 ut
1935 3850 1988 3894 de
2011 3855 2147 3902 auro;
2169 3849 2307 3905 plecta
2325 3860 2426 3892 vero
2449 3859 2612 3892 corona
2633 3847 2744 3897 facta
2766 3848 2821 3891 de
2851 3903 2852 3907 Ἰ

1575 3927 1739 3980 junctis
1777 3924 1973 3977 floribus,
1995 3923 2064 3980 vel
2103 3921 2344 3974 arboribus,
2370 3927 2417 3966 ut
2453 3921 2500 3964 tlt
2536 3921 2590 3966 de
2623 3920 2820 3974 lauro-et

1579 4005 1736 4055 myrto.

1883 4105 1986 4150 Gar.
2009 4103 2101 4149 XX.
2128 4104 2189 4148 De
2212 4104 2321 4156 aazia
2345 4103 2511 4147 altaris.

1637 4211 1844 4254 Utensilia
1866 4223 1977 4255 vvero
2015 4211 2166 4255 altaris
2200 4209 2309 4253 aenei
2345 4209 2445 4252 fecit
2477 4207 2624 4251 Hiram
2656 4220 2709 4252 ex
2733 4219 2817 4252 aere
2868 4196 2871 4201 ¹

1577 4284 1738 4328 lebetes
1762 4285 1817 4343 ad
1848 4285 2148 4341 suscipiendos
2182 4284 2352 4341 cineres
2382 4289 2425 4327 et
2455 4294 2618 4338 prunas
2651 4282 2814 4332 altaris,

1579 4356 1685 4399 ollas
1710 4368 1881 4411 quoque
1911 4362 1955 4401 et
1983 4356 2197 4400 caldarias
2233 4356 2286 4399 ad
2317 4356 2564 4410 coquendas
2584 4365 2755 4405 carnes,
2772 4359 2816 4398 et

1579 4430 1791 4481 hamulas,
1817 4429 1857 4472 id
1889 4435 1953 4473 est
1986 4428 2224 4473 fuscinulas
2258 4428 2310 4472 ad
2340 4429 2629 4474 extrahendas
2661 4438 2815 4475 carnes
