2924 4588
289 137 447 188 2⁶71„
573 162 603 199 ,

307 224 434 269 trodo
469 223 555 269 inis
594 220 875 278 quadi-agunta
909 218 1062 275 annis,
1094 217 1251 273 quibus
1290 216 1334 258 in
1371 197 1541 263 deserto
1566 210 1598 252 Α
1622 202 1747 246 ciden

305 297 494 348 fuerunt,
527 295 637 343 loca,
660 301 702 336 et
723 293 986 340 mansiones,
1007 300 1103 345 quae
1126 288 1180 331 ab
1198 280 1315 330 eiitu
1338 284 1391 328 de
1408 282 1540 338 AEgy-

304 358 402 425 pto,
426 365 568 422 usque
593 366 647 418 ἠ
681 365 902 408 introitum
933 364 1170 406 interram
1196 359 1398 402 Chanaan
1425 367 1538 411 qua-

303 439 499 494 draginta
517 438 611 481 duae
646 437 834 487 suerunt,
867 434 1107 483 mutabant,
1129 442 1353 487 quousque
1370 429 1537 479 adter-

302 525 391 555 ram
413 510 711 567 promissionis
729 513 1029 565 pervenerunt,
1052 506 1122 549 ubi
1142 503 1306 548 deloco
1325 502 1378 545 ad
1395 502 1537 544 locum

299 583 622 628 tabernaculum
642 582 806 626 diutius
828 593 917 624 non
936 579 1179 635 portabant.

737 652 916 698 CAPUT
947 651 1078 695 XXV.

298 729 496 785 Repetitio
526 728 707 769 omnium
738 726 1100 781 supradictorum,
1127 737 1219 766 cum
1243 736 1325 777 qua
1344 721 1534 777 qucrdam

349 783 694 838 superadduntur,
717 782 906 838 quct’dam
931 794 1022 824 vero
1047 779 1129 822 alio
1153 785 1273 822 modo
1296 778 1507 821 dicuntur.

348 870 453 914 LIV.
470 871 589 914 Libet
605 871 695 913 hoec
714 869 768 914 ab
790 870 880 925 ipsa
896 869 1168 911 inchoatione
1181 868 1311 912 etiam
1331 866 1412 911 sub
1431 866 1533 909 alie-

294 946 362 990 nis
379 944 523 988 verbis
537 950 742 998 repetere,
757 948 804 984 ut
817 942 916 984 dum
934 942 1104 985 diversa
1122 939 1334 997 quaedam,
1351 945 1392 983 et
1409 940 1531 995 quasi

291 1018 435 1073 aliquo
467 1015 594 1059 inodo
617 1015 795 1058 adversa
820 1014 1029 1058 esurienti
1053 1012 1204 1056 lectori
1226 1018 1377 1055 nostro
1400 1024 1532 1067 appo-

292 1090 454 1139 nimus,
500 1086 788 1143 intelligentite
820 1086 915 1142 ejus
947 1086 1132 1141 palatum
1158 1098 1210 1128 ex
1240 1084 1332 1140 ipsa
1362 1095 1531 1139 quoque

291 1160 548 1204 serculorum
580 1160 783 1203 varietate
810 1157 1003 1202 refovere
1030 1158 1261 1213 possimus.
1289 1156 1447 1199 Scribit
1466 1156 1530 1199 vir

288 1232 459 1288 quidam
497 1233 683 1275 disertus
701 1265 711 1279 ,
746 1242 796 1274 ac
835 1231 947 1274 inter
976 1230 1207 1284 magistros
1229 1234 1406 1272 caeteres
1434 1240 1527 1270 rna·

286 1303 419 1358 gister
432 1302 620 1346 seientiae
639 1301 916 1350 admirabilis,
946 1300 1026 1343 hoc
1048 1300 1172 1342 inodo
1194 1300 1246 1342 de
1266 1299 1524 1354 parietibus,
1552 1279 1585 1320 Β
1610 1289 1767 1345 singuli
1788 1288 1978 1345 quinque
2007 1289 2250 1332 cubiturum
2270 1321 2280 1339 ,
2307 1287 2703 1342 immittebaturque
2732 1293 2862 1343 caput

286 1375 558 1423 «lembulis,
598 1380 639 1418 et
667 1374 865 1423 basibus,
901 1373 954 1416 de
993 1373 1209 1421 vectibus,
1244 1379 1285 1415 et
1316 1371 1487 1414 annulis
1514 1386 1523 1413 :

287 1449 373 1491 Au.
395 1448 593 1491 Dominus
633 1447 686 1490 nd
726 1447 894 1502 Moysen
929 1460 942 1487 :
964 1446 1088 1488 Sume
1125 1445 1347 1498 primitias,
1395 1443 1437 1484 ic!
1466 1451 1525 1486 est

284 1521 462 1576 pretiosa
489 1534 656 1576 qumque
692 1534 715 1562 a
743 1519 890 1574 populo
916 1517 1078 1567 Israel,
1102 1517 1171 1560 sed
1197 1517 1246 1559 ab
1271 1530 1326 1559 eo.
1345 1525 1522 1567 tautum,

283 1593 355 1646 qui
390 1593 500 1635 ultro
528 1592 758 1642 ,obtulerim
795 1604 942 1633 (iurum
980 1590 1159 1640 scilicet,
1201 1596 1240 1632 et
1282 1596 1519 1646 argentum,

285 1670 323 1706 et
357 1677 429 1714 aes,
455 1664 794 1719 hyacinthum-et
818 1676 1060 1718 purpuram,
1087 1675 1330 1717 coccumque
1351 1660 1411 1704 his
1438 1661 1531 1714 tin--

282 1742 415 1786 ctum,
449 1734 491 1777 t‘d
525 1742 585 1776 est
617 1742 747 1777 setam
781 1734 1052 1790 hyacinthini,
1090 1733 1312 1789 purpurei,
1358 1739 1395 1775 et
1430 1746 1523 1776 coc-

282 1806 386 1847 cinei
419 1805 597 1855 coloris,·
624 1813 662 1848 et
692 1805 874 1860 byssum,
905 1804 1012 1861 qumi
1040 1815 1100 1848 est
1134 1818 1260 1861 (jelius
1290 1805 1365 1847 lini
1393 1803 1522 1861 AEyy-

281 1876 357 1930 ptii
388 1874 509 1918 molle
540 1881 578 1918 et
601 1875 851 1925 candidum,-
888 1875 992 1930 pilos
1022 1889 1178 1931 quoque
1205 1888 1444 1930 caprarum,
1480 1882 1518 1918 et

279 1946 405 2001 pelles
442 1948 617 1989 arietum
654 1948 903 1996 rubricatas,
943 1962 1046 2002 qeins
1081 1947 1302 1991 Parthicas
1323 1947 1515 2006 dicimus,

276 2021 376 2075 qnia
399 2018 548 2062 Parthi
586 2021 646 2077 sic
674 2019 859 2062 colorare
883 2020 1067 2063 solebant
1090 2034 1183 2071 eas,·
1203 2027 1240 2063 et
1263 2021 1390 2074 pelles
1414 2020 1517 2076 hya-

277 2090 512 2143 cinthinas,
548 2099 588 2135 et
617 2091 728 2146 liqna
751 2092 884 2135 setim.
911 2092 985 2136 Est
1003 2093 1127 2136 setim
1150 2104 1309 2135 nomen
1339 2092 1513 2142 montis,

256 2171 319 2208 .et
349 2165 551 2222 regionis,
592 2171 634 2209 et
662 2165 843 2216 arboris,
879 2179 973 2222 quae
999 2166 1153 2210 similis
1172 2173 1238 2209 cst
1259 2165 1362 2208 albae
1383 2166 1517 2221 spinae

279 2239 323 2282 in
350 2238 534 2282 foliiset
567 2244 634 2282 est
668 2238 933 2282 levissimum
965 2239 1142 2295 liguum,
1166 2245 1207 2282 et
1232 2237 1511 2293 imputribile,

277 2316 322 2354 et
355 2311 641 2361 incremabile.
665 2311 811 2355 Oleum
831 2325 1000 2367 quoque
1018 2313 1071 2356 ad
1091 2312 1316 2355 luminaria
1338 2314 1512 2356 concin-
1535 2343 1567 2388 C

278 2385 448 2438 nanda;
477 2391 667 2442 aromata
697 2386 740 2427 in
771 2391 1001 2441 unguenta,
1037 2393 1078 2428 et
1109 2385 1385 2442 thymiamata
1407 2387 1509 2430 boni

274 2458 436 2510 odoris,
461 2466 503 2502 et
523 2458 686 2514 lapides
708 2460 961 2516 onychinos,
994 2467 1035 2503 et
1052 2473 1259 2516 gemmas,
1289 2468 1334 2504 ut
1353 2460 1512 2505 saciant

276 2530 380 2573 mini
407 2531 698 2573 sanctuarium
722 2546 730 2573 :
758 2540 804 2573 ut
834 2531 1019 2574 habitem
1041 2531 1082 2573 in
1102 2532 1431 2584 mediosteorum,
1459 2546 1512 2576 ne

274 2602 333 2646 sit
365 2602 428 2646 eis
454 2614 629 2647 necesse
665 2616 888 2647 recurrere
923 2604 976 2647 ad
1010 2611 1198 2649 montem
1235 2606 1365 2658 hunc,
1389 2607 1510 2661 juxta

277 2674 600 2719 similitudinem
636 2676 920 2727 tabernaculi,
947 2677 1062 2732 quod
1089 2678 1309 2722 ostendam
1330 2679 1423 2731 tibi,
1449 2677 1511 2722 sa-

274 2746 363 2792 cies
396 2748 515 2801 illud.
541 2747 888 2793 ‚Tabernaculum
923 2755 1014 2794 erat
1051 2750 1204 2795 domus
1234 2751 1320 2796 Deo
1342 2752 1508 2805 dicata,

274 2821 508 2876 quadrata,
550 2827 590 2865 et
633 2822 841 2879 oblonga;
885 2824 1023 2867 tribus
1062 2825 1210 2887 clausa
1243 2825 1507 2881 parietibus,

275 2892 527 2949 aquilonari,
548 2895 800 2949 meridiano,
820 2896 1090 2940 occidentali.
1109 2885 1237 2942 Liber
1254 2899 1425 2956 patebat
1445 2899 1509 2942 in-

273 2964 428 3008 troitus
456 2964 583 3022 369
600 2968 653 3009 ab
675 2967 855 3018 oriente,
876 2975 918 3012 et
944 2969 1032 3012 soie
1055 2970 1237 3018 oriente.
1259 2971 1393 3015 radiis
1413 2972 1507 3027 ejus

274 3036 542 3083 lustraretur.
575 3039 813 3095 Longitudo
849 3049 939 3084 erat
969 3042 1142 3097 triginta
1162 3044 1422 3097 cubitorum,
1447 3046 1507 3087 la-

274 3108 413 3153 titudo
451 3111 615 3163 decem,
648 3113 828 3157 altitudo
853 3114 1014 3157 decem.
1042 3113 1085 3156 ln
1119 3115 1251 3160 latere
1269 3117 1507 3162 meridiano

273 3186 396 3225 erant
413 3183 567 3227 tabulae
583 3184 635 3228 de
650 3184 775 3240 lignis
800 3186 922 3229 setim
943 3193 1107 3231 stantes
1129 3189 1295 3244 viginti,
1322 3202 1505 3245 quarum

274 3265 539 3311 unaquaeque
570 3257 613 3300 in
649 3258 912 3314 longitudine
942 3259 1111 3303 cubitos
1135 3246 1318 3304 babebat
1342 3262 1504 3316 decem,

275 3325 319 3370 in
358 3327 636 3383 spissitudine
663 3330 822 3387 digitos
849 3338 1047 3387 qtlatuor,
1074 3333 1116 3375 in
1142 3334 1368 3379 latitudine
1385 3336 1504 3379 cubi·

273 3403 380 3449 tum,
420 3412 471 3444 ac
494 3403 732 3447 semissem.
771 3402 1066 3460 Jungebantur
1093 3410 1243 3449 mutuo
1278 3407 1359 3451 sibi
1390 3407 1508 3451 inca-

273 3475 432 3520 strnue.
478 3485 532 3516 ne
567 3474 720 3517 rimula
753 3475 811 3537 ibi
842 3482 974 3527 esset,
1008 3476 1298 3533 autpianities
1334 3479 1507 3534 parietis

275 3548 520 3604 inaequalis
544 3557 586 3594 et
601 3558 723 3595 erant
746 3553 951 3597 inauratae
972 3566 1025 3597 ex
1043 3558 1226 3609 utraque
1245 3562 1364 3611 parte
1392 3571 1399 3598 :
1428 3569 1507 3600 su·-

274 3623 500 3679 perpositae
528 3636 630 3668 vero
656 3623 834 3681 singulae
857 3627 1039 3669 'duabus
1076 3617 1254 3671 basibus
1292 3632 1503 3684 argenteis

275 3696 529 3749 perforatis,
567 3697 611 3740 in
645 3711 823 3753 qitarnm
859 3698 1142 3743 foraminibus
1172 3701 1369 3744 cardines
1387 3705 1506 3746 aurei

275 3767 614 3813 immittebantur
649 3786 657 3812 :
695 3771 736 3814 in
768 3778 950 3828 utroque
979 3775 1136 3829 angulo
1153 3774 1417 3818 tabernaculi
1442 3783 1506 3818 ta-

275 3838 384 3882 bulae
415 3842 665 3894 eminentes,
704 3843 817 3887 sicut
853 3846 896 3888 in
928 3847 1100 3890 scriniis
1138 3845 1227 3890 fieri
1259 3848 1380 3891 solet.
1419 3848 1507 3893 Au-

268 3911 471 3966 gustinus
495 3920 637 3958 tamen
670 3916 836 3960 videtur
858 3918 979 3969 velle,
1010 3919 1124 3974 quod
1146 3933 1230 3963 una
1261 3921 1376 3965 basis
1393 3930 1508 3966 esset

275 3983 356 4025 sub
389 3984 548 4037 tabula,
571 3993 613 4029 et
653 3990 783 4032 altera
825 4004 951 4046 supra
982 4005 1059 4047 pro
1088 3994 1299 4051 epistylio.
1326 3993 1408 4038 Sed
1439 3996 1507 4038 iit-

277 4063 367 4104 tera
385 4064 499 4100 certa
518 4065 597 4109 est,
621 4075 712 4116 quae
727 4063 830 4105 dicit
853 4079 861 4105 :
889 4064 1005 4107 Bina}
1028 4065 1144 4109 bases
1163 4067 1336 4123 siuyulis
1352 4068 1504 4112 tabuiis

271 4138 345 4185 per
379 4130 480 4175 ditos
520 4136 691 4190 anqulos
733 4137 1009 4191 subjiciamur
1045 4139 1209 4196 (Exod.
1244 4154 1369 4193 xxm,
1410 4143 1502 4198 19).

279 4202 427 4248 l'trurn
449 4206 601 4250 tabulae
619 4217 715 4251 ante
731 4220 949 4265 'suspensae
972 4225 994 4254 a
1012 4215 1123 4256 terra
1141 4226 1267 4270 super
1285 4215 1426 4268 bases,
1449 4231 1503 4259 an

278 4278 386 4321 inter
415 4279 538 4322 bases
568 4281 619 4322 ad
642 4287 796 4325 terram
813 4285 1117 4340 pertingerent,
1132 4300 1212 4330 non
1236 4289 1403 4344 legitur.
1424 4290 1503 4332 Eo·

275 4349 368 4391 dem
401 4358 584 4395 scemate
612 4351 748 4396 rac-ius
784 4362 848 4397 est
873 4359 1012 4411 paries
1045 4360 1318 4414 aquilonaris.
1345 4362 1407 4405 Ad
1431 4375 1503 4407 oc-

332 4422 444 4481 (ΞΗ)
486 4423 528 4467 V.
552 4424 777 4482 Josernuu,
805 4429 942 4486 Amiq.
971 4431 998 4475 l.
1024 4444 1090 4486 ιιι,
1114 4446 1151 4476 c.
1177 4434 1213 4477 5.

1157 128 1325 174 ADAMI
1353 113 1938 176 PRAEMONSTRATENsts

1537 3421 1570 3465 ι)
1594 3406 1725 3454 Erant
1746 3409 1890 3465 itaque
1914 3410 1958 3454 in
1993 3421 2250 3466 unaquaque
2285 3409 2431 3453 tabula
2454 3408 2646 3466 quinque
2670 3407 2835 3459 annuli,

2785 54 2878 163 ω

1751 207 1839 243 tem
1862 210 1965 243 vero
1992 198 2118 239 erant
2145 205 2221 238 sex
2244 191 2418 244 tabulae,
2440 200 2518 246 per
2538 187 2682 232 omnia
2704 187 2878 234 similes.

1620 275 1731 318 aliie.
1760 281 1801 315 et
1829 271 1979 315 eodem
2008 266 2136 310 modo
2168 267 2339 309 stantes
2363 263 2408 307 in
2439 262 2635 306 basibus.
2662 258 2747 303 Sed
2767 270 2868 305 eum

1620 346 1707 390 non
1730 345 1973 400 implerent,
1999 340 2086 384 nisi
2114 350 2268 382 novem
2293 337 2481 386 cubitos,
2512 334 2720 379 dimidius
2742 332 2870 378 cubi·

1619 426 1691 463 tus
1713 405 1766 463 ex
1780 424 1968 473 *utraque
1991 418 2112 470 parte
2135 402 2301 456 vacuus
2323 410 2521 468 putenm
2537 414 2579 453 et
2599 407 2696 452 ideo
2721 407 2866 452 tabula

1618 504 1704 535 uno
1727 479 1872 534 cubito
1894 491 1978 531 lata
1997 491 2114 531 secta
2133 490 2200 529 est
2218 496 2294 540 per
2315 481 2505 527 medium
2524 495 2535 535 ;
2558 486 2600 525 et
2618 480 2746 524 tactae
2765 484 2868 526 sunt

1617 564 1712 607 duae
1738 562 1892 606 tabulae
1930 557 2269 607 semicubitales,
2299 566 2396 611 quae
2426 554 2628 609 utrinque
2659 551 2876 608 apposite?

1617 625 1822 692 parietem
1858 630 2096 682 occidentis
2120 629 2218 674 aliis
2243 627 2413 672 duobus
2437 619 2863 685 compaginaverunt.

1614 719 1710 763 quse
1748 706 1878 749 etiam
1910 703 2088 759 singulae
2113 701 2283 745 duabus
2310 699 2488 744 basibus
2506 697 2862 743 immittebantur.

1614 779 1675 823 Ne
1700 790 1801 821 vero
1821 783 2048 822 ventorum
2073 774 2277 830 impulsu,
2307 773 2377 816 vel
2408 772 2598 828 qualibet
2623 770 2706 814 alia
2731 776 2864 815 causa

1614 851 1798 907 parietes
1829 853 2180 898 concuterentur,
2218 846 2286 890 vel
2322 849 2650 895 concurrerent,
2679 843 2863 900 singulm

1612 924 1769 967 tabulae
1801 922 1987 966 annulos
2019 921 2235 965 habebant
2254 932 2409 964 aureos
2434 931 2510 974 per
2530 919 2724 962 ordinem
2748 918 2864 962 velut

1613 995 1872 1051 quibusdam
1897 995 2122 1038 radicibus·
2138 989 2355 1046 confixos;
2383 1006 2461 1048 per
2489 1005 2598 1048 quos
2622 999 2765 1036 vectes
2787 1003 2864 1047 per

1611 1074 1904 1122 transversum
1930 1066 2112 1123 parietis>
2130 1065 2317 1111 immissi
2344 1065 2538 1109 tabulata
2562 1065 2742 1109 tirmiter
2762 1076 2863 1110 con·

1610 1131 1822 1187 tinebant.
2324 1135 2325 1138 ’
2419 1133 2422 1138 ’
2450 1136 2451 1139 ’
2880 1132 2886 1139 ’

1664 1215 1751 1260 LV.
1792 1215 1926 1260 Erant
1959 1221 2100 1259 autem
2127 1220 2272 1258 vectes
2289 1213 2486 1271 deligitis
2505 1214 2629 1256 setim
2654 1212 2858 1275 inaurati.

1607 1366 1737 1410 unius
1760 1365 1897 1408 vectis
1924 1366 1967 1406 in
1990 1370 2121 1420 caput
2145 1363 2324 1406 alterius
2359 1362 2403 1404 in
2442 1361 2617 1404 modum
2651 1359 2788 1413 cocci,
2813 1364 2862 1404 ut
2884 1387 2885 1392 =

1607 1453 1656 1484 ex
1683 1439 1881 1496 pluribus
1906 1441 1968 1482 sie
1993 1439 2162 1482 innexis
2193 1437 2316 1493 quasi
2338 1448 2450 1479 unus
2473 1435 2607 1480 vertis
2637 1435 2860 1478 immensae
2886 1483 2890 1490 Ἴ,

1606 1512 1887 1568 longitudinis
1925 1511 2174 1563 videretur;
2213 1514 2326 1554 sicut
2361 1510 2406 1552 in
2441 1508 2597 1552 baculo
2633 1506 2860 1552 Sambucae

1607 1586 1863 1642 pontificalis
1897 1586 2087 1630 eburneo
2107 1583 2218 1647 ¹lieri
2254 1583 2378 1627 solet.
2418 1580 2508 1624 {loc
2539 1592 2645 1625 sane
2682 1579 2856 1635 planum
2887 1595 2890 1599 ·

1603 1668 1734 1710 esset,
1756 1660 1838 1704 nisi
1857 1659 2066 1703 Dominus
2085 1656 2339 1707 addidisset,
2361 1656 2473 1712 quod
2498 1654 2690 1710 quinque
2711 1655 2859 1698 vectes

1599 1742 1745 1779 essent
1762 1735 1805 1795 in
1825 1736 1955 1780 latere
1972 1734 2027 1778 ad
2039 1734 2304 1790 aquilonem,
2324 1737 2365 1776 et
2383 1730 2559 1774 totidem
2575 1729 2624 1772 ad
2642 1733 2854 1779 austrum.
2870 1748 2895 1791 <i

1600 1816 1643 1852 et
1675 1795 1853 1852 totidem
1888 1809 1941 1851 ad
1973 1809 2259 1856 occidentem,
2287 1804 2402 1862 quod
2438 1804 2583 1848 minus
2614 1797 2895 1862 congruum}

1601 1881 1787 1942 videtur.
1813 1881 1921 1925 Cum
1943 1883 2057 1926 enim
2077 1881 2258 1938 quilibet
2277 1879 2413 1923 vectis
2435 1877 2627 1937 quinque
2644 1878 2760 1921 esset
2783 1885 2858 1921 cuv
2891 1870 2893 1876 ’

1599 1954 1804 2006 bitot-um,
1841 1955 2033 2011 quinque
2074 1953 2265 2010 protensi
2320 1952 2364 1994 in
2405 1952 2535 1994 latere
2575 1962 2661 1992 uno
2702 1945 2852 2003 viginti

1599 2029 1788 2083 quinque
1808 2028 1978 2071 cubitos
2003 2032 2171 2068 tantum
2195 2024 2525 2080 contingebantz
2556 2022 2701 2077 itaque
2724 2019 2852 2076 quin·
2887 2058 2889 2061 ,

1597 2112 1680 2155 que
1713 2099 1846 2143 cubiti
1871 2098 1988 2142 illius
2023 2097 2170 2140 lateris
2203 2095 2436 2139 manebant
2470 2094 2633 2136 intacti.
2662 2089 2708 2134 In
2731 2090 2851 2135 oeci·
2887 2096 2889 2103 ·

1596 2173 1755 2216 «lentati
1773 2184 1876 2217 vero
1898 2173 2032 2215 latere
2053 2170 2138 2214 duo
2157 2175 2324 2213 tantum
2344 2166 2625 2212 sufficiebant.
2649 2163 2759 2209 Sunt
2775 2164 2848 2220 qui

1595 2245 1746 2288 dicunt
1769 2244 1822 2289 de
1852 2244 1992 2288 tribus
2014 2242 2209 2286 vectibus
2232 2239 2462 2296 superfluis
2486 2250 2619 2282 unum
2641 2236 2848 2295 superad-

1595 2319 1732 2363 ditum
1754 2319 1947 2374 quinque
1969 2316 2166 2362 vectibus
2190 2316 2233 2359 in
2268 2315 2402 2358 latere
2428 2309 2773 2368 septentrionali,
2805 2315 2849 2354 et

1593 2394 1724 2436 alium
1751 2393 1796 2435 in
1821 2391 2018 2442 australi,
2047 2395 2090 2434 et
2123 2389 2186 2433 sic
2208 2387 2324 2445 quod
2350 2386 2499 2430 deerat
2535 2383 2812 2443 adimpletum
2835 2399 2844 2426 :

1594 2465 1784 2509 Tertium
1810 2471 1974 2510 sectum
1997 2464 2042 2507 in
2070 2463 2194 2514 duos,
2221 2461 2293 2518 qui
2311 2460 2440 2517 positi
2461 2464 2589 2504 erant
2610 2454 2846 2501 in³duobus

1592 2537 2010 2593 anguiisparietum,
2034 2542 2082 2578 ut
2105 2533 2321 2579 recurvati
2342 2532 2570 2587 juncturas
2592 2522 2844 2587 angulorum

1593 2610 1863 2666 colligarent,
1901 2608 2018 2652 sicut
2051 2607 2266 2662 iuncturae
2305 2605 2560 2660 angulorum
2589 2603 2631 2646 in
2669 2600 2843 2646 scriniis

1591 2681 1728 2725 trabis
1753 2681 1877 2736 ligari
1914 2680 2082 2733 solent;
2119 2679 2195 2723 sed
2227 2678 2308 2722 boc
2331 2690 2381 2722 ex
2408 2678 2551 2720 littera
2573 2675 2731 2732 conjici
2755 2678 2843 2717 non

1593 2758 1749 2810 potest.
1777 2752 1886 2806 Quia
1909 2764 2010 2808 ergo
2034 2752 2079 2794 in
2098 2751 2238 2795 littera
2261 2755 2344 2804 est,
2369 2750 2560 2806 quinque
2583 2754 2732 2792 vectes
2762 2743 2843 2790 im·

1592 2826 1702 2869 mitti
1728 2838 1803 2882 per
1837 2825 2002 2869 medias
2024 2823 2193 2868 tabulas
2216 2835 2241 2866 a
2276 2835 2443 2868 summo
2476 2833 2614 2879 usque
2637 2820 2691 2863 ad
2723 2831 2843 2863 sum-

1590 2912 1725 2951 mum,
1749 2898 1801 2943 de
1814 2898 2040 2942 altitudine
2053 2897 2229 2954 parietis
2252 2896 2431 2952 intelligi
2456 2902 2586 2953 patet.
2614 2894 2717 2938 Erat
2736 2906 2840 2952 ergo

1584 2972 1709 3027 juxta
1746 2971 2040 3016 summitatem
2074 2971 2251 3028 parietis
2291 2981 2554 3026 supremam.
2577 2981 2689 3013 unus
2733 2967 2840 3012 ordo

1589 3046 1775 3088 vectium
1797 3050 2004 3089 extensus
2026 3056 2102 3100 per
2121 3048 2258 3087 totum
2284 3042 2491 3099 parietem
2514 3041 2558 3086 in
2581 3040 2772 3098 longum,
2797 3047 2840 3084 et

1584 3119 1707 3175 Juxta
1732 3118 2022 3162 summitatem
2043 3116 2292 3168 inferiorem
2319 3115 2428 3160 alius
2453 3113 2561 3159 ordo
2582 3114 2625 3158 in
2641 3113 2840 3159 eumdem

1590 3191 1780 3242 modum,
1805 3196 1847 3235 et
1872 3191 1917 3234 in
1938 3191 2079 3235 media
2100 3189 2278 3245 planitie
2304 3196 2390 3233 tres
2417 3187 2622 3246 ordines:
2653 3192 2701 3231 ut
2724 3186 2839 3242 quod

1588 3264 1750 3321 dictum
1779 3270 1844 3307 est
1868 3263 2058 3320 quinque
2080 3269 2223 3308 vectes
2247 3262 2381 3307 fuisse
2409 3261 2454 3306 in
2477 3259 2565 3309 u'no
2595 3262 2731 3306 latere
2762 3272 2839 3317 po·

1588 3337 1675 3380 tius
1698 3337 1750 3381 ad
1772 3348 1999 3381 numerum
2017 3336 2233 3388 ordinum,
2253 3349 2380 3393 quam
2399 3334 2584 3398 vectium
2608 3335 2835 3380 reseratur.

1587 3491 1629 3528 et
1653 3485 1697 3528 in
1720 3497 1978 3541 unoquoque
2002 3484 2187 3528 duorum
2220 3475 2434 3539 parietum
2466 3488 2609 3527 vectes
2641 3482 2834 3538 triginta,

1588 3558 1688 3614 quia
1710 3558 1900 3614 quinque
1922 3556 2122 3600 ordinum
2147 3557 2326 3613 quilibet
2348 3568 2423 3601 sex
2456 3561 2602 3600 vectes
2633 3546 2832 3599 habebat.

1589 3630 1633 3673 ln
1660 3631 1791 3674 latere
1815 3629 2070 3674 occidentali
2095 3630 2243 3674 decem
2266 3635 2410 3674 vectes
2430 3628 2522 3673 bini
2544 3640 2620 3685 per
2639 3620 2841 3684 singulos

1588 3703 1776 3747 ordines.
1805 3702 1914 3746 Sunt
1933 3704 2008 3760 qui
2024 3703 2170 3747 dicant
2192 3714 2279 3746 non
2301 3715 2452 3747 omnes
2475 3707 2619 3746 vectes
2641 3694 2833 3757 ciusdem

1587 3778 1839 3834 quantitatis
1881 3777 2054 3822 fuisse:
2096 3776 2181 3821 Sed
2215 3776 2394 3833 quilibet
2437 3774 2640 3826 vectium,
2682 3777 2837 3830 praeter

1589 3852 1778 3907 quinque
1798 3851 1871 3906 qui
1907 3856 2030 3893 erant
2062 3850 2107 3894 in
2140 3851 2308 3907 magnis
2347 3850 2569 3898 lateribus,
2606 3851 2729 3891 erant
2759 3859 2834 3890 sex

1587 3925 1830 3968 cubitorum
1850 3939 1859 3967 ε
1885 3931 1927 3967 et
1950 3924 2008 3966 ita
2029 3924 2218 3981 quinque
2242 3922 2508 3968 sufficiebant
2527 3921 2584 3965 ad
2603 3921 2829 3965 contineri·

1588 3998 1688 4041 dum
1721 3999 1902 4055 triginta
1932 3998 2135 4052 cubitos3
2160 4003 2222 4043 et.
2253 3997 2443 4054 quinque
2480 4000 2638 4047 vectes,
2662 3993 2736 4050 qui
2777 3992 2829 4035 ad

1587 4069 1853 4115 occidentem
1876 4076 2015 4119 erant,
2033 4068 2190 4125 singuli
2206 4067 2391 4121 duorum
2414 4075 2537 4113 erant
2558 4065 2799 4109 cubitorum
2816 4056 2856 4116 ;”’

1587 4143 1661 4187 sed
1698 4142 1910 4200 Iosephus
1946 4142 2061 4200 (st-1)
2094 4142 2274 4198 loquens
2309 4141 2360 4184 de
2396 4140 2462 4183 liis
2498 4139 2706 4190 vectibus,
2737 4137 2826 4180 ait:

1587 4229 1825 4274 unoquoque
1846 4217 2019 4261 habente
2037 4213 2362 4273 maqnitudinem
2383 4212 2615 4256 cubitorum
2636 4210 2825 4267 quinque.
2898 4265 2903 4268 Β

1640 4289 1744 4344 nvi.
1773 4289 1930 4335 Scribit
1952 4300 2057 4334 vero
2085 4294 2127 4332 et
2151 4288 2232 4331 hoc
2256 4286 2384 4330 modo
2409 4286 2462 4331 de
2495 4284 2664 4329 duobus
2700 4281 2825 4330 velis,

1585 4376 1764 4419 quorum
1795 4371 1885 4409 erat
1925 4362 2135 4419 tummin
2173 4360 2349 4405 introitu
2388 4357 2669 4410 tabernaculi,
2712 4354 2843 4418 aliud¹
2906 4363 2907 4366 ’
