2924 4588
223 169 308 245 υἷ’,

220 370 319 401 mus
362 354 491 398 ibide
514 358 637 406 gente
673 348 936 392 Francorum
973 341 1160 400 imperii,
1185 346 1226 385 et
1267 335 1450 393 Augusti

223 439 384 472 nomen
403 399 612 479 sumpsit?
626 432 784 475 eosque
810 419 884 474 qui
906 416 1090 461 Leonem
1129 425 1281 470 papam
1315 411 1450 454 deho-

222 502 508 548 nestaverant,
533 493 781 550 deponendo
805 491 848 533 in
891 489 1089 534 exsilium
1126 485 1258 530 misit.
1306 482 1451 537 ltaque

221 578 319 630 post
344 567 684 617 Constantinum,
702 564 831 608 irenae
856 562 1005 612 tilium,
1029 571 1151 614 reges
1186 555 1451 599 Francorum

221 645 433 702 ponimus,
460 641 605 697 priora
629 643 819 693 tempora
842 639 1098 690 repetentes,
1125 636 1168 676 et
1198 628 1451 684 incipientes

221 730 243 760 a
263 715 501 764 Clodovae0,
526 711 599 768 qui
617 716 765 755 sextus
782 720 857 751 rex
877 705 1141 748 Francorum
1160 701 1258 752 suit,
1280 705 1322 743 et
1362 701 1452 754 pri-

224 800 322 833 mus
345 797 493 843 regum
515 783 706 841 ejusdem
724 781 863 837 gentis
879 790 903 821 a
927 778 1053 822 beato
1095 773 1289 829 Remigio
1317 770 1454 826 bapti-

221 867 343 906 zatus
362 867 426 904 est
440 891 452 911 ,
475 865 518 903 et
538 869 613 902 eos
630 866 768 911 usque
789 853 844 897 ad
861 850 1126 895 Ludovicum
1179 844 1369 889 Lotharii
1398 843 1450 886 ti-

220 937 325 980 lium
359 931 650 991 perducimus,
693 927 766 984 qui
821 937 897 969 rex
939 937 989 968 ex
1039 922 1195 966 clerico
1233 918 1389 967 factus,
1427 927 1452 959 a

220 1006 397 1051 Francis
421 1011 587 1061 captus,
606 999 800 1045 Lauduni
825 997 1016 1042 interiit:
1045 995 1087 1039 in
1112 1005 1198 1049 quo
1222 990 1449 1048 progenies

221 1079 360 1124 Caroli
381 1076 524 1135 magni
545 1076 587 1119 in
604 1074 775 1130 regibus
802 1069 1061 1114 Francorum
1085 1066 1254 1111 defecit.

275 1149 398 1195 exn.
417 1148 520 1194 Post
536 1149 647 1191 hunc
666 1145 945 1194 Ludovicum‚
965 1152 1086 1197 reges
1106 1139 1303 1196 ponimus
1322 1133 1455 1178 Fran-

222 1235 368 1269 corum
403 1221 477 1278 qui
513 1220 565 1264 de
596 1230 749 1275 genere
779 1214 971 1270 ilugouis
1000 1212 1148 1268 Capeti
1183 1209 1378 1260 suerunt,
1409 1211 1454 1249 et

220 1295 492 1354 perducimus
510 1304 581 1337 eos
605 1302 740 1345 usquc
764 1289 816 1331 ad
836 1288 964 1337 hunc,
983 1285 1056 1340 qui
1083 1284 1125 1326 in
1150 1280 1346 1338 praesenti
1369 1283 1452 1329 est,

220 1370 462 1425 Philippum
495 1364 701 1409 Ludovici
734 1363 881 1411 tilium,
908 1360 980 1416 qui
1014 1357 1094 1399 suit
1127 1353 1348 1403 Ludovici,
1384 1350 1456 1407 qui
1484 1352 1515 1394 Β
1539 1345 1671 1401 igitur
1697 1343 1795 1388 Sem
1819 1345 2068 1401 genealogia
2085 1345 2259 1389 ducitur
2278 1359 2415 1403 usque
2432 1347 2485 1391 ad
2513 1348 2694 1402 Woden,
2711 1351 2785 1407 qui
2819 1391 2823 1394 .

221 1443 301 1487 suit
323 1441 521 1497 Philippi,
550 1438 621 1495 qui
647 1437 727 1481 suit
750 1434 940 1486 chrici,
965 1434 1037 1489 qui
1064 1429 1143 1473 ruit
1165 1427 1359 1476 Roberti,
1386 1424 1459 1481 qui

222 1515 299 1558 t'uit
321 1512 511 1569 lingonis
536 1510 683 1566 Capet.
701 1507 804 1551 Post
825 1507 1057 1569 huncbvero
1079 1501 1319 1557 Philippum
1339 1510 1460 1554 reges

222 1586 421 1642 ponimus
435 1583 681 1640 Anglorum,
699 1580 980 1637 perducentes
1000 1588 1076 1620 eos
1092 1574 1146 1618 ab
1167 1572 1339 1617 Alsredo
1362 1582 1462 1626 rege

220 1657 604 1706 christianissimo,
630 1664 766 1709 usque
789 1651 842 1694 ad
865 1651 980 1693 hunc
1002 1647 1234 1692 Henricum
1267 1644 1457 1693 tertium,

220 1731 396 1778 secundi
408 1728 586 1776 ,ilenrici
606 1726 754 1770 tilium.
773 1723 824 1767 Et
841 1730 937 1781 post
961 1723 1075 1766 hunc
1091 1718 1323 1763 Heni-icum
1338 1724 1461 1774 reges

219 1803 423 1861 quosdam
459 1799 685 1844 Scotorum
703 1797 901 1854 ponimus
921 1807 944 1838 a
963 1793 1203 1842 Malcolmo,
1237 1790 1311 1846 qui
1334 1789 1460 1834 Chri-

220 1875 524 1923 stianissimam
555 1873 744 1929 reginam
779 1871 1075 1931 Margaretam,
1101 1878 1196 1923 quae
1223 1863 1302 1908 suit
1325 1869 1462 1907 mater

198 1946 587 1993 excellentissimae
635 1944 790 2000 reginae
826 1941 1058 1992 Mathildis,
1108 1938 1253 1982 uxoris
1286 1935 1458 1980 ilenrici

219 2021 363 2079 primi,
374 2022 485 2077 regis
497 2018 745 2075 Angtorum,
756 2022 799 2060 et
816 2015 966 2078 matris
976 2011 1210 2057 Maithildis
1220 2008 1461 2065 imperatri-

220 2094 299 2148 cis,
322 2105 417 2151 quae
441 2081 587 2149 postea
610 2089 757 2146 nupsit
778 2086 990 2142 Wali'rido
1012 2085 1157 2130 comiti
1180 2081 1460 2138 Andegaven-

222 2170 274 2219 si,
300 2173 343 2212 et
366 2165 529 2225 peperit
548 2165 587 2210 ei
612 2163 843 2208 ilenricum
871 2160 1106 2207 secundum
1128 2169 1267 2213 regem
1302 2154 1462 2210 Anglo-

220 2254 340 2290 rum,
373 2244 414 2283 et
445 2232 610 2295 patrem
639 2236 768 2292 huJus
799 2234 971 2278 Henrici
1000 2231 1118 2277 tertii
1152 2231 1263 2285 regis
1301 2226 1462 2283 Anglo·

222 2297 334 2363 rum,
360 2312 404 2355 in
429 2310 671 2365 conjugium
695 2307 893 2365 sumpsit,
921 2318 995 2351 eos
1016 2303 1291 2362 perducimus
1325 2310 1460 2355 usque

223 2385 275 2428 ad
302 2371 417 2445 hunc
448 2381 723 2428 Wilhelmum
749 2393 891 2437 regem
926 2378 1180 2427 Scotorum,
1220 2374 1346 2426 cuius
1380 2372 1459 2415 fuit

220 2464 343 2514 {ater
364 2451 507 2500 'comes
544 2453 777 2506 Benricus3
810 2452 937 2508 huJ‘us
972 2456 1092 2507 pater
1121 2447 1348 2503 religiosus
1384 2457 1460 2489 rex

223 2529 374 2582 havid,
398 2528 522 2586 cujus
546 2533 680 2571 mater
702 2526 782 2570 suit
811 2524 1085 2569 sanctissima
1106 2520 1262 2565 semina
1295 2518 1460 2573 Marga·

222 2596 330 2654 reta,¹
348 2600 741 2660 'praecellentissima
763 2599 910 2655 regina
925 2596 1167 2642 Scotorum,
1185 2592 1372 2637 nominis
1393 2588 1460 2634 sui

225 2673 494 2731 splendorem
518 2683 684 2716 morum
707 2671 938 2727 praeferens
963 2668 1204 2713 sanctitate.
1226 2665 1363 2720 Huius
1384 2675 1460 2719 pa-

223 2750 289 2788 ter
319 2743 572 2797 Edwardus,
595 2744 668 2800 qui
705 2742 785 2786 suit
811 2742 922 2786 tilius
955 2739 1167 2801 Eadmundi
1203 2737 1317 2794 regis
1354 2735 1462 2779 inri-

224 2816 422 2865 ctissimi,
451 2816 575 2870 cujus
595 2821 716 2871 pater
739 2813 1016 2863 Edbelredus,
1035 2813 1158 2868 cuius
1181 2816 1302 2867 pater
1325 2809 1462 2865 Edga-

222 2899 301 2932 rus
330 2885 555 2935 Pacificas,
579 2885 703 2940 quus
732 2890 852 2941 pater
885 2883 1148 2935 Edmundus,
1182 2882 1306 2938 cujus
1342 2887 1461 2937 pater

225 2957 459 3003 Edwardus
483 2958 651 3010 Senior,
680 2958 803 3014 cujus
827 2963 947 3013 pater
970 2958 1125 3001 nobilis
1148 2954 1459 3010 Elvrcdu8‚.qui

226 3034 306 3076 tuit
349 3031 463 3076 filius
490 3030 711 3086 Ebelviphi
742 3031 883 3086 regis,
917 3030 989 3088 qui
1026 3030 1105 3074 suit
1129 3029 1241 3086 regis
1272 3027 1458 3084 Egberti,

226 3103 351 3159 quus
374 3110 495 3159 pater
514 3101 793 3151 Elemundus,
820 3101 944 3157 cujus
966 3107 1086 3158 pater
1109 3100 1214 3152 Effa,
1240 3100 1364 3155 quus
1388 3110 1464 3154 pa-

225 3182 292 3219 ter
325 3171 458 3230 Eppa,
485 3174 611 3230 cujus
639 3179 760 3228 pater
784 3171 940 3229 lngles,
963 3173 1089 3229 cujus
1121 3172 1251 3216 irater
1281 3170 1361 3214 suit
1396 3168 1462 3211 i‘a-

225 3245 495 3290 mosissimus
518 3257 591 3289 rex
614 3243 686 3288 ine
707 3246 879 3288 nomine
899 3261 909 3288 t
928 3257 1109 3302 quorum
1135 3252 1257 3300 pater
1278 3243 1465 3287 Ceonre-

222 3317 325 3370 sius,
348 3317 422 3375 qui
446 3316 525 3361 tuit
559 3317 673 3361 iilius
708 3317 966 3371 Ceonwaldi,
993 3319 1067 3375 qui
1098 3318 1178 3362 suit
1209 3317 1362 3368 Cutha,
1389 3314 1463 3372 qui

227 3390 308 3436 tuit
328 3389 544 3442 Cuthwin‚
569 3390 643 3447 qui
667 3390 747 3434 suit
772 3390 940 3443 Eculin,
964 3392 1038 3447 qui
1065 3390 1144 3433 tuit
1166 3390 1367 3440 cheuric,
1389 3391 1462 3445 qui

228 3463 309 3509 tuit
330 3462 535 3516 cerodae,
562 3463 635 3519 qui
659 3462 740 3506 suit
770 3462 994 3515 Ceordaic,
1019 3464 1093 3519 qui
1117 3463 1197 3506 suit
1224 3462 1361 3511 Aleia,
1387 3461 1460 3518 qui

228 3537 292 3578 uit
328 3534 443 3587 Eisa,
479 3534 551 3590 qui
584 3534 663 3577 l'uit
699 3533 875 3578 Genuis.
931 3534 1013 3578 lste
1053 3536 1132 3577 suit
1162 3542 1290 3591 caput
1320 3534 1458 3590 gentis

229 3618 332 3657 suae,
359 3617 383 3649 a
403 3616 490 3662 quo
510 3610 597 3649 tota
620 3618 724 3662 gens
749 3607 818 3649 illa
841 3618 995 3651 nomen
1022 3607 1187 3662 accepit
1207 3623 1216 3649 :
1235 3607 1360 3662 qu‘us
1382 3618 1459 3663 pa·

227 3685 294 3724 ter
314 3678 435 3736 Wig,
454 3679 579 3735 cuius
602 3686 722 3736 pater
747 3678 954 3731 Frewine,
974 3680 1098 3734 eujus
1121 3688 1241 3736 pater
1258 3679 1456 3736 Fredgar,

230 3749 354 3805 cujus
374 3755 494 3806 pater
518 3749 675 3802 Brand,
702 3751 826 3806 quus
850 3758 968 3806 pater
991 3751 1160 3807 Beldeg,
1184 3751 1309 3806 quus
1338 3758 1459 3807 pater

229 3819 412 3873 Woden,
434 3823 505 3878 qui
538 3822 617 3866 fuit
649 3822 759 3867 tilius
794 3823 1054 3868 Frabewald.
1090 3825 1163 3880 qui
1194 3825 1274 3869 suit
1299 3825 1455 3876 Freiof‚

230 3893 303 3948 qui
327 3891 405 3936 suit
425 3893 678 3946 Frebewulf,
702 3896 774 3951 qui
798 3895 876 3940 suit
905 3895 1146 3952 Fungentur,
1172 3899 1242 3954 qui
1271 3899 1350 3943 suit
1382 3898 1460 3943 Be-

231 3973 288 4016 ta‚
312 3966 382 4021 qui
417 3966 495 4009 suit
529 3966 713 4018 Geatwa,
739 3970 811 4024 qui
847 3969 925 4012 suit
948 3970 1049 4021 Beu,
1073 3971 1145 4026 qui
1179 3970 1260 4014 suit
1291 3970 1458 4020 Sedwa,

231 4035 305 4091 qui
326 4034 405 4079 suit
427 4036 652 4089 Heremod,
680 4041 751 4094 qui
776 4039 854 4083 suit
877 4038 1076 4091 itermod,
1100 4043 1173 4097 qui
1197 4042 1275 4085 suit
1307 4042 1456 4093 Hatur,

233 4106 306 4162 qui
331 4106 411 4150 ruit
434 4107 572 4160 wala,
596 4110 668 4165 qui
692 4110 772 4153 suit
791 4110 1003 4172 Peadwig‚
1030 4113 1102 4169 qui
1137 4112 1216 4156 fuit
1244 4113 1358 4165 Sem,
1384 4127 1461 4158 cu·

231 4178 302 4234 jus
325 4184 443 4235 pater
464 4180 567 4234 Noe,
585 4182 706 4237 cujus
729 4190 848 4238 pater
871 4184 1071 4237 Lamech,
1091 4188 1215 4242 cujus
1235 4194 1353 4243 pater
1372 4188 1461 4230 Ma-

237 4248 460 4299 thusalem,
496 4252 775 4307 cujus'pater
805 4253 964 4305 Enoch,
990 4256 1114 4311 cujus
1148 4263 1267 4312 pater
1296 4258 1457 4310 tareth,

236 4319 308 4374 qui
345 4320 423 4363 suit
464 4322 575 4366 sslius
616 4323 805 4376 Malalee,
830 4328 904 4383 qui
943 4328 1023 4371 luit
1058 4329 1236 4382 Cainau,
1270 4332 1343 4387 qui
1380 4332 1462 4375 fuit

236 4385 366 4441 Enos,
390 4392 463 4449 qui
501 4392 579 4436 ruit
617 4393 736 4446 Seth,
768 4398 842 4453 qui
880 4398 957 4443 suit
997 4394 1108 4447 iilius
1143 4402 1295 4457 Adam,
1327 4406 1461 4462 patris

295 4462 408 4519 (515)
437 4463 775 4524 Woedensdagh.

548 174 577 209 ⁸
1098 176 1265 222 anain
1284 163 1868 219 ruffiacus‘rmmssis
1941 226 1944 230 .

223 287 408 343 subegit.
435 280 701 328 ldem'etiam
725 258 872 333 p8stea
898 268 1076 338 Romam
1113 271 1334 326 ingressus
1363 263 1453 321 pri·
1475 274 1509 318 A
1531 261 1741 305 omnium.
1757 256 1860 302 Seth
1880 261 2009 300 natus
2025 260 2090 299 cst
2107 265 2187 311 pro
2200 254 2322 307 Abel,
2341 269 2466 313 quem
2483 258 2775 308 occiditcamn,

1481 2423 1514 2468 C
1543 2434 1764 2490 Hecbrith,
1799 2439 1874 2495 qui
1906 2446 2036 2482 tantae
2073 2438 2154 2482 suit
2187 2441 2430 2498 probitatis,
2467 2447 2514 2485 ut
2544 2441 2788 2486 universam

1486 3497 1521 3539 D
1546 3466 1591 3502 ut
1628 3466 1763 3504 totam
1798 3469 1953 3507 terram
1995 3477 2118 3515 suam
2154 3478 2232 3521 pro
2271 3465 2446 3510 Christo
2468 3466 2718 3514 decimaret.
2742 3472 2787 3511 et
2843 3527 2845 3530 ι

1527 3842 1669 3897 ‘syrias
1702 3832 1855 3874 multas
1873 3832 2133 3887 pauperibus
2163 3843 2362 3888 erogans.
2399 3830 2482 3876 Sed
2514 3836 2557 3875 et
2587 3831 2784 3877 ecclesiis
2818 3835 2852 3884 ,’

2697 167 2777 217 m

1534 331 1658 375 Sicut
1678 335 1823 374 autem
1848 330 1894 371 in
1924 326 2029 371 Abel
2051 326 2212 372 Christi
2241 330 2404 385 passio,
2427 330 2488 373 ita
2512 338 2555 376 et
2588 334 2634 377 iu
2672 327 2777 380 Sub
2808 316 2856 374 3}
2922 380 2924 382 ,

1531 403 1695 448 Christi
1712 407 1779 446 est
1807 399 2070 445 resurrectio
2097 395 2295 456 tigitrata.
2325 400 2428 446 Seth
2454 403 2569 447 enim
2599 403 2781 450 Hebrai-
2826 395 2828 398 ’
2862 419 2866 461 ss

1532 487 1631 519 cum
1649 486 1805 518 nomen
1828 479 1911 524 est,
1939 478 1981 516 et
2006 473 2149 529 lingua
2173 472 2324 516 Latina
2343 475 2501 520 dicitur
2515 462 2777 527 resurrectio.
2811 498 2815 518 ι
2859 464 2866 467 ’

1590 545 1733 591 cxlii.
1762 546 1829 589 Ab
1852 547 1934 588 hoc
1966 545 2099 600 igitur
2126 543 2228 588 Seth
2260 545 2434 590 ducitur
2454 551 2674 605 generatio
2704 554 2819 596 *uss-i

1531 632 1614 676 que
1638 619 1690 662 ad
1713 618 1876 671 Enoch,
1897 617 1971 674 qui
1996 619 2122 662 vivus
2145 631 2168 662 a
2194 618 2279 678 Deo
2305 622 2540 679 translatus
2559 635 2656 666 cum
2682 633 2813 670 san-,t

1532 699 1602 736 cto
1625 692 1716 735 Elia
1739 691 1996 735 Antichristi
2022 692 2296 747 praestolatur
2318 694 2564 739 adventum.
2591 694 2693 741 inde
2713 682 2823 754 vti-5⁷·
2922 731 2924 734 -

1531 767 1650 809 nitur
1686 764 1738 806 ad
1781 764 1887 815 Noe,
1929 765 2003 820 qui
2042 764 2162 809 solus
2199 777 2297 808 cum
2338 765 2439 811 tiliis
2472 775 2515 811 et
2553 770 2800 823 uxoribuss
2875 795 2878 798 >
2922 759 2924 777 ²

1532 834 1693 878 mundo
1715 839 1938 890 pereunte,
1963 836 2121 879 meruit
2150 836 2308 880 salvari
2331 839 2485 892 :cujus
2518 825 2818 896 primogeni-s

1533 915 1603 954 tus
1627 908 1727 954 Sem
1750 922 1773 951 a
1798 914 1919 965 patre
1951 910 2109 953 meruit
2136 910 2348 956 benedici.
2374 912 2532 957 Dicunt
2555 913 2783 960 Videt-hem

1533 981 1667 1026 fuisse
1700 981 1967 1025 sacerdotem
1999 982 2158 1025 summi
2195 981 2286 1035 Dei,
2311 989 2353 1026 et
2378 990 2524 1039 postea
2561 985 2784 1032 Melchise-
2813 989 2819 994 '
2875 982 2885 998 ”

1533 1054 1641 1099 decli
1665 1052 1800 1098 fuisse
1823 1059 2040 1104 vocatum,
2066 1054 2140 1109 qui
2164 1054 2207 1098 in
2235 1054 2368 1111 figura
2392 1057 2620 1102 sacerdotii
2642 1061 2783 1109 nostri
2821 1066 2824 1070 “

1532 1139 1686 1184 panem
1730 1126 1931 1171 offerebat
1984 1131 2027 1172 et
2074 1126 2239 1171 vinum.
2283 1127 2404 1173 Unde
2441 1137 2482 1174 et
2518 1132 2563 1175 in
2600 1130 2783 1178 Psalmis
2875 1187 2877 1189 ¹

1534 1200 1707 1244 Christo
1730 1199 1916 1242 dicitur:
1943 1199 2004 1242 Tu
2039 1213 2083 1243 es
2109 1201 2310 1257 [sacerdos
2332 1202 2375 1244 in
2409 1211 2608 1246 (eternum
2641 1215 2786 1248 sectum
2812 1237 2815 1242 .
2875 1200 2877 1202 ’

1534 1274 1635 1315 dnm
1676 1271 1861 1315 ordinem
1900 1271 2197 1317 Metonisedecn
2221 1273 2357 1330 (psat.
2382 1286 2471 1327 cix,
2496 1276 2559 1333 4).
2597 1276 2662 1320 Al)
2701 1278 2786 1322 isto
2812 1264 2822 1306 ζ’
2874 1315 2878 1323 ,

1541 1419 1620 1461 suit
1655 1424 1786 1463 tantae
1817 1419 2089 1464 auctoritatis
2110 1420 2224 1476 apud
2255 1432 2372 1473 suos,
2392 1427 2443 1464 rut
2476 1421 2625 1467 feriam
2656 1436 2815 1481 quar--

1539 1496 1643 1540 tam,
1668 1502 1797 1546 quam
1821 1491 2002 1547 gentiles
2026 1489 2208 1534 Romani
2231 1492 2343 1535 diem
2367 1491 2569 1536 Mercurii
2594 1495 2787 1550 appella·

1539 1562 1659 1614 bant,
1694 1562 1790 1618 ejus
1820 1563 1984 1607 nomini
2017 1570 2338 1608 consecrarent.
2379 1564 2484 1618 Quae
2520 1568 2788 1612 consuetudo
2819 1595 2822 1599 .

1541 1637 1595 1679 ab
1631 1635 1782 1693 Anglis
1817 1636 1948 1681 hodie
1983 1643 2209 1692 servatum
2247 1644 2401 1682 vocant
2433 1637 2550 1683 enim
2586 1641 2788 1686 eumdem
2818 1672 2824 1698 e

1542 1707 1655 1752 diem
1672 1707 1930 1752 Wodnesdei
1953 1707 2079 1767 [nunc
2103 1700 2366 1769 Wenesday]
2392 1710 2435 1755 id
2463 1718 2531 1757 est
2553 1712 2666 1757 diem
2687 1712 2793 1757 Woe

1540 1779 1624 1825 den
1649 1780 1780 1838 (515).
1805 1780 1942 1825 Porro
1965 1793 1990 1824 a
2011 1780 2179 1827 Woden
2200 1783 2314 1827 linea
2346 1785 2617 1840 cognationis
2650 1786 2791 1830 tendi-
2821 1820 2823 1825 .
2875 1818 2878 1826 .

1540 1859 1612 1898 tur
1638 1866 1774 1911 usque
1805 1854 1859 1898 ad
1882 1853 2080 1907 Getham,
2104 1857 2177 1912 qui
2212 1862 2252 1901 et
2286 1859 2378 1914 ipse
2409 1863 2538 1902 tantae
2567 1860 2791 1915 sapientioe

1540 1928 1715 1973 habitus
1734 1934 1800 1972 est
1837 1934 1880 1973 et
1901 1929 2091 1980 virtutis,
2116 1938 2164 1973 ut
2187 1942 2212 1973 a
2235 1931 2412 1987 paganis
2446 1943 2525 1987 pro
2548 1930 2636 1976 Deo
2670 1932 2788 1983 cole-
2814 1986 2816 1989 Ι
2874 1974 2877 1975 ⁷

1539 2006 1675 2044 retur.
1712 1998 1815 2045 Inde
1853 2001 2102 2058 proceditur
2139 2002 2191 2045 ad
2229 1991 2628 2049 eh'risuanissimos
2665 2016 2789 2064 reges
2820 2018 2826 2055 '.

1539 2072 1701 2129 Angliae
1723 2071 1878 2129 lngIes,
1903 2079 1945 2118 et
1969 2073 2056 2118 ine.
2082 2074 2272 2128 Quorum
2295 2074 2508 2128 1ne„cum
2539 2076 2790 2133 potentissi-

1541 2157 1638 2189 mus
1665 2157 1813 2203 regum
1841 2145 2006 2202 Angliae
2038 2153 2170 2199 esset,
2208 2149 2359 2192 relicto
2393 2160 2543 2204 reguo,
2567 2149 2789 2205 prosectu·
2869 2160 2873 2163 ’

1540 2222 1607 2262 est
1625 2218 1876 2274 peregrinus
1898 2218 2078 2263 Romam
2095 2234 2108 2273 ;
2125 2219 2269 2276 ibique
2292 2220 2474 2265 feliciter
2490 2222 2788 2278 peregrinans,
2822 2251 2828 2257 -
2870 2278 2871 2283 ¹
2920 2205 2924 2264 Γ.

1539 2290 1711 2334 tandem
1733 2291 1786 2336 ad
1802 2292 2021 2337 coelestem
2041 2293 2309 2338 mansionem
2333 2293 2500 2339 felicius
2518 2282 2787 2342 conscendit.
2865 2284 2877 2327 Γ
2922 2304 2924 2350 ξ

1539 2362 1604 2407 Ab
1626 2363 1766 2420 lngies
1788 2378 1893 2410 vero
1915 2366 2026 2411 linea
2050 2367 2320 2423 cognationis
2347 2368 2540 2413 tenditur
2567 2381 2706 2426 usque
2733 2368 2848 2413 ad

1540 2509 1670 2566 308
1691 2510 1887 2567 Angliam
1911 2523 1961 2556 ex
1986 2512 2164 2555 australi
2189 2521 2311 2569 parte
2333 2513 2550 2566 Humbroe,
2575 2526 2671 2571 quae
2692 2513 2788 2570 plu·
2867 2559 2875 2570 „
2922 2503 2924 2507 ¹

1539 2584 1660 2626 ribus
1687 2585 1856 2641 regibus
1880 2591 2059 2631 eatenus
2090 2587 2227 2632 divisa
2259 2588 2548 2643 subjacuerat,
2573 2601 2652 2634 suo
2685 2591 2768 2635 sub
2839 2625 2846 2642 Α,

1535 2655 1706 2712 jugaret
1738 2659 1936 2714 imperio,
1962 2664 2004 2702 et
2037 2660 2094 2703 ita
2129 2661 2294 2717 primus
2329 2663 2517 2705 omnium
2550 2661 2790 2707 monarcha

1538 2727 1702 2785 Angiiae
1736 2730 1968 2776 diceretur.
1994 2731 2138 2788 Hujus
2171 2733 2284 2778 tilius
2307 2733 2391 2778 fuit
2419 2734 2627 2792 Ebeluph‚
2654 2734 2786 2780 futuri
2809 2740 2812 2744 ’
2921 2754 2924 2762 ·

1541 2807 1658 2845 certe
1677 2803 1848 2858 generis
1872 2804 1940 2847 sui
1963 2805 2357 2862 splendidissimum
2381 2813 2525 2863 caput,
2550 2812 2594 2851 et
2615 2807 2669 2852 de
2700 2819 2789 2865 quo
2839 2791 2842 2796 ⁴
2870 2796 2873 2832 ³

1541 2875 1804 2920 sanctissimi
1839 2877 2008 2934 fructus
2040 2879 2257 2923 orirentur
2297 2881 2609 2936 pretiosissima
2642 2882 2783 2926 radix.
2920 2883 2924 2938 ]

1541 2945 1618 2991 Hic
1641 2948 1683 2990 in
1709 2948 1841 3006 regno
1863 2957 2034 2995 terreno
2057 2964 2229 3008 semper
2259 2950 2546 2998 meditabatur
2575 2954 2786 3009 coelestia,
2850 2940 2870 2999 ξΔ

1541 3025 1588 3061 ut
1611 3020 1836 3067 manifeste
1859 3023 2035 3068 daretur
2057 3025 2253 3082 intelligi,
2278 3038 2375 3071 eum
2408 3038 2496 3070 non
2517 3026 2679 3071 victum
2710 3038 2789 3072 cum
2849 3014 2873 3078 ’ζ

1541 3092 1734 3147 piditate,
1751 3095 1838 3140 sed
1859 3094 2392 3155 charitate'provocatum,
2419 3099 2568 3144 alienae
2597 3099 2783 3146 necesci—

1542 3168 1618 3210 tati
1642 3170 1867 3213 consulere
1903 3171 2135 3226 regnando,
2171 3184 2257 3215 non
2282 3184 2372 3217 suae
2406 3174 2616 3217 voluntati
2649 3174 2790 3226 domi·

1542 3239 1685 3282 nando
1711 3241 1976 3286 satisfacere.
1996 3242 2099 3286 Erat
2122 3244 2237 3288 enim
2268 3251 2389 3300 pater
2412 3231 2790 3302 orphanorumet
2849 3272 2855 3278 -

1539 3311 1671 3366 iudex
1694 3313 1936 3368 viduarum,
1962 3316 2254 3362 Ecclesiarum
2287 3319 2505 3376 defensor,
2529 3325 2789 3377 propagator
2839 3311 2844 3363 J

1543 3389 1922 3435 monasteriorum.
1946 3389 2241 3448 Eleemosynis
2258 3379 2363 3436 sane
2381 3392 2444 3437 sic
2459 3405 2634 3450 operam
2653 3393 2787 3438 dabat
2840 3395 2844 3398 ’

1542 3542 1706 3589 partem
1729 3537 1938 3581 decimam
1962 3550 2039 3594 per
2062 3538 2278 3583 Ecclesias
2302 3540 2650 3596 monasteriaque
2671 3539 2785 3584 divi-

1540 3610 1673 3654 deret.
1701 3610 1891 3664 Tandem
1914 3614 2012 3657 ctim
2045 3613 2181 3656 multo
2203 3619 2408 3669 apparatu
2433 3613 2612 3657 Romam
2643 3611 2787 3669 profe-

1539 3688 1651 3733 ctus,
1676 3683 1842 3740 integro
1864 3697 1978 3729 anuo
1999 3685 2055 3728 ibi
2079 3687 2391 3741 perendinavit,
2417 3687 2508 3730 loca
2532 3692 2681 3730 sancta
2705 3686 2788 3730 tre·

1539 3762 1771 3811 queritans,
1793 3763 1835 3801 et
1859 3759 2128 3802 orationibus
2151 3770 2327 3810 vacans,
2351 3765 2393 3802 et
2414 3758 2589 3815 vigiliis,
2607 3758 2787 3802 eleemo-
2848 3754 2851 3759 '

1540 3902 1886 3946 beatissimorum
1920 3905 2210 3960 apostolorum
2234 3904 2348 3948 Petri
2373 3910 2415 3948 et
2443 3903 2591 3956 Pauli,
2614 3904 2782 3960 ipsique

1541 3987 1709 4018 summo
1729 3976 1919 4032 pontifici
1941 3989 2020 4034 per
2039 3978 2202 4034 regiam
2226 3977 2562 4021 munificentiam
2597 3975 2780 4032 plurima

1540 4047 1720 4103 largitus
1734 4055 1801 4091 est
1824 4062 2027 4102 munera,
2045 4057 2088 4094 et
2111 4051 2173 4095 sic
2196 4063 2294 4093 cum
2318 4051 2549 4093 multarum
2571 4050 2779 4093 virtutum
2839 4039 2866 4055 ‘⁷

1541 4119 1766 4175 stipendiis
1790 4133 1990 4167 reversus
2011 4123 2055 4165 in
2079 4121 2292 4180 Angliam,
2319 4128 2416 4179 post
2430 4122 2650 4166 biennium
2667 4121 2780 4166 inter

1541 4193 1650 4236 filios
1668 4206 1845 4250 reguum
1880 4196 2096 4251 sapienter
2116 4195 2280 4248 divisit,
2301 4207 2377 4252 per
2409 4196 2574 4251 singula
2609 4195 2780 4242 territo-

1540 4267 1603 4309 ria
1628 4279 1706 4310 sua
1729 4280 1941 4323 pauperes
1972 4268 2166 4320 alendos,
2193 4281 2244 4313 ac
2263 4267 2510 4314 vestiendos
2539 4268 2776 4329 distribuit,

1542 4338 1768 4383 thesauros
1807 4352 1908 4385 suos
1950 4341 2289 4386 misericorditer
2325 4342 2545 4398 dispersit,
2583 4348 2626 4384 et
2663 4340 2780 4385 dedit

1542 4411 1824 4466 pauperibus,
1850 4425 1903 4456 ex
1927 4412 2083 4469 quibus
2101 4425 2185 4457 non
2210 4412 2420 4457 modicam
2442 4414 2682 4468 portionem
2705 4422 2778 4456 ec·
