2924 4588
261 158 362 204 ἱίὸί

1260 153 1422 196 PETRI
1452 150 1802 198 COMESTORIS

2702 128 2813 199 im

263 242 357 293 iileo
383 249 524 297 tinniit
549 247 835 303 Hieronymus
874 257 924 290 ea
959 256 1045 288 non
1086 255 1323 300 apponere,
1362 250 1507 287 tamen
1530 246 1567 290 A
1589 255 1672 286 vox
1707 242 1760 285 de
1785 242 1895 286 coelo
1923 243 2042 287 ruit:
2068 242 2162 287 Tibi
2204 243 2364 288 dicitur
2391 243 2825 292 Nabuchodonosor.

266 301 506 378 iirgulabat
532 306 581 364 ca
606 333 680 375 per
705 319 894 362 obelum.

325 393 597 436 “‘Additio”
575 406 615 434 o.
625 390 732 434 Ossa
752 388 1179 441 mix-arum‚·srue1us
1200 399 1346 432 earum
1373 387 1501 439 aridi,

261 475 302 511 ct
330 479 504 509 ainurca
531 465 702 507 intincti
727 464 832 506 saece
853 459 953 506 olei.

327 531 629 577 ¹·“Addf'tiol
672 532 781 575 Hinc
813 533 965 588 collige
1002 533 1123 588 quod*
1149 544 1259 586 saepe
1290 532 1386 587 quis
1410 538 1504 574 orat

266 611 304 650 in
335 607 471 649 forma
505 592 724 648 Ecclesiae.
745 603 818 647 Isti
844 604 956 647 enim
980 616 1066 646 non
1091 604 1397 646 commiserant
1412 615 1507 658 pec-

266 687 427 729 catum,
457 689 536 732 pro
562 689 647 732 quo
676 676 817 720 traditi
842 676 1027 719 fuissent
1051 676 1265 719 hostibus.

296 759 298 762 ’
321 754 406 768 ·····
411 750 583 792 Additio
604 751 645 792 5.
678 748 928 803 Philosophi
951 749 995 791 in
1030 749 1113 791 hoc
1143 749 1349 791 errabant
1391 750 1506 803 quod

263 818 461 871 spiritum
475 819 676 861 dicebant
698 830 794 861 esse
811 817 1045 872 quoddam,
1057 830 1144 873 quo
1157 819 1390 871 mediante,
1404 831 1505 862 con-

262 892 476 946 jungatur
501 891 643 933 anima
667 890 861 945 corpori.

319 966 423 982 ·····
426 962 598 1005 additio
623 962 662 1005 6.
685 962 890 1017 Tlieologi
914 968 1064 1007 autem
1087 964 1238 1007 dicunt
1263 964 1375 1008 duas
1408 977 1506 1008 esse

263 1037 377 1079 vires
420 1036 589 1086 animae,
630 1035 912 1089 superiorem,
947 1047 1074 1091 quam
1102 1036 1500 1085 rationabilitatem,

264 1106 530 1159 inferiorern,
551 1118 680 1161 quarn
706 1106 1028 1149 sensualitatem
1054 1107 1218 1158 dicunt,
1245 1112 1288 1150 et
1309 1108 1372 1150 sic
1394 1106 1505 1148 sorte

263 1181 306 1222 in
336 1181 546 1230 sententia
574 1191 660 1221 non
707 1177 912 1221 ‹litl'erunt
953 1178 1197 1234 philosophi
1231 1183 1273 1222 et
1299 1178 1503 1234 theologi.

360 1250 727 1297 CM.1V.1ertia
746 1252 846 1294 tisio
870 1251 1056 1293 Danielis
1073 1250 1123 1294 de
1141 1250 1306 1301 arbore,
1330 1256 1417 1296 cte.

1503 335 1514 340 κ
1589 314 1784 370 Regnum
1803 314 2003 359 transibit
2027 327 2049 358 a
2075 320 2117 359 te
2136 347 2147 367 ‚
2173 320 2215 360 et
2243 327 2343 359 cum
2374 315 2478 362 ieris
2508 316 2724 362 habitabis
2759 331 2822 364 oe·

1588 392 1701 441 ptem
1721 387 2005 441 temporibus
2033 388 2170 430 donec
2191 389 2304 431 scies
2329 388 2445 443 quod
2473 389 2719 434 dominetur
2745 390 2831 436 Ex·

1589 457 1731 500 celsus
1756 456 1798 498 in
1829 469 1961 512 regno
1981 457 2220 503 hominum.
2250 473 2266 499 ι
2300 457 2459 502 Eadem
2488 460 2592 504 bora
2614 472 2664 504 et
2691 460 2831 505 homi·-

1551 536 1554 540 ’
1586 527 1715 572 nibus
1739 527 1931 583 abjectus
1949 534 2029 579 est,
2055 534 2097 572 et
2122 525 2283 582 senum,
2302 535 2351 573 ut
2364 530 2442 574 hos
2461 533 2665 583 comedit,
2690 533 2831 578 donee

1589 600 1732 655 capilli
1747 601 1844 655 ejus
1868 607 2147 645 canescentes
2171 602 2214 644 in
2235 602 2563 647 similitudinem
2586 606 2831 661 aquilarum
2895 602 2905 666 ’ᾖ

1587 679 1851 723 crescerent,
1879 679 1922 716 et
1946 687 2112 730 ungues
2134 675 2230 730 ejus
2247 706 2259 726 ,
2292 676 2418 730 quasi
2466 678 2828 732 ungues'avium.
2903 717 2905 724 ,

1592 763 1605 786 ‹
1636 746 1770 802 igitur
1792 753 1890 803 post
1909 748 2002 792 dies
2028 748 2232 792 diffinitos
2259 760 2284 790 a
2307 747 2490 792 Domino
2505 761 2585 805 ego
2601 749 2830 796 Nabucbo-
2901 777 2905 805 3

1586 819 1777 863 donosor
1799 819 1935 862 levavi
1955 821 2105 864 oculos
2131 819 2184 862 ad
2208 821 2364 865 coelum
2379 852 2390 871 ,
2431 827 2473 864 et
2511 833 2667 867 sensus
2707 835 2832 868 meus
2903 843 2905 874 ;

1585 892 1780 936 redditus
1801 899 1865 936 est
1887 893 2010 944 mibi,
2031 899 2072 936 et
2084 893 2282 936 benedixi
2301 892 2525 938 Altissimo
2549 895 2617 938 cui
2639 901 2832 951 potestas
2903 895 2905 954 f

1587 963 1867 1020 sempiterna,
1879 969 2018 1008 etnon
2030 965 2182 1020 estqui
2194 965 2309 1009 dicat
2323 965 2360 1009 ei
2380 982 2388 1008 :
2406 965 2545 1017 Quare
2567 967 2631 1010 sic
2654 966 2792 1012 fecisti
2812 966 2834 1012 2
2851 976 2864 990 ·

1586 1035 1638 1078 Et
1666 1037 1956 1092 requisierunt
1994 1050 2063 1081 me
2095 1038 2324 1093 optimates
2347 1038 2560 1090 mei,ctin
2584 1052 2716 1097 regno
2735 1052 2834 1085 meo

1584 1111 1811 1154 restitutus
1846 1120 1960 1163 sum,
1985 1115 2027 1153 et
2045 1111 2361 1167 magnificentia
2379 1113 2560 1168 amplior
2582 1115 2747 1158 reddita
2765 1122 2835 1160 est

1584 1181 1705 1224 mibi.
1716 1196 1731 1222 ι
1750 1180 1809 1223 Ex
1827 1181 1895 1227 bis
1913 1188 2107 1237 apparet,
2122 1189 2164 1226 et
2181 1182 2448 1238 Epiphanius
2459 1191 2702 1238 attestatur
2713 1189 2831 1244 quod

1585 1263 1670 1294 non
1707 1253 1903 1307 corporis
1928 1252 2230 1305 mutationem,
2252 1254 2325 1297 sed
2356 1256 2484 1298 menti
2490 1257 2830 1304 salienationent

321 1322 523 1376 Sequitur
548 1322 670 1364 tertia
700 1322 810 1364 visio
832 1320 1024 1365 Danielis
1049 1334 1179 1376 quam
1208 1334 1294 1366 non
1323 1323 1502 1379 scripsit
1530 1305 1559 1347 Β
1583 1330 1830 1378 passusest‚
1850 1330 1893 1367 et
1913 1325 2084 1367 ablatus
2097 1329 2160 1368 est
2179 1325 2453 1381 ususlinguae
2480 1327 2829 1383 adloquendum,
2894 1335 2895 1338 ’

264 1394 429 1447 Daniel,
454 1394 529 1437 sed
552 1398 617 1437 est
637 1394 819 1449 epistola
851 1394 982 1449 regis,
1025 1407 1154 1450 quam
1188 1396 1366 1451 scripsit
1405 1395 1504 1438 uni-

266 1477 544 1522 versoregno
567 1479 660 1518 suo,
682 1473 909 1522 postquam
934 1467 986 1509 de
1007 1467 1144 1510 bestia
1173 1468 1399 1512 restitutus
1437 1474 1503 1512 est

256 1539 306 1579 ‘in
327 1538 543 1581 bominem
561 1547 602 1581 et
628 1539 670 1580 in
688 1551 866 1594 regnum
892 1539 1020 1595 (Dan.
1047 1540 1125 1596 lv).
1164 1539 1210 1583 ln
1232 1552 1317 1596 qua
1337 1540 1501 1595 praedi-

263 1611 377 1652 cavit
401 1610 631 1662 mirabilia,
657 1624 750 1667 quae
773 1611 934 1655 fecerat
953 1613 1067 1667 apud
1093 1625 1190 1655 eum
1220 1612 1332 1656 Deus
1360 1613 1503 1657 excel·

265 1697 358 1734 sus,
393 1683 530 1727 sornza
559 1691 699 1728 autem
725 1687 917 1741 epistolae
935 1686 1026 1730 haec
1051 1694 1133 1737 cst,
1161 1700 1290 1742 quam
1317 1687 1502 1732 interse-

266 1756 354 1796 ruit
379 1754 529 1798 Daniel
553 1757 670 1810 operi
696 1768 775 1800 suo
798 1772 807 1799 :
847 1772 860 1796 ι
884 1757 973 1813 Ego
999 1757 1399 1803 Nabuchodonosor
1426 1758 1504 1802 sso-

264 1840 382 1879 rcns,
410 1833 452 1871 ct
486 1827 626 1870 elatus
653 1828 695 1871 in
725 1829 990 1884 superbiam,
1013 1830 1228 1872 somnium
1254 1831 1357 1882 vidi,
1389 1831 1503 1886 quod

264 1902 494 1956 perterruit
527 1914 610 1951 me,
655 1908 711 1952 ct,
734 1902 983 1945 convocatis
1025 1903 1195 1946 cunctis
1237 1903 1504 1960 sapientibus

263 1972 513 2029 Babylonis,
538 1973 797 2016 solutionem
816 1973 911 2028 ejus
934 1985 1019 2016 non
1043 1974 1346 2019 indicaverunt
1377 1976 1501 2028 mibi,

265 2045 402 2089 donec
423 2045 646 2100 ingressus
671 2052 737 2090 est
762 2046 926 2102 collega
949 2047 1095 2091 Daniel
1128 2048 1199 2091 cui
1221 2060 1381 2093 nomen
1406 2048 1501 2093 Bal·

263 2119 448 2168 tliasar‘,
467 2119 541 2173 qui
567 2119 694 2162 babet
722 2120 922 2175 spiritum
954 2121 1134 2166 deorum
1160 2128 1506 2175 sanctorum,·et

264 2191 352 2233 dixi
382 2191 444 2234 ei:
470 2190 676 2235 Videbam
705 2204 834 2248 supet·
858 2198 1042 2237 stratum
1065 2207 1225 2249 meum,
1244 2200 1286 2240 et
1309 2208 1413 2240 ecce
1435 2209 1505 2239 ar-

263 2266 343 2308 bor
368 2265 412 2307 in
430 2264 570 2308 medio
592 2273 732 2313 terrae,
759 2266 883 2321 cujus
908 2267 1325 2324 proceritas,'usque
1352 2269 1405 2312 ad
1423 2282 1506 2314 coe-

263 2337 372 2388 lum,
411 2343 452 2380 et
493 2343 693 2393 aspectus
737 2339 850 2394 ejus,
884 2352 1023 2395 usque
1048 2341 1101 2384 ad
1129 2343 1336 2387 terminos
1357 2349 1500 2397 terrae,

260 2417 304 2453 et
325 2423 424 2455 esca
458 2411 756 2456 universorum
786 2413 830 2456 in
865 2425 947 2467 ea;
993 2420 1034 2458 et
1068 2415 1149 2458 sub
1173 2427 1222 2459 ea
1248 2415 1504 2462 habitabant

265 2483 484 2535 animalia,
523 2489 565 2528 et
606 2484 771 2535 bestiae,
817 2490 857 2528 et
890 2485 933 2528 in
976 2486 1111 2530 ramis
1147 2487 1241 2543 ejus
1286 2487 1501 2540 volucres,

263 2562 307 2599 ct
345 2569 395 2599 ex
441 2568 492 2599 ea
538 2557 797 2600 vescebatur
842 2559 984 2602 omnis
1033 2571 1153 2603 caro.
1198 2559 1249 2602 Et
1295 2572 1397 2605 ecce
1443 2563 1507 2604 vi-

264 2630 373 2683 gil“,
407 2631 450 2672 et
483 2636 663 2674 sanctus
701 2630 754 2675 de
798 2632 908 2674 coelo
952 2632 1193 2685 descendit,
1233 2639 1276 2678 et
1297 2635 1383 2679 ait:
1406 2634 1508 2679 Suc-

265 2701 393 2746 cidite
441 2704 656 2755 arborem,
714 2712 757 2748 et
804 2717 968 2758 ramos,
1008 2712 1051 2750 et
1095 2705 1263 2752 fructus
1307 2709 1422 2764 ejus,
1463 2715 1506 2753 et

264 2774 430 2831 fugiant
460 2788 514 2818 ex
535 2787 583 2819 ea
601 2777 750 2820 bestiae
775 2782 816 2821 et
854 2778 1071 2822 volucres.
1093 2777 1400 2824 Verumtamen
1417 2793 1509 2836 ger·

263 2859 363 2890 rnen
385 2848 477 2902 ejus
498 2848 542 2890 in
563 2854 679 2892 terra
699 2848 843 2901 sinite,
868 2856 907 2894 et
943 2862 1040 2894 cum
1075 2849 1180 2895 teris
1205 2863 1306 2906 pars
1337 2852 1431 2906 ejus
1465 2853 1508 2896 in

264 2920 411 2966 herbis
436 2925 578 2963 terrae.
610 2919 696 2964 Cor
713 2921 807 2976 ejus
835 2922 887 2964 ab
913 2921 1103 2965 humano
1124 2930 1412 2967 commutetur
1432 2957 1443 2975 ‚
1468 2933 1509 2968 et

266 3004 340 3035 cor
356 2991 455 3036 serae
479 2993 605 3036 detur
628 2993 684 3043 ei,
710 2999 752 3036 et
779 3000 943 3050 septem
970 2999 1166 3050 tempora
1188 3003 1510 3040 commutentur

266 3078 396 3120 super
418 3077 527 3108 eam.
560 3066 605 3108 ln
640 3067 852 3109 sententia
883 3067 1062 3123 vigilum
1095 3068 1315 3113 decretum
1345 3077 1438 3119 cst.
1466 3077 1508 3114 et

267 3138 417 3193 petitio
436 3143 683 3181 sanctorum
712 3147 804 3190 est,
832 3139 969 3182 donec
1006 3147 1271 3197 cognoscant
1296 3144 1507 3193 viventes,

267 3209 469 3264 quoniam
487 3208 735 3252 dominatur
758 3210 966 3255 Excelsus
987 3212 1031 3255 in
1051 3223 1182 3267 regno
1207 3212 1447 3265 hominum,
1470 3222 1510 3257 et

268 3281 338 3324 cui
366 3280 550 3324 voluerit
576 3281 694 3324 dabit
712 3280 815 3324 illud
839 3282 968 3336 (Dan.
999 3283 1075 3338 tv).
1100 3283 1222 3328 Titne
1259 3284 1408 3329 Daniel
1447 3293 1503 3329 ta-

269 3354 380 3397 citus
398 3353 632 3410 cogitabat,
661 3354 787 3409 quasi
806 3354 913 3397 hora
950 3368 1036 3398 una
1073 3357 1374 3411 conturbatus,
1395 3359 1510 3414 quia

269 3427 382 3469 mala
405 3427 774 3483 portendebantur
814 3428 921 3483 regi,
963 3435 1005 3472 et
1044 3429 1141 3473 ait:
1172 3444 1188 3470 c
1223 3429 1287 3473 Tu
1326 3443 1373 3475 es
1416 3445 1508 3484 rex,
1538 3431 1572 3473 D

271 3499 398 3541 arbor
418 3499 506 3549 ihil,
533 3499 605 3554 qui
626 3498 873 3550 invaluisti,
898 3505 940 3542 et
969 3506 1161 3555 potestas
1200 3507 1271 3543 tua
1294 3501 1338 3544 in
1361 3504 1511 3545 termi-

271 3574 341 3616 nis
360 3580 505 3624 terrae,
525 3579 566 3617 et
585 3571 744 3633 audisti
763 3585 839 3629 per
869 3573 1045 3628 vigilem
1085 3576 1344 3617 sententiam
1380 3574 1512 3620 Altis-

275 3647 369 3689 simi
398 3658 524 3701 super
542 3651 600 3689 te.
622 3644 688 3688 Ab
716 3645 964 3704 bominibus
987 3645 1160 3700 ejicient
1188 3652 1245 3698 te,
1265 3652 1425 3690 etcum
1450 3646 1513 3692 l‘e-

276 3721 336 3763 ris
353 3720 434 3761 crit
461 3705 770 3762 habitatiotua'.
788 3717 952 3763 Fenum
966 3726 1012 3761 ut
1028 3720 1107 3763 bos
1130 3720 1329 3765 comedes
1349 3728 1510 3777 septem

277 3799 484 3847 tempora,
519 3807 534 3835 ι
558 3792 602 3834 id
631 3798 697 3835 est
720 3793 820 3834 anni
843 3793 1123 3835 mutabuntur
1144 3805 1274 3848 super
1299 3799 1340 3838 te
1359 3825 1372 3847 ,
1399 3809 1413 3834 ι
1443 3793 1515 3837 do-

277 3878 354 3908 nec
375 3866 487 3907 scias
511 3864 623 3919 quod
649 3864 894 3907 dominetur
929 3864 1134 3909 Excelsus
1171 3879 1299 3920 super
1334 3879 1512 3923 regnum

279 3935 517 3985 hominum,
540 3943 582 3977 et
606 3935 872 3990 relinquetur
888 3935 966 3978 tibi
1001 3948 1174 3990 germen
1197 3936 1356 3981 radicis
1374 3969 1389 3990 ,
1411 3938 1513 3994 quia

279 4024 458 4067 regnum
502 4018 620 4053 tuum
658 4012 910 4055 restituetur
956 4012 1048 4057 tibi.
1090 4011 1378 4064 Quamobrem
1412 4014 1513 4058 audi

279 4084 507 4127 consilium
527 4095 685 4127 mcum.
703 4082 888 4127 Peccata
922 4090 992 4125 tua
1015 4084 1301 4140 eleemosynis
1321 4084 1511 4139 redime;

280 4154 431 4200 forsan
467 4155 662 4211 ignoscet
686 4156 763 4199 tibi
790 4155 901 4200 Deus
931 4155 1059 4212 (Dan.
1086 4160 1160 4213 iv),
1197 4172 1211 4196 ι
1238 4155 1416 4200 Factum
1447 4164 1515 4202 est

281 4232 423 4271 autem
446 4235 715 4284 postannum
738 4259 750 4278 ,
772 4229 1072 4272 deambulabat
1093 4241 1165 4272 rex
1184 4228 1226 4271 in
1254 4230 1369 4283 aula,
1389 4236 1430 4275 et
1451 4231 1516 4274 lo-

281 4298 490 4355 quebatur
514 4299 556 4341 in
585 4299 739 4354 spiritu
769 4299 984 4351 elationis,
1014 4299 1194 4344 dicens:
1236 4299 1384 4344 Nonne
1415 4300 1515 4346 ‚haec

283 4375 350 4415 est
370 4369 578 4426 Babylon,
603 4382 731 4426 quam
752 4371 958 4415 aedificavi
978 4372 1021 4414 in
1047 4373 1205 4418 robore
1225 4373 1344 4429 regni
1362 4405 1374 4425 ,
1406 4379 1448 4417 ct
1471 4375 1515 4418 in

282 4442 422 4499 gloria
439 4443 607 4487 decoris
630 4443 747 4487 mci?
770 4442 919 4488 Adbuc
936 4450 1028 4489 erat
1049 4457 1192 4489 sermo
1223 4446 1267 4488 in
1307 4456 1382 4489 ore
1400 4445 1511 4501 ejus,

1584 1401 1629 1438 et
1647 1395 1778 1438 herba
1801 1395 1899 1438 data
1917 1401 2162 1439 estnaturae
2173 1397 2526 1443 cibusbumanae.
2543 1399 2834 1448 Etvidebatut·

1583 1467 1622 1509 ei
1645 1466 1759 1522 quod
1780 1467 1860 1511 bos
1876 1474 1990 1511 esset
2004 1468 2046 1510 in
2072 1467 2368 1521 interioribus,
2385 1475 2427 1514 et
2451 1471 2493 1514 in
2514 1475 2835 1528 posterior-ihus

1578 1539 1668 1591 leo,
1693 1540 1929 1583 secundum
1954 1542 2208 1597 mysterium
2224 1546 2608 1603 tyrannorum,qui
2628 1547 2671 1590 in
2693 1548 2832 1604 prima
2899 1568 2901 1570 ·

1583 1619 1707 1656 aetate
1729 1613 2025 1669 voluptatibus
2049 1614 2200 1664 dediti,
2238 1623 2282 1660 et
2314 1619 2524 1663 cervicosi
2557 1621 2661 1677 Jugo
2698 1621 2832 1667 Belial

1585 1686 1856 1739 subduntur;
1888 1687 1931 1729 in
1958 1686 2042 1731 tine
2065 1700 2169 1731 vero
2202 1689 2486 1744 interficiunt,
2513 1693 2753 1750 diripiunt,
2790 1703 2835 1742 ot
2888 1680 2891 1681 ⁷

1584 1759 1859 1802 conculcant.
1883 1758 2005 1803 Multi
2026 1772 2199 1816 quoque
2215 1764 2560 1818 egrediebantur,
2579 1773 2623 1810 et
2632 1767 2834 1814 videbant

1583 1843 1698 1884 eum,
1724 1831 1844 1874 solus
1868 1831 2017 1876 Daniel
2043 1845 2129 1876 non
2146 1835 2465 1891 egredicbatur,
2492 1839 2591 1895 quia
2610 1845 2702 1884 toto
2721 1848 2833 1887 tem·
2895 1887 2897 1890 ,

1585 1991 1736 2035 preces
1757 1979 1853 2035 ejus
1873 1980 1975 2024 anni
2000 1986 2183 2037 septem,
2219 1995 2330 2038 quos
2362 1985 2538 2028 totidem
2586 1986 2694 2030 dixit
2724 1993 2836 2031 tem·-

1585 2063 1706 2107 pora,
1736 2052 1778 2095 in
1798 2060 1959 2109 septem
1980 2064 2151 2099 menses
2169 2055 2281 2100 versi
2313 2062 2430 2100 sunt.
2463 2056 2697 2115 lit-quibus
2725 2072 2835 2118 qua-

1585 2125 1964 2182 draginta'diebus
1990 2126 2204 2171 insaniam
2243 2130 2515 2184 patiebatur,
2548 2138 2592 2175 et
2616 2143 2691 2188 per
2725 2133 2834 2180 alios

1586 2200 1875 2257 quadraginta
1891 2213 2094 2247 reversus
2113 2202 2164 2246 ad
2185 2214 2262 2245 cor
2278 2203 2467 2248 bominis
2490 2203 2636 2258 flebat,
2657 2213 2701 2251 ct
2728 2219 2832 2264 sup·

1570 1913 1687 1961 ‘pore
1712 1906 1984 1951 alienationis
2001 1908 2096 1964 ejus
2114 1909 2301 1953 orationi
2322 1924 2467 1966 proco
2491 1914 2688 1965 vacabat,
2713 1920 2755 1958 et
2776 1914 2833 1960 ad
2894 1917 2897 1962 ¹,

1586 2273 1772 2329 plicabat
1796 2272 1900 2325 Deo,
1928 2273 2036 2318 adeo
2061 2273 2177 2330 quod
2200 2285 2251 2318 ex
2272 2273 2419 2318 nimiis
2438 2273 2634 2326 fletibus,
2660 2281 2706 2320 ut
2730 2288 2833 2321 caro
2893 2303 2896 2308 ·

1585 2500 1759 2534 menses
1777 2485 2114 2545 complerentur.
2141 2489 2247 2534 Post
2263 2503 2373 2547 quos
2394 2501 2622 2537 revocatus
2643 2499 2725 2546 est,
2743 2506 2831 2539 non

1585 2566 1730 2605 tamen
1753 2560 1966 2618 regnavit,
1987 2561 2063 2606 sed
2085 2562 2242 2606 statuti·
2257 2567 2359 2622 sunt
2381 2574 2460 2618 pro
2486 2575 2539 2607 eo
2571 2570 2736 2622 septem
2760 2565 2832 2621 iu-

1586 2633 1722 2685 diceS‚
1743 2638 1788 2677 et
1811 2645 1948 2689 usque
1974 2634 2025 2678 ad
2053 2633 2180 2678 tinem
2206 2634 2432 2680 duodecim
2463 2648 2674 2682 annorum
2690 2640 2832 2695 poeni-

1587 2705 1764 2750 tentiam
1789 2707 1902 2762 egit,
1944 2718 2097 2762 panem
2129 2715 2172 2752 et
2201 2720 2356 2753 carnes
2392 2721 2480 2761 non
2515 2711 2835 2768 comedens,et
2879 2698 2896 2750 s'

1587 2780 1733 2824 vinum
1751 2792 1837 2824 non
1860 2780 2026 2826 bibens.
2045 2782 2354 2838 Leguminibus
2367 2785 2583 2837 utebatur,
2602 2784 2639 2827 ci
2668 2784 2829 2837 herbis,

1589 2851 1829 2895 secundum
1852 2853 2082 2896 consilium
2115 2852 2323 2899 Danielis.
2363 2854 2416 2898 Et
2440 2867 2541 2898 cum
2574 2859 2729 2900 iterum
2761 2866 2830 2902 re·

1588 2929 1777 2978 gnasset,
1799 2922 1934 2967 voluit
1954 2920 2176 2967 Danielem
2200 2922 2343 2969 facere
2359 2924 2623 2969 cohaeredem
2649 2925 2830 2970 tiliorum

1590 3010 1784 3042 suorum.
1809 2997 1863 3040 Et
1888 2998 1948 3041 ait
1988 2996 2141 3051 Daniel
2165 3013 2175 3042 :
2211 3012 2225 3038 ‹
2250 2997 2373 3042 Absit
2398 3010 2420 3041 a
2446 3011 2542 3051 me,
2581 3006 2628 3043 ut
2659 3003 2830 3056 patrum

1589 3071 1838 3126 relinquens
1854 3071 2163 3125 haereditatem,
2183 3071 2585 3117 incircumcisorum
2619 3072 2746 3118 donis
2765 3074 2834 3118 in-

1591 3144 1775 3188 haeream
1798 3147 1867 3190 *“.

1896 3161 1911 3187 »
1944 3144 2025 3189 Hic
2054 3146 2159 3189 dicit
2190 3140 2409 3202 Josephus'
2438 3145 2553 3202 quod
2585 3146 2718 3191 libros
2742 3146 2830 3191 He·
2882 3196 2885 3202 A

1525 2369 1559 2414 C
1587 2346 1700 2389 oculi
1721 2345 1818 2401 ejus
1837 2344 2112 2400 sactierant;
2141 2352 2184 2390 et
2213 2346 2367 2390 iterum
2392 2360 2469 2404 per
2500 2349 2608 2393 alios
2645 2349 2834 2407 quadra-
2875 2330 2897 2395 ss'j

1585 2418 1704 2472 ginta
1738 2417 1832 2462 dies
1866 2418 2116 2480 vertebatur
2155 2418 2199 2462 in
2240 2419 2471 2472 insaniam,
2503 2420 2641 2466 donec
2667 2429 2830 2480 septem
2886 2426 2897 2467 ’ὲ

2890 3172 2893 3213 --.
2890 3142 2893 3150 -
2890 3100 2893 3127 ἡ-
2880 2742 2896 3087 &huma-,Q’nsae-*T-
2887 2710 2896 2722 ι
2879 2678 2897 2688 ’.
2888 2619 2897 2636 2.

1590 3217 1762 3261 braicos·
1785 3211 1943 3273 ipsein
1961 3216 2157 3262 Graecum
2184 3218 2406 3263 transtulit
2431 3218 2666 3274 eloquium.
2688 3217 2737 3262 Et
2760 3218 2831 3262 hic
2869 3238 2893 3285 i·

1591 3295 1729 3332 mutat
1752 3288 1901 3333 Daniel
1923 3289 2119 3334 ordinem
2141 3289 2349 3334 historiae.
2366 3288 2453 3333 Nos
2477 3296 2618 3333 autem
2634 3287 2831 3335 ordinem
2869 3300 2876 3307 ·

1594 3375 1926 3419 prosequamur.

1650 3440 1664 3456 ·
1687 3437 1860 3481 Αάάίιὶο
1879 3438 1920 3482 l.
1948 3438 2044 3495 lpse
2075 3439 2190 3483 enim
2222 3451 2298 3482 rex
2338 3438 2499 3483 fecerat
2533 3449 2631 3482 cum
2652 3437 2734 3482 sibi
2758 3449 2831 3482 sc-

1591 3510 1798 3563 cundum,
1821 3517 1864 3555 et
1880 3513 2003 3568 quasi
2030 3513 2236 3568 collegam
2255 3525 2397 3557 suum.

2882 3460 2892 3530 l

2884 3541 2891 3570 ‚.

1646 3586 1679 3601 ¹·
1701 3583 1875 3627 Addaia
1902 3584 1948 3629 Ξ.
1982 3584 2145 3641 Vigiles
2188 3585 2378 3629 solemus
2422 3586 2639 3642 appellare
2668 3589 2835 3630 castro·

1591 3669 1687 3699 rum
1711 3658 1932 3710 custodes,
1966 3659 2191 3715 vigilantes
2224 3658 2279 3702 de
2312 3662 2466 3711 nocte,
2492 3659 2652 3715 quibus
2675 3657 2833 3704 similis
2881 3662 2889 3706 ἒ

1590 3735 1683 3771 erat
1706 3729 1791 3772 ille.

1725 3800 1894 3845 Addicto
1915 3802 1957 3846 5.
1985 3802 2077 3846 Etsi
2116 3802 2267 3847 Daniel
2302 3803 2498 3848 ordinem
2534 3803 2728 3848 historiae
2762 3804 2833 3849 bic
2881 3797 2889 3821 ⁴

2860 3711 2890 3790 ‘i

2874 3826 2889 3879 i

1593 3878 1790 3929 mutavit,
1809 3877 2016 3933 magister
2037 3883 2182 3921 tamen
2206 3884 2332 3920 utens
2348 3883 2465 3922 recto
2487 3877 2640 3922 ordine
2661 3890 2835 3923 enume-
2851 3911 2887 3947 n?

1593 3953 1661 3989 rat
1683 3959 1807 4003 reges
1827 3947 2087 4005 Babylonis,
2120 3953 2167 3991 ut
2197 3949 2402 3992 ostendat
2441 3949 2523 3993 sub
2555 3961 2642 4005 quo
2677 3949 2832 3994 viderit

1592 4027 1793 4075 quartam
1826 4019 2069 4077 visionem,2
2085 4019 2251 4064 scilicet
2272 4021 2353 4065 sub
2387 4018 2614 4066 Balthasar
2635 4021 2788 4079 quinto
2806 4033 2831 4066 a

1592 4092 2005 4138 Nabuchodonosor.

1775 4200 1879 4246 Gar.
1904 4202 1955 4247 V.
1978 4201 2206 4258 Cataloqas
2228 4214 2370 4259 regum
2389 4200 2636 4258 Babylonis.

2873 4008 2887 4055 ‘i

1651 4299 1702 4342 Et
1727 4307 1924 4346 mortuus
1947 4306 2013 4346 est
2031 4300 2431 4346 Nabuchodonosor
2459 4311 2672 4355 magnus,
2701 4305 2744 4344 et
2763 4313 2829 4344 re·
2870 4331 2872 4369 3

1595 4372 1740 4428 gnavit
1763 4372 1875 4417 tilius
1897 4371 1992 4428 ejus
2026 4370 2424 4416 Nabuchodonosor
2450 4383 2530 4428 pro
2553 4382 2605 4415 eo
2623 4403 2635 4422 ,
2673 4372 2746 4427 qui
2775 4371 2829 4416 de

1595 4444 1811 4489 manubiis
1830 4444 2019 4488 hostium
2039 4444 2245 4501 templum
2267 4443 2381 4490 Belis
2400 4442 2625 4499 magnifiee
2646 4441 2827 4488 decora-
