2924 4588
66 178 151 225 852

651 173 721 228 DE
745 166 977 219 TithLlcl
1008 172 1226 227 canent:
1243 169 1760 222 coNTffltPLA‘rtole
1779 195 1835 205 -·-
1862 169 2006 216 PARS
2024 170 2092 218 tlt.

2557 176 2640 230 833

68 266 283 312 §tir-arilia
326 265 440 322 sacta
473 271 538 311 ert
572 263 746 311 scientia
785 269 856 305 tua
891 275 943 306 ea:
960 275 1051 309 nte:
1077 261 1312 314 confortata
1341 273 1368 316 Α
1396 261 1510 316 plex,
1549 257 1746 311 bomine,
1788 259 1975 304 hominis
2013 261 2173 305 bonum
2198 276 2208 306 z
2231 262 2411 326 benum,
2445 263 2638 319 inquam,

66 348 144 390 est,
178 345 218 383 (ι
239 350 323 387 uon
354 343 496 391 potero
525 334 579 378 ad
596 328 695 378 'eam
716 334 852 392 (Psoi.
878 347 1089 386 cxxxviii,
1122 335 1163 385 5)
1202 334 1313 379 Ecce

28 465 30 471 Ι
68 411 262 466 Domine,
289 416 332 455 te
351 420 421 454 me
444 407 643 459 ducente,
669 407 723 451 ad
754 412 838 451 tuae
868 406 1315 462 incomprehensibili·-

14 508 15 511 =
67 486 170 529 tatis
189 483 449 540 agnitionem
465 480 658 537 perveni.
676 478 772 524 Non
795 480 895 537 quia
911 480 1104 523 eamdem
1122 491 1172 522 ac
1193 484 1312 523 tuam

8 542 11 547 ι
65 553 631 610 incomprehensibilitatem
665 551 797 609 478
827 563 1042 608 agnosco;
1088 548 1163 595 sed
1213 552 1314 607 quia

4 655 7 658 v
70 641 139 672 me
165 640 280 680 esse,
316 639 404 670 non
437 637 566 683 posse
589 636 840 681 agnoscere,
873 625 998 682 plene
1029 635 1233 681 agnosco.
1263 623 1315 667 Et

69 700 285 758 quomodo
318 699 411 744 fieri
451 699 611 755 poterit
639 698 755 754 quod
788 698 847 741 ibi
886 697 1019 749 furer,
1056 703 1103 741 ut
1133 698 1315 742 'veniens

69 773 176 821 milii
197 773 359 829 aliquid
379 784 546 816 mecum
570 770 857 818 deferamiEt
882 770 1000 826 quid,
1031 770 1226 821 Domine,
1263 770 1316 819 de

71 847 288 903 agnitione
317 852 404 889 tuae
425 843 616 889 deferam
650 843 1196 900 incomprehensibilitatis,
1232 843 1316 888 nisi

70 924 289 972 stuporem
310 917 636 963 admirationis?
675 914 841 972 Stupeo
870 917 1016 971 itaque
1043 921 1086 959 et
1124 915 1316 959 admiror

70 998 113 1036 te
128 1007 138 1047 3
154 992 224 1049 qui
250 992 422 1048 quidem
436 990 559 1035 valde
582 989 792 1034 mirabilis
808 1001 857 1033 es
880 988 925 1032 in
948 989 1016 1033 his
1039 1000 1133 1045 quae
1157 987 1323 1040 fecisti„

0 1065 2 1070 ’
70 1064 144 1108 sed
163 1065 287 1120 longe
309 1063 550 1106 mirabilior
567 1067 625 1114 et,
648 1070 694 1104 ut
716 1062 776 1104 ita
795 1061 951 1113 dicam,
967 1061 1317 1104 mirabilissimus

0 1190 3 1196 Ι
71 1137 179 1195 ipse,
200 1137 272 1192 qui
293 1135 449 1180 fecisti.

0 1224 3 1253 ἶ
39 1235 43 1238 ·
74 1226 95 1283 ᾖ
121 1225 210 1268 XX.
244 1237 299 1258 -·-
321 1224 391 1269 Sic
424 1224 544 1268 homo
581 1224 779 1267 §nundum
812 1225 1046 1267 universum
1085 1222 1240 1277 accepit
1275 1223 1317 1265 in

68 1296 71 1298 “
99 1291 101 1309 ³
127 1282 352 1338 [ocreatum
387 1282 659 1332 necessitati-s,
693 1288 740 1323 ut
763 1287 856 1336 post
877 1279 962 1323 lunc
994 1280 1189 1334 reciperet
1219 1291 1318 1321 con-

126 1339 447 1382 summationem
465 1337 697 1396 felicitatis.

127 1427 264 1484 llujus
292 1427 436 1484 itaque
470 1427 699 1481 clarissimi
722 1426 900 1471 luminis
928 1426 1217 1471 immensitate
1249 1438 1321 1470 re-

67 1502 338 1554 verberatus,
383 1499 565 1558 diverto'
584 1499 754 1556 quidem
792 1513 859 1544 me
884 1499 937 1542 ad
963 1506 1025 1553 te;
1052 1500 1128 1543 sed
1152 1500 1196 1542 in
1233 1500 1318 1543 alio

71 1575 259 1632 quodam
285 1573 660 1630 contemplationis
695 1585 866 1630 genere,
893 1579 936 1616 et
968 1573 1108 1629 qualis
1133 1574 1193 1617 sis
1215 1572 1318 1616 alibi

73 1649 264 1704 requiro,
291 1660 418 1704 quem
441 1647 730 1703 intemetipso
747 1646 924 1689 omnino
948 1646 1319 1701 incomprehensi-

71 1721 202 1765 bilem
225 1713 411 1765 invenio.
437 1720 489 1763 Et
526 1720 698 1765 invenio
723 1728 866 1776 certe;
899 1720 1001 1777 quia
1023 1721 1136 1765 inter
1167 1732 1318 1765 omnes

0 1826 1 1835 ,
70 1779 429 1850 (ιιιτιεόοηᾱὶᾶὶεῑὶ
453 1788 692 1845 creaturas,
713 1793 767 1838 de
789 1793 992 1838 rationali
1022 1793 1210 1838 maxima
1239 1793 1318 1838 tibi

70 1877 175 1909 cura
196 1870 280 1919 est,
311 1865 382 1909 cui
410 1877 565 1921 magna
595 1865 783 1922 quadam
819 1870 904 1909 tuae
934 1865 1135 1922 gratuitae
1169 1864 1319 1921 gratiae

70 1939 348 1995 praerogativa
384 1937 573 1994 tuipsius
608 1933 906 1994 cognitionem
933 1937 1166 1999 ‚dignanter
1202 1937 1318 1981 infu-

61 2012 173 2057 disti
193 2028 204 2056 ι
229 2024 376 2070 quam,
405 2011 506 2056 «lum
527 2012 581 2056 ad
600 2010 883 2057 aeternitatem
907 2017 1022 2056 stare
1043 2012 1234 2063 voluisti,
1264 2012 1318 2057 ad

69 2087 300 2144 imaginem
315 2092 366 2132 et
387 2086 715 2132 similitudinem
732 2093 851 2132 tuam
871 2086 1045 2131 creasti.
1064 2085 1158 2129 Non
1177 2086 1316 2131 solum

70 2166 237 2214 autem;
262 2159 345 2205 sed>
374 2160 582 2204 mundum
611 2160 843 2216 omniaque
864 2172 960 2216 quae
983 2160 1028 2203 in
1057 2172 1111 2204 eo
1133 2165 1251 2211 sunt,
1275 2166 1317 2204 et

69 2238 247 2290 propter
269 2245 365 2278 eam
388 2233 639 2286 condidisti,
666 2239 709 2278 et
730 2245 826 2278 eam
851 2234 913 2278 eis
936 2234 1136 2278 omnibus
1161 2232 1313 2289 praefe-

67 2311 183 2361 cisti,
208 2315 256 2354 ut
277 2310 497 2354 evidenter
520 2309 778 2353 claresceret
808 2311 1032 2363 quantam,
1058 2307 1316 2363 qualemque

67 2395 169 2440 erga
184 2388 226 2428 te
251 2382 559 2427 familiaritatis
579 2381 764 2439 gratiam
786 2381 968 2432 invenit,
994 2393 1090 2437 quae
1117 2381 1171 2424 acl
1206 2381 1315 2425 ima-

68 2454 227 2515 ginem,
251 2461 294 2501 et
311 2456 636 2501 similitudinem
658 2460 779 2499 tuam
793 2459 861 2500 est
883 2453 1082 2506 condita;
1108 2458 1151 2497 et
1168 2454 1314 2497 omnia

67 2535 244 2587 propter
267 2540 361 2574 eam
383 2535 544 2582 creata,
568 2533 610 2573 et
632 2528 672 2573 ei
701 2528 754 2572 ad
773 2527 1050 2574 serviendum
1079 2533 1181 2571 sunt
1213 2527 1315 2571 sub-

62 2602 194 2658 jecta.
220 2601 276 2660 Ut
298 2603 412 2647 enim
431 2603 484 2647 de
501 2608 701 2647 creatura
725 2602 899 2646 interim
917 2608 1083 2646 taceam
1102 2602 1310 2658 angelica,

67 2674 264 2721 sensibili
286 2688 312 2719 a
334 2683 375 2721 te
397 2677 486 2721 isto
507 2676 683 2720 condito
702 2676 880 2728 mundo,
906 2682 994 2719 tam
1026 2677 1207 2734 pulchra
1234 2687 1314 2719 va·

67 2751 218 2795 rictate
234 2757 408 2807 tamque
427 2750 547 2794 varia
563 2750 885 2807 pulchritudine
901 2757 1072 2803 ornato,
1089 2755 1178 2793 tam
1198 2749 1312 2793 bona

58 2823 335 2879 >iucunditate
374 2830 548 2880 tamque
595 2824 790 2881 iucunda
835 2824 1030 2868 bonitate
1081 2823 1262 2879 praedito
1297 2836 1307 2867 τ

67 2895 215 2939 statim
238 2891 474 2947 hominem,
497 2892 624 2951 q'ue'm
645 2894 796 2939 mundi
810 2895 1004 2951 ejusdem
1023 2894 1244 2940 dominum
1269 2900 1311 2939 et

67 2979 361 3030 possessorem
387 2968 478 3011 fore
502 2967 781 3025 disponebas,
802 2969 855 3013 ad
879 2969 1107 3025 imaginem
1130 2975 1174 3013 et
1192 2968 1312 3013 simi·

68 3034 290 3084 litudinem
309 3044 428 3083 tuam
452 3039 593 3084 fecisti
611 3046 654 3084 et
679 3040 840 3084 factum
857 3041 1077 3084 inmundo
1094 3040 1276 3096 posuisti
1297 3059 1306 3084 ι

66 3111 106 3156 ei
121 3118 163 3156 et
186 3113 330 3156 omnia
353 3118 498 3157 ereata
517 3113 667 3158 mundi
690 3104 744 3157 ad
763 3113 1038 3158 serviendum
1056 3113 1307 3170 subiiciens,

66 3189 108 3227 et
131 3182 208 3227 tibi
244 3184 287 3233 in
323 3183 566 3229 obedientia
600 3185 904 3229 mandatorum
931 3191 1110 3230 tuorum
1146 3186 1310 3231 servire

66 3250 336 3314 praecipiens,
360 3266 406 3302 ut·
432 3266 472 3303 ct
493 3259 695 3304 omnibus
713 3259 812 3316 jure
829 3259 1091 3305 conditionis
1114 3260 1310 3305 domina-

44 3321 200 3382 'si-etur,
225 3338 268 3376 et
294 3331 385 3384 tibi,
424 3344 447 3375 a
469 3344 556 3388 quo
585 3338 673 3376 tam
707 3333 965 3377 excellenter
999 3334 1199 3379 conditus
1224 3340 1306 3389 est,

49 3404 285 3448 ··voluntate
318 3406 453 3449 libera
485 3413 528 3450 et
564 3406 761 3452 libertate
790 3407 1038 3452 voluntaria
1073 3407 1311 3465 subjicere-

65 3484 152 3524 tur.

50 3613 52 3615 r
107 3543 684 3610 ,Voluistienim,'Don1ine,
711 3563 758 3599 ut
787 3562 827 3599 et
863 3555 1027 3599 homini
1071 3555 1305 3601 serviretur

49 3635 103 3690 ‚⁶⁸
131 3634 220 3684 ipse
256 3619 336 3672 tibi
359 3629 489 3672 homo
525 3629 722 3673 serviret.
752 3627 1002 3674 Serviretur
1025 3632 1062 3675 ei
1088 3644 1111 3672 a
1146 3631 1305 3675 mundo

65 3705 108 3744 et
129 3700 308 3746 serviret
338 3702 416 3746 tibi
445 3701 533 3746 Deo
556 3708 599 3747 et
629 3702 828 3748 reflueret
856 3709 1010 3755 totum,
1037 3717 1123 3748 non
1156 3704 1209 3748 ad
1236 3711 1304 3749 to·

65 3781 171 3825 tum,
191 3774 264 3818 sed
285 3772 339 3817 ad
362 3775 549 3819 hominis
568 3775 747 3828 bonum,
772 3783 813 3820 et
831 3777 945 3834 qumi·
961 3777 1213 3834 obsequium
1233 3789 1307 3822 acae

66 3847 192 3902 cepit,
217 3853 259 3890 et
278 3847 396 3901 quod
414 3849 637 3891 servitium
663 3849 884 3904 impendit.
917 3847 981 3892 Tu
1004 3849 1117 3894 enim
1152 3850 1304 3906 plenus

50 3918 231 3974 teipso,
257 3919 330 3976 qui
349 3919 427 3963 tibi
451 3932 504 3964 ex
527 3927 568 3964 te
584 3919 760 3973 suliieis,
790 3921 873 3977 qui'
894 3928 1014 3964 tuum
1055 3921 1215 3964 bonum
1258 3927 1303 3964 tu

67 3993 156 4052 ipse·
191 4005 255 4042 cs,
299 4005 379 4037 nec
416 3995 562 4050 augeri
599 4000 720 4051 potes
759 3995 1013 4046 immensus,
1052 4007 1132 4038 nec
1168 3994 1304 4037 minui

65 4069 271 4121 aeternus,
297 4068 370 4124 qui
397 4069 509 4112 sicut
543 4071 666 4115 malis
698 4072 857 4115 nostris
878 4069 979 4114 'non
997 4072 1300 4127 corrumperis,

55 4140 125 4200 'ita
159 4142 288 4185 'etiam
321 4141 534 4186 bonorum
563 4149 809 4187 nostrorum
844 4157 927 4187 non
953 4157 1050 4200 eges
1075 4141 1212 4201 (psal.
1231 4155 1303 4198 xv,

54 4209 125 4272 2),
144 4209 339 4259 llumana
362 4223 463 4261 vero
497 4223 650 4276 natura
673 4218 798 4261 alieni
833 4217 984 4273 egebat
1023 4216 1169 4258 ausilii
1196 4232 1205 4259 ε
1234 4217 1302 4259 cui

69 4288 268 4332 nimirum
287 4291 465 4333 neccsse
487 4295 578 4334 crat
602 4297 644 4334 et
667 4303 690 4332 a
713 4296 909 4334 creatura
947 4287 1198 4347 obsequium
1237 4282 1306 4334 ac-

56 4359 223 4416 cipere,
246 4368 293 4405 ut
315 4368 588 4406 conservaret
613 4362 727 4418 quod
763 4362 959 4406 mirabile
989 4369 1233 4418 acceperam
1262 4370 1302 4405 ct

67 4432 142 4476 tibi
176 4434 367 4478 Creatori
400 4434 683 4480 obedientiam
720 4432 935 4488 exhibere,
972 4430 1019 4479 ut
1063 4436 1301 4492 acquireret

68 4504 180 4561 quod
217 4507 399 4551 necdum
437 4516 782 4554 consummat-um
820 4508 1017 4554 habebat.
1074 4505 1186 4552 ‘Ecce
1217 4507 1299 4552 du-

1396 333 1582 376 hominis
1613 333 1767 389 duplex
1815 332 1956 377 Unum
1984 333 2037 378 de
2059 336 2212 379 subtus
2235 330 2453 392 sumptum
2485 337 2538 380 ati
2560 350 2639 380 ne·

1394 407 1636 450 cessitatem
1655 413 1700 449 in
1724 412 1941 462 tempore;
1968 407 2084 452 aliud
2121 409 2308 466 desuper
2341 409 2639 466 accipiendum

1395 480 1449 523 ad
1471 478 1720 525 felicitatem
1740 480 1833 524 sine
1860 479 1958 524 line.
1987 481 2094 524 Cum
2118 482 2250 537 igitur
2272 482 2463 526 omnium
2497 489 2540 526 et
2563 494 2643 539 po-

1394 557 1491 595 tens
1530 550 1725 602 Creator,
1760 557 1804 595 et
1849 552 2024 608 sapiens
2064 553 2312 610 dispositor,
2349 559 2392 597 et
2430 553 2641 610 benignus

1394 622 1654 666 reformator
1692 623 1769 673 sis,
1807 623 1881 667 de.
1905 630 2101 667 creatura
2130 631 2274 669 tamen
2314 626 2516 670 rationali
2553 633 2640 669 tam

1392 695 1653 740 excellenter
1677 708 1702 738 a
1730 700 1770 739 te
1787 696 1978 744 condita,
2003 699 2188 740 inaxima
2220 704 2262 742 et
2291 699 2490 754 specialis
2525 711 2642 754 quae·

1395 767 1493 810 dam
1521 768 1596 822 tibi
1622 781 1724 811 cura
1742 773 1807 812 est
1835 784 1842 812 :
1866 770 1917 812 ad
1936 772 2060 824 quus
2078 771 2250 813 voluisti
2267 772 2445 815 refluere
2462 773 2639 823 bonum,

1397 844 1438 882 et
1459 839 1570 896 quod
1588 853 1681 884 eam
1707 841 1862 892 fecisti,
1880 849 1920 884 ct
1942 842 2150 898 quidquid
2173 844 2216 886 in
2240 844 2401 887 mundo
2419 844 2576 895 fecisti,
2598 850 2642 890 et

1397 913 1580 969 teipsum
1606 915 1678 970 qui
1700 914 1861 966 fecisti·
1887 922 1933 957 ut
1957 915 2140 958 habeant
2166 921 2208 959 et
2232 930 2255 957 a
2283 923 2322 960 te
2341 917 2641 970 excellentiam

1396 1002 1439 1032 in
1458 992 1691 1038 creatione,
1719 994 1760 1033 et
1779 1001 1802 1031 a
1819 994 2014 1032 creatura
2040 989 2275 1033 souientum
2289 991 2345 1044 ,in
2365 993 2638 1051 necessitate..

1397 1067 1439 1104 ct
1462 1072 1486 1104 a
1512 1066 1568 1111 te.
1596 1061 1668 1104 seu
1690 1061 1807 1112 inte,
1826 1061 2240 1105 consummationem
2263 1062 2307 1105 in
2331 1063 2550 1112 felicitate.

1401 1131 1422 1189 ἓ
1464 1131 1574 1174 xxt.
1602 1156 1658 1163 -
1680 1131 1860 1184 Quidam
1897 1144 1949 1174 ex
1981 1139 2174 1174 creatura
2204 1133 2421 1182 rationali,
2461 1133 2638 1185 occulto,

1454 1188 1522 1230 sed
1538 1189 1655 1243 jttsto
1685 1187 1763 1229 Dei
1776 1187 1957 1243 judicio,
1996 1188 2054 1229 sic
2075 1187 2338 1231 destinantur
2371 1188 2425 1230 ad
2459 1201 2638 1245 poenam,

1454 1252 1499 1309 ut
1545 1257 1755 1301 nunquam
1802 1257 1943 1288 eorum
1993 1255 2115 1298 opera
2155 1252 2417 1301 acceptentur
2462 1245 2517 1288 ad
2550 1245 2642 1303 ylo-

1455 1314 1577 1343 mam.

1458 1371 1540 1417 Sed
1557 1385 1644 1416 non
1663 1372 1932 1416 universitati
1954 1372 2101 1428 buius,
2134 1372 2187 1417 de
2217 1385 2300 1429 qua
2326 1373 2495 1430 loquor,
2520 1382 2642 1419 crea-

1398 1452 1506 1490 turae
1529 1447 1768 1497 rational-is,
1792 1445 1963 1491 confers
1985 1448 2027 1490 in
2058 1446 2182 1490 linem
2210 1447 2542 1502 beatitudinem
2565 1459 2641 1491 cu-

1395 1519 1467 1575 jus
1499 1520 1693 1563 videlicet
1732 1519 2004 1564 universitati
2050 1519 2302 1575 dignitatem
2340 1521 2561 1564 contulisti
2597 1521 2641 1566 in

1398 1593 1707 1636 conditionem.
1738 1591 1819 1635 Sed
1852 1585 2061 1648 quosdam
2095 1597 2138 1635 et
2169 1593 2342 1647 angelos
2367 1600 2408 1635 et
2446 1593 2643 1638 homines

1398 1678 1475 1722 per
1497 1665 1698 1721 gratiam,
1738 1665 2029 1721 mediantibus
2053 1663 2234 1717 meritis,
2274 1664 2419 1710 evellis
2450 1664 2503 1708 ad
2534 1678 2644 1722 prae·

1397 1739 1553 1785 mium:
1597 1738 1806 1795 quosdam
1845 1750 1948 1782 vero
1994 1749 2068 1794 per
2099 1737 2329 1793 justitiam,
2373 1739 2643 1794 exi-gentihus

1398 1809 1553 1867 culpis,
1572 1806 1787 1866 demergis
1810 1810 1864 1852 ad
1902 1810 2175 1866 supplicium.
2202 1809 2255 1851 Et
2294 1809 2401 1852 heu!
2436 1817 2644 1855 creaturae

1396 1884 1678 1941 praecellentis
1696 1890 1736 1928 et
1759 1882 1941 1940 egregiae
1967 1887 2013 1927 ct.
2040 1895 2165 1939 prena
2193 1883 2470 1934 miserabilis,
2495 1889 2537 1928 et
2561 1884 2643 1927 mi·

1398 1958 1508 2002 seria
1525 1958 1724 2014 poenalis,
1744 1956 1858 2012 quod
1885 1969 1908 1999 a
1930 1962 1987 2007 te,
2012 1968 2038 1999 o
2055 1955 2234 2000 Domine
2258 1958 2573 2006 universorum,
2599 1965 2642 2000 et

1396 2038 1516 2077 tauta
1538 2032 1710 2075 condita
1731 2038 1813 2082 est,
1840 2030 1942 2074 utei
1963 2031 2015 2075 ad
2034 2029 2281 2074 felicitatem
2306 2030 2414 2072 nihil
2448 2030 2640 2082 omnino,

1397 2108 1458 2151 uti
1478 2114 1539 2157 tu,
1570 2106 1706 2163 possit
1728 2104 1939 2158 sufficere,
1986 2108 2028 2147 et
2063 2103 2162 2147 talis
2198 2107 2244 2145 ut
2267 2103 2320 2146 ad
2352 2102 2639 2146 omnimodam

1396 2189 1485 2222 suae
1506 2177 1704 2222 essentiae
1727 2188 1813 2219 non
1837 2176 1978 2220 valeat
2001 2175 2331 2220 exstinctionem
2353 2174 2500 2218 venire
2525 2190 2534 2218 :
2560 2187 2641 2218 nec

1394 2257 1571 2308 propter
1584 2251 1720 2306 culpae
1735 2249 1932 2293 videlicet
1946 2249 2254 2292 immanitatem
2271 2247 2418 2292 valens
2431 2261 2641 2292 conscen-

1396 2324 1496 2368 dere
1521 2323 1571 2366 ad
1595 2324 1766 2367 beatum
1798 2334 1910 2375 esse,
1934 2332 2015 2365 nec
2052 2329 2227 2377 propter
2257 2326 2422 2364 naturae
2457 2321 2635 2376 ‹lignita-

1336 2412 1369 2458 C
1397 2402 1480 2442 tem
1507 2396 1769 2454 permittitur
1809 2395 2058 2439 inanescere
2095 2395 2166 2439 vel
2202 2395 2377 2438 omnino
2402 2407 2489 2444 non
2526 2407 2637 2439 esse.

1395 2470 1468 2514 Vae
1492 2472 1635 2526 itaque
1657 2469 1741 2513 eis!
1774 2469 1925 2513 melius
1942 2468 2114 2524 quidem
2137 2472 2229 2512 erat
2246 2469 2326 2519 eis,
2349 2468 2385 2511 si
2408 2467 2495 2510 nati
2511 2467 2641 2524 479

1394 2557 1483 2588 non
1510 2543 1692 2587 fuissent
1731 2542 1871 2598 angeli
1907 2546 1950 2586 et
1983 2535 2178 2585 homines
2206 2542 2293 2594 illi;
2344 2541 2444 2597 quia
2481 2541 2516 2585 si
2550 2542 2638 2584 nati

1395 2618 1579 2662 fuissent
1600 2616 1764 2668 bestiae,
1790 2622 1941 2672 utpote
1963 2617 2132 2660 ratione
2151 2615 2415 2667 carentibus,
2448 2616 2558 2658 sicut
2575 2615 2637 2659 eis

1394 2703 1418 2734 a
1443 2697 1482 2734 te.
1518 2702 1605 2733 non
1635 2689 1924 2744 imputaretur
1952 2689 2006 2732 ad
2030 2689 2189 2732 bonum
2215 2689 2330 2745 quod
2368 2695 2559 2745 agerent,
2592 2695 2637 2732 ut

1393 2766 1567 2818 propter
1602 2762 1805 2806 meritum
1849 2769 2205 2819 promoverentur
2249 2762 2303 2805 ad
2347 2761 2594 2806 felicitatem
2624 2777 2632 2804 ε

1393 2834 1458 2878 sic
1482 2834 1677 2891 profecto
1707 2846 1789 2880 nec
1810 2836 1862 2878 ad
1899 2835 2084 2887 malum,
2118 2840 2166 2878 ut
2199 2839 2376 2891 propter
2414 2839 2636 2891 peccatum

1391 2906 1680 2964 dejicerentur
1701 2907 1756 2952 ad
1773 2907 2109 2952 damnationem.
2129 2906 2254 2951 Nunc
2273 2919 2375 2951 vero
2393 2919 2519 2951 versa
2542 2907 2635 2952 vice

1390 2982 1648 3026 excellenter
1673 2980 1846 3038 quidem
1866 2981 2025 3024 conditi
2047 2981 2215 3025 occulte
2232 2985 2274 3024 et
2291 2992 2377 3023 non
2410 2980 2583 3035 iniuste,
2610 2991 2633 3020 a

1391 3052 1492 3098 sorti
1529 3055 1677 3112 gratiae
1711 3060 1794 3099 tuae
1822 3053 2042 3110 juvamine
2065 3053 2219 3106 relicti,
2256 3052 2300 3097 in
2342 3050 2634 3110 perseveranti

1390 3127 1512 3172 malae
1529 3128 1764 3172 voluntatis
1786 3128 2015 3184 pravitate,
2042 3127 2359 3184 amplectuntur
2375 3126 2560 3182 culpam,
2586 3130 2633 3168 ut

1391 3201 1663 3259 postmodum
1677 3189 1791 3258 iuste
1813 3200 2109 3245 etmanil'este-
2126 3212 2148 3243 a
2171 3198 2355 3244 terribili
2381 3199 2487 3254 justi
2516 3197 2633 3254 ⁴iudi-

1391 3277 1445 3325 cii
1467 3277 1526 3320 tui
1538 3276 1806 3320 districtione
1815 3274 2013 3332 iudicati,
2027 3282 2228 3318 aeternam
2248 3273 2291 3318 in
2308 3280 2513 3317 aeternum
2530 3271 2632 3317 sub-

1390 3359 1490 3394 eant
1511 3362 1701 3406 poenam.

1446 3421 1568 3475 Quod
1599 3421 1804 3466 nimirum
1835 3420 2107 3465 ineffabiliter
2139 3418 2330 3462 terribile
2369 3416 2627 3469 considero;

1331 3492 1365 3536 D
1389 3493 1489 3548 quia
1511 3505 1661 3536 eorum
1684 3499 1726 3536 et
1749 3492 2096 3549 reprobationem
2124 3501 2270 3534 coram
2294 3495 2350 3541 te,
2376 3498 2418 3532 et
2449 3488 2629 3531 damna·—

1387 3567 1547 3610 tionem
1570 3566 1625 3609 ab
1649 3571 1808 3609 aeterno
1833 3570 1950 3608 stare
1979 3563 2239 3607 immobilem
2263 3574 2349 3606 non
2375 3562 2543 3618 ignoro.
2577 3560 2628 3604 Et

1387 3640 1482 3684 ideo
1505 3639 1750 3683 miserabile
1773 3639 1856 3682 heu
1886 3637 1938 3680 de
1958 3637 2022 3680 eis
2045 3636 2168 3689 dic0;
2199 3635 2301 3691 quia
2339 3634 2542 3679 horribile
2564 3635 2629 3677 eis

1385 3726 1447 3757 vae
1465 3713 1686 3756 imminere
1703 3710 1935 3768 perpendo.
1955 3709 2134 3762 Quibus,
2154 3714 2201 3752 ut
2223 3708 2415 3765 praedixi,
2431 3719 2517 3750 non
2534 3718 2627 3749 mo-

1385 3785 1527 3830 dicum
1551 3791 1665 3829 esset
1681 3785 1839 3828 bonum
1864 3795 1942 3839 per
1964 3795 2050 3825 non
2078 3793 2172 3825 esse
2203 3781 2378 3824 omnino
2401 3780 2595 3823 consumi
2611 3794 2634 3833 ς,

1386 3859 1487 3902 dum
1508 3858 1574 3902 eis
1590 3857 1806 3913 contingit
1828 3868 1904 3912 per
1918 3856 2089 3899 beatum
2107 3866 2202 3898 esse
2223 3866 2306 3897 non
2319 3852 2623 3897 consummari.

1384 3931 1429 3977 ln
1454 3931 1535 3975 hoc
1552 3931 1711 3987 itaque,
1738 3930 1917 3973 Domine
1940 3927 2070 3979 Deus,
2100 3927 2142 3970 in
2177 3927 2276 3977 hoc,
2305 3927 2496 3982 inquam,
2519 3937 2624 3968 con-

1386 4004 1674 4060 templationis
1693 4015 1847 4058 genere
1871 3999 2356 4056 incomprehensibiliter
2377 4003 2420 4042 tc.
2446 3998 2509 4041 eis
2534 3998 2596 4039 ira
2612 4019 2622 4029 .

1380 4086 1473 4123 tum
1491 4086 1533 4123 ct
1557 4078 1821 4122 horribiliter
1837 4076 2089 4128 terribilem,
2116 4079 2174 4126 et,
2193 4079 2239 4117 ut
2256 4074 2315 4116 ita
2337 4073 2494 4123 dicam,
2518 4071 2622 4115 tole-
2646 4108 2655 4130 a

1384 4148 1576 4195 rabiliter
1600 4149 1937 4203 intolerabilem3
1966 4161 2088 4204 quem
2108 4143 2208 4203 erga
2231 4158 2307 4190 eos
2328 4151 2414 4189 tam
2438 4145 2619 4190 horren-
2655 4136 2660 4142 ’

1384 4225 1438 4268 da
1463 4225 1708 4268 saevissimac
1731 4221 1981 4265 offensionis
1999 4221 2305 4276 indignatione,
2329 4218 2619 4274 proutaucleo,

1384 4294 1426 4340 c't
1450 4297 1517 4339 hic
1533 4298 1576 4340 in
1595 4303 1635 4339 te
1672 4296 1819 4338 oculos
1843 4293 2028 4350 deligere
2048 4305 2278 4350 presumo,
2306 4304 2435 4335 cerno
2465 4291 2619 4333 immu-

1384 4366 1572 4408 tabiliter
1596 4365 1650 4407 ab
1673 4369 1832 4407 :eterno
1851 4369 2111 4405 commotum
2131 4377 2143 4414 ;
2166 4361 2279 4417 qnod
2302 4371 2451 4406 eorum
2474 4358 2518 4401 in
2542 4359 2618 4401 ali-

1382 4449 1467 4494 quo
1500 4449 1575 4481 nec
1611 4443 1810 4491 acceptas
1845 4435 1972 4486 bona,
2004 4445 2085 4478 nec
2108 4434 2237 4478 diluis
2270 4433 2408 4485 mala3
2446 4442 2524 4474 nce
2547 4430 2617 4472 illa

1383 4523 1524 4559 coram
1551 4517 1591 4556 te
1606 4510 1834 4555 admittens
1848 4506 1899 4551 ad
1926 4505 2281 4562 recordationem,
2300 4511 2347 4550 ut
2372 4503 2617 4556 salventur,
