2924 4588
161 331 250 364 are.
271 311 440 364 Etcum
464 318 668 364 intrasset
685 317 774 364 Noe
799 320 956 364 elausit
973 320 1135 365 ostium
1173 319 1303 374 Deus,
1345 327 1388 364 et

138 536 338 583 'exaltatae
357 543 530 582 centum
549 538 863 594 quinquaginta
891 537 1061 591 diebus,
1084 538 1139 581 ab
1170 538 1242 582 illa
1269 538 1388 583 seili-

68 645 74 652 .
140 616 210 655 cet
232 608 302 666 die
319 621 406 666 qua
450 611 673 667 ingressus
697 619 762 654 est
794 609 901 654 Noe.
943 610 1048 656 Post
1082 612 1177 657 dies
1210 621 1386 658 centum

6 684 71 743 uam,
138 683 454 740 quinquaginta
471 692 694 739 coeperunt
709 696 832 740 aquoe
854 684 991 728 minui
1011 697 1159 729 mense
1181 684 1383 742 septimo,

0 762 70 807 tutin.
139 752 199 799 ita
215 754 330 810 quod
353 754 422 799 die
448 756 657 812 vigesima
675 756 855 812 septima
876 758 1038 802 mensis
1053 758 1268 814 requievit
1283 770 1385 802 arca

0 838 68 880 ties.
136 837 268 883 super
286 835 454 873 montes
479 828 710 873 Armeniae.
737 828 829 874 illic
853 842 966 874 arcae
1006 832 1212 887 reliquias
1248 843 1387 887 usque

0 905 66 954 atinus
137 912 254 944 nune
270 901 556 955 provinciales
571 903 820 946 ostendunt.
843 902 982 959 Hujus
999 904 1166 959 diluvii,
1190 910 1233 948 et
1256 916 1384 958 areae,

0 989 64 1026 ima.
137 979 185 1016 ut
211 973 270 1025 ait
296 971 526 1030 Iosephus,
552 981 804 1019 memoriam
830 975 1015 1028 faciunt,
1033 978 1162 1020 etiam
1185 978 1259 1034 qui
1283 978 1383 1021 bar-

2 1062 54 1100 cam
134 1045 339 1102 herorum
361 1047 568 1092 historias
585 1047 955 1103 conscripserunt.
999 1048 1059 1093 De
1082 1062 1164 1105 qua
1198 1050 1384 1095 Berosus

134 1118 362 1164 Chaldaeus
389 1121 453 1170 sie
477 1121 537 1164 ait
564 1135 575 1164 :
603 1135 616 1162 ι
641 1120 808 1164 Dicitur
831 1122 952 1166 navis
973 1123 1086 1178 ejus,
1111 1137 1208 1179 quae
1235 1123 1278 1166 in
1304 1123 1384 1166 Ar-

0 1202 59 1246 mi
133 1195 278 1238 menia
302 1195 419 1239 venit
436 1194 551 1240 circa
577 1203 766 1247 montem
784 1195 1033 1251 cordicum,
1074 1197 1216 1242 adhue
1239 1197 1383 1254 aliqua

0 1275 56 1323 nt„
133 1279 235 1324 pars
257 1279 367 1323 esse,
387 1273 430 1312 et
447 1269 660 1324 quoddam
675 1269 867 1313 bitumen
886 1269 1040 1314 exinde
1054 1270 1158 1321 tolli,
1186 1283 1273 1326 quo
1296 1283 1384 1314 maa

0 1348 54 1398 ms,
132 1338 250 1384 xime
267 1339 466 1384 homines
491 1340 542 1384 ad
579 1340 872 1396 expiationem
901 1347 1099 1386 utuntur.
1128 1357 1143 1384 ›
1186 1342 1381 1387 Meminit

0 1434 51 1468 lon-
121 1401 326 1468 'eJusdein
361 1412 650 1470 Hieronymus
682 1414 928 1472 AEgyptius,
963 1416 1037 1471 qui
1079 1416 1381 1473 antiquitatem

0 1499 48 1555 nm,
130 1487 404 1544 conscripsit.
429 1487 626 1535 Manasse
651 1475 944 1534 Dam'aseenus
962 1490 1185 1534 deeisdem
1205 1492 1269 1535 sic
1290 1492 1378 1538 ait:

16 1586 46 1620 te-
121 1574 152 1602 -ιι
174 1559 227 1604 Et
243 1573 373 1616 super
396 1560 643 1605 Numidiam
688 1563 888 1607 excelsus
935 1576 1061 1607 mons
1103 1564 1145 1607 in
1172 1565 1379 1610 Armenia

0 1645 44 1694 im
129 1632 206 1688 qui
230 1632 353 1678 Baris
375 1635 632 1689 appellatur,
662 1635 706 1678 in
732 1648 819 1691 quo
860 1636 1022 1679 multos
1061 1636 1377 1694 confugientes,

0 1722 42 1770 ‚m
130 1716 278 1749 sermo
298 1713 363 1750 est
380 1705 531 1750 ditm-it
557 1708 992 1763 temporelibciatOS,
1036 1717 1078 1753 et
1114 1721 1379 1767 quemquam

129 1776 173 1820 in
209 1789 308 1821 arca
344 1778 473 1822 simul
517 1780 760 1826 devectum.
805 1781 976 1845 Decimo
1023 1784 1194 1828 tandem
1223 1798 1380 1840 mense,

127 1851 266 1905 prima
290 1851 357 1894 die
389 1853 561 1906 mensis,
587 1865 868 1910 apparuerunt
907 1860 1127 1901 cacumina
1156 1859 1375 1903 montium.

0 1883 39 2001 ἓξ
65 1967 66 1970 ,
129 1920 572 1978 Cumquetransisseut
582 1927 864 1984 quadraginta
888 1930 994 1984 dies,
1017 1933 1180 1987 aperuit
1207 1933 1298 1977 Noe
1316 1934 1380 1990 [e-

0 2029 34 2075 Μ,
127 2003 330 2049 uestram,
355 2004 395 2043 et
417 1999 555 2042 emisit
569 2014 752 2054 cort-um,
771 2004 936 2059 quinon
953 2006 1234 2051 revertebatur
1251 2007 1373 2064 (Gen.

1 2107 32 2139 se,
66 2071 67 2074 ’
110 2069 241 2126 yut),
259 2069 370 2116 forte
387 2071 649 2130 interceptus
670 2075 810 2131 aquis,
831 2079 896 2120 vel
919 2076 1148 2125 invenicus
1163 2092 1376 2136 superna-

127 2150 226 2189 tans
249 2145 499 2200 cadaver-„in
519 2149 646 2205 aquis
662 2157 730 2199 est
750 2150 919 2196 illectus
958 2163 1026 2197 co.
1052 2152 1214 2202 Tamen
1252 2152 1377 2198 Jose-

126 2219 240 2275 plius
257 2220 331 2273 ait,
355 2221 471 2277 quod
495 2228 651 2266 cuneta
671 2223 892 2279 reperiens
919 2225 1175 2269 inundantia
1208 2214 1376 2283 regres-

62 2280 64 2284 ’
125 2304 201 2338 sus
220 2300 287 2338 est
307 2294 361 2339 ad
383 2293 490 2338 Noe.
517 2294 753 2353 Emisitque
779 2305 876 2353 post
895 2310 994 2342 eum
1014 2298 1375 2360 ,columbam,quoe

116 2443 184 2481 est
204 2438 259 2481 ad
273 2436 379 2483 Noe.
403 2439 487 2484 Sed
507 2451 651 2484 nonne
669 2441 895 2488 cacumina
914 2442 1126 2485 montium
1143 2441 1234 2496 jam
1251 2451 1375 2488 eraut

123 2509 317 2567 nudata?
327 2510 455 2557 Forte
475 2513 671 2557 nondum
705 2513 883 2568 siccata,
906 2521 949 2558 et
974 2514 1039 2559 sic
1059 2527 1105 2558 m
1135 2514 1290 2571 palude
1306 2526 1374 2559 re-

123 2585 348 2640 quiescere
367 2599 453 2631 non
475 2586 630 2643 potuit,
653 2587 768 2632 sieut
809 2601 891 2633 nec
917 2588 963 2632 in
1004 2580 1134 2646 aqua.
1180 2587 1258 2634 Vel
1297 2599 1374 2645 per

123 2659 522 2715 recapitulationem
543 2662 666 2718 prius
685 2659 827 2718 potest
843 2662 1024 2720 intelligi
1043 2662 1225 2718 sactum,
1240 2669 1280 2708 et
1294 2675 1372 2720 po·

123 2739 215 2775 stea
230 2731 414 2776 dictum.
436 2731 540 2777 Post
551 2733 644 2778 dies
653 2740 815 2791 septem
832 2732 985 2778 iterum
999 2723 1264 2790 emisit-eam,
1275 2748 1373 2796 quie

116 2815 300 2860 ‚vespere
336 2805 464 2854 rediit
488 2806 629 2852 ferens
661 2819 831 2853 ramum
857 2807 982 2853 olivae
1004 2808 1230 2864 virentem.
1265 2809 1372 2856 Post·

54 2871 55 2874 ’
122 2874 233 2919 alios
261 2882 423 2932 septem
443 2877 588 2922 emisit
608 2890 721 2932 eam,
744 2892 837 2935 quae
859 2893 939 2924 non
974 2887 1034 2924 est
1055 2881 1167 2924 ultra
1210 2895 1370 2926 reversa

121 2947 176 2990 ad
199 2961 308 2992 eum.
332 2947 464 3006 {gitur
482 2947 798 3006 sexcentesimo
817 2954 959 3010 primo
978 2965 1092 2999 anno
1127 2955 1226 2998 vitre
1256 2954 1366 3010 Noe,

45 3016 53 3034 ³
119 3021 259 3076 primo
283 3034 446 3075 mense,
473 3024 894 3080 prima-dianiensis,
921 3026 1197 3082 aperuitNoe
1209 3034 1365 3072 tectum

45 3124 48 3125 γ
118 3105 247 3146 arcte,
268 3101 311 3146 et
330 3093 440 3137 vidit
459 3095 576 3150 quod
592 3097 938 3155 exsiccata-esset
955 3103 1081 3142 terrae
1098 3098 1365 3154 superficies,

0 3164 5 3186 ³
48 3215 49 3218 Ἴ
117 3166 191 3210 sed
209 3167 455 3224 egrediendi
479 3169 759 3225 exspectabat
778 3169 950 3214 Domini
972 3179 1251 3230 pracceptum.

0 3228 4 3237 ’
251 3239 354 3283 Car.
381 3240 555 3286 XXXV.
576 3242 637 3287 De
658 3245 891 3303 eqressione
921 3242 1030 3297 Noe,
1056 3253 1096 3288 et
1118 3244 1250 3289 Iride.

174 3310 313 3357 Mense
333 3315 527 3369 secundo,
556 3317 729 3372 septimo
749 3327 788 3361 et
807 3318 998 3374 viqesimo
1015 3318 1083 3362 die
1117 3321 1283 3374 mensis,
1297 3320 1364 3363 dt·

112 3387 180 3430 ait
203 3386 404 3431 Dominus
423 3389 479 3434 ad
502 3389 628 3434 Noe:
648 3388 855 3448 Eqredere
873 3392 925 3436 de
955 3405 1055 3436 arca
1091 3401 1152 3447 tu,
1182 3400 1221 3437 et
1255 3405 1363 3438 uxor

71 3573 74 3577 .
114 3530 340 3588 Con-iuncti
357 3532 704 3589 inuenturum,
727 3535 1062 3592 quidisjunctim
1075 3537 1356 3583 intraverant.

64 3629 65 3633 =
113 3602 176 3648 Ae
197 3605 233 3649 si
256 3605 417 3650 diceret
438 3607 502 3651 eis
530 3606 685 3653 :Nunc
713 3610 840 3653 rediit
864 3615 1034 3666 tempus
1051 3611 1355 3668 amplectendi,

38 3739 39 3742 Ἴ
113 3673 522 3739 utmultiplicemini'
536 3691 667 3736 super
688 3686 864 3726 terram.
891 3680 990 3726 Mox
1013 3686 1129 3727 enim
1173 3684 1356 3738 subjun-

60 3745 62 3747 ’
111 3750 208 3794 xit:
234 3748 430 3805 Crescite,
452 3759 492 3795 et
516 3751 859 3810 multiplicamini
877 3754 998 3811 (Gen.
1023 3758 1101 3815 tx).
1138 3758 1191 3802 Et
1209 3770 1354 3814 egres-

112 3835 189 3885 sus
212 3829 278 3868 est
297 3822 387 3869 Noe
414 3837 514 3875 cum
533 3826 765 3882 universis,
791 3841 888 3885 quae
908 3837 1032 3877 erant
1054 3843 1154 3876 eum
1171 3844 1240 3888 eo,
1283 3844 1357 3878 ea-

111 3895 210 3941 dem
226 3896 312 3950 die,
334 3909 418 3954 qua
436 3898 660 3956 ingressus
683 3899 842 3956 suerat,
887 3904 1084 3948 revoluto
1110 3918 1240 3950 anno.
1285 3906 1356 3949 ln-

31 4004 35 4012 .
57 3999 61 4002 ⁴
111 3979 286 4023 gressus
306 3969 418 4013 enim
438 3969 578 4015 fuerat
611 3972 777 4016 decima
820 3967 1002 4029 septima
1045 3968 1162 4020 luna*
1192 3978 1353 4022 mensis

27 4054 35 4097 j
52 4037 65 4081 ·ἶ.
109 4042 305 4095 secundi,
318 4042 413 4092 lieet
425 4043 672 4088 habeatalia
688 4045 911 4090 translatio
928 4047 1133 4103 vigesima
1149 4049 1350 4104 septima,

52 4104 66 4171 J
108 4119 154 4156 et
174 4126 372 4170 egressus
388 4121 456 4160 est
471 4115 675 4173 vigesima
698 4127 850 4162 octava
868 4119 987 4172 luna,
1014 4121 1114 4175 quia
1134 4128 1266 4176 quota
1286 4128 1352 4165 est

55 4206 66 4243 1¹
109 4186 212 4229 tuna
236 4188 378 4242 hodie,
400 4190 437 4234 si
455 4189 655 4234 undecim
679 4191 813 4235 addas
843 4206 853 4234 :
881 4198 999 4235 tanta
1016 4193 1097 4236 erit
1115 4194 1265 4237 eodem
1281 4194 1351 4238 die

110 4262 304 4306 revoluto
321 4276 452 4316 anno,
481 4265 520 4309 si
543 4263 673 4310 hodie
690 4268 848 4323 prima,
871 4268 1021 4311 eadem
1046 4266 1114 4310 die
1152 4269 1348 4323 sequenti

48 4324 51 4337 '
109 4348 224 4376 anno
240 4334 509 4381 duoeeeima.
535 4335 622 4382 Nec
653 4344 694 4383 te
712 4346 898 4393 moveat,
923 4339 1036 4396 quod
1060 4340 1164 4392 dixi,
1204 4339 1348 4397 egres-

791 151 1048 199 msTomA
1080 149 1478 200 scnoLAsrtcA.
1512 178 1551 187 -·-
1599 153 1760 199 LIBER
1791 154 2036 207 GENESIS.

161 246 300 291 arillae
312 245 495 295 multum
516 232 749 290 ascetuiere
767 214 1018 302 potuerunt,
1040 253 1086 290 et
1108 257 1208 291 aera
1235 257 1386 290 maen·
1408 247 1444 292 Α
1466 256 1561 288 sum
1589 245 1792 301 vigesima
1813 255 1966 292 octava
1981 248 2101 304 luna,
2123 261 2223 294 eum
2241 250 2350 295 liber
2367 250 2701 310 dicatiigesima

2600 163 2708 211 1086

1468 317 1669 373 septima.
1692 316 1839 363 Potuit
1858 320 1972 363 enim
2004 334 2101 366 esse
2137 325 2253 380 quod
2291 337 2473 382 vespera
2518 328 2710 383 septima:

1451 390 1633 443 ·diei,et
1667 392 1874 448 vigesima
1914 394 2097 450 septima
2136 396 2248 441 lunae
2282 409 2484 456 egressus
2523 400 2595 451 sit,
2618 399 2706 454 jam

1468 463 1721 509 imminente
1760 465 1969 522 vigesima
2007 474 2176 513 octava.
2200 469 2336 515 Media
2368 485 2469 515 vcro
2496 479 2707 528 tempora,

1466 537 1660 594 quolibet
1690 539 1866 582 nomine
1886 551 2179 595 extremorum
2208 554 2321 598 saepe
2342 544 2638 597 nominantur,
2660 551 2709 589 ut

1467 621 1566 654 cum
1588 609 1800 655 Dominus
1818 611 2055 656 crucifixus
2072 611 2155 655 suit
2177 613 2289 657 inter
2314 615 2499 666 tertiam,
2532 622 2576 658 et
2607 627 2706 659 sex-

1468 690 1553 726 tam
1583 698 1593 727 :
1618 683 1793 738 qnidam
1820 685 2083 741 evangelista
2126 685 2230 729 dicit
2271 687 2376 731 hora
2425 688 2562 740 tertia,
2598 688 2709 733 alius

1467 762 1605 799 sexta.
1629 753 1706 798 Vel
1722 757 1867 811 potius
1888 756 2125 800 secundum
2145 758 2318 801 nomina
2336 767 2497 813 septem
2521 759 2709 814 dierum,

1466 827 1502 871 si
1520 827 1563 871 in
1595 828 1720 872 tertia
1742 828 1849 871 scria
1875 836 1941 873 est
1962 829 2063 872 luna
2082 829 2286 887 vigesima
2314 832 2493 886 septima
2514 832 2707 877 revoluto

1467 911 1580 942 anno
1595 900 1640 943 in
1657 898 1804 943 eadem
1828 900 1953 943 tertia
1974 899 2081 943 seria
2099 902 2180 943 crit
2194 902 2293 944 luna
2314 902 2518 957 vigesima
2539 910 2705 956 octava,

1468 971 1568 1030 quia
1587 979 1819 1027 computus
1843 971 1986 1016 dictus
2004 985 2078 1028 per
2097 985 2228 1016 unam
2254 974 2366 1017 diem
2413 974 2637 1022 descendit
2661 975 2705 1018 in

1466 1043 1791 1101 martyrologio.
1825 1042 1954 1087 Verbi
1990 1045 2144 1100 gratia,
2165 1044 2364 1089 Kalendae
2389 1045 2583 1090 Ianuarii
2608 1054 2708 1094 sunt

1466 1116 1509 1159 in
1532 1115 1755 1158 Dominiea
1780 1115 1868 1170 die,
1887 1124 1928 1163 et
1951 1117 2051 1159 luna
2078 1118 2278 1172 septima,
2303 1119 2496 1162 revoluto
2521 1132 2633 1162 anno
2663 1120 2704 1162 in

1468 1189 1668 1234 Kalendis
1687 1187 1881 1233 Januarii
1895 1190 2093 1235 reiterata
2112 1191 2213 1234 luna
2228 1192 2309 1234 erit
2325 1191 2488 1236 decima
2509 1193 2704 1247 septima,

1465 1264 1542 1309 sed
1568 1262 1769 1308 Kalendae
1793 1270 1921 1306 crunt
1941 1262 2128 1307 secunda
2156 1263 2279 1307 seris.
2325 1263 2438 1320 Ergo
2482 1265 2705 1310 Dominica

1463 1337 1532 1379 die
1549 1341 1648 1378 ante
1674 1333 1888 1379 Kalendas
1913 1334 1994 1377 erit
2027 1335 2136 1378 luna.
2148 1335 2314 1380 decima
2336 1338 2529 1391 septima,
2569 1347 2611 1381 et
2644 1339 2708 1382 sie

1463 1424 1485 1454 a
1510 1410 1732 1454 Dominica
1752 1411 1792 1453 in
1819 1411 2087 1455 Dominicam
2113 1410 2307 1455 revoluto
2352 1422 2485 1462 anno,
2526 1423 2610 1454 non
2636 1413 2706 1454 ail-

1461 1485 1624 1528 duntur
1651 1484 1763 1527 lunae
1780 1483 1861 1527 nisi
1887 1483 2052 1535 decem,
2086 1482 2157 1524 scd
2179 1494 2201 1524 a
2223 1480 2424 1524 Kalendis
2467 1481 2507 1523 in
2551 1481 2705 1524 Kalen-

1460 1559 1538 1602 das
1569 1556 1786 1601 undecim.
1809 1555 1862 1599 Et
1884 1555 2111 1611 aedificavit
2137 1554 2227 1597 Noe
2260 1553 2395 1597 altare
2433 1553 2625 1606 Domino,
2665 1565 2708 1598 ct

1459 1634 1513 1677 de
1541 1632 1713 1676 mundis
1739 1631 2031 1678 animantibus
2057 1631 2289 1686 septimum
2330 1629 2487 1673 obtulit
2519 1628 2702 1672 Domino

1464 1704 1568 1761 (ii).
1590 1704 1690 1748 ldeo
1708 1705 1822 1747 enim
1844 1703 2034 1759 jusserat
2061 1701 2268 1746 Dominus
2286 1708 2446 1757 septem
2469 1702 2703 1751 secundum

1459 1790 1593 1832 genus
1613 1790 1738 1820 suum
1759 1777 1922 1829 induci,
1947 1783 1992 1819 nt
2012 1775 2195 1830 septimo
2214 1776 2374 1829 oblate,
2421 1788 2497 1818 sex
2537 1775 2705 1820 suffice·-

1459 1858 1555 1893 rcnt
1577 1850 1894 1906 propagationi.
1917 1850 2079 1895 Locum
2109 1857 2251 1911 autem
2270 1861 2356 1905 quo
2398 1849 2560 1905 egressi
2604 1852 2705 1896 sunt

1409 1924 1415 1927 “
1457 1921 1649 1966 Armenii
1668 1922 1968 1979 Egi-essorium
1990 1929 2162 1966 vocant.
2186 1922 2283 1965 Filii
2309 1934 2411 1966 vero
2449 1921 2538 1966 Noe
2581 1921 2702 1966 dixe-

1458 2006 1557 2041 runt
1576 1995 1773 2051 Tlienon,
1794 1997 1837 2041 id
1868 2005 1934 2042 est
1957 2006 2048 2040 octo
2070 2010 2148 2054 pro
2193 2009 2375 2040 numero
2409 2007 2699 2052 egressorum.

1457 2069 1521 2115 Ob
1540 2071 1624 2115 hoe
1645 2083 1835 2128 quoque,
1854 2077 1902 2115 ut
1922 2072 2096 2127 quidam
2119 2070 2310 2123 tradunt,
2334 2069 2424 2113 Noe
2448 2069 2548 2116 fecit
2567 2069 2701 2116 altare

1456 2144 1509 2189 de
1531 2151 1629 2189 octo
1653 2144 1886 2201 lapidibus.
1909 2143 1963 2189 Et
1985 2144 2184 2187 odoratus
2205 2150 2266 2187 est
2291 2143 2490 2186 Dominus
2531 2143 2699 2186 odorem

1454 2218 1693 2271 suavitatis,
1711 2224 1752 2265 et
1769 2218 1829 2261 ait
1849 2217 1904 2261 ad
1928 2215 2019 2261 Noe
2046 2231 2058 2261 :
2083 2215 2179 2260 Non
2200 2216 2312 2260 ultra
2329 2215 2699 2259 maledicamomni

1455 2297 1577 2335 terra*
1591 2297 1759 2346 propter
1775 2290 1979 2345 hanzines,
2002 2289 2103 2346 quia
2146 2289 2266 2345 proni
2310 2289 2482 2332 suntad
2522 2289 2696 2333 malum.

125 2376 219 2415 cum
235 2378 316 2410 iton
339 2368 557 2411 invenisset
575 2366 646 2411 ubi
673 2369 942 2424 requiesceret
965 2382 1036 2427 pes
1077 2370 1187 2426 ejus,
1209 2384 1372 2416 reversa
1394 2385 1428 2432 C
1458 2364 1633 2421 Tempus
1652 2372 1790 2408 autem
1809 2365 2022 2419 sementis,
2046 2370 2084 2407 et
2104 2366 2262 2415 messis,
2281 2371 2320 2407 et
2344 2364 2492 2420 frigus,
2506 2370 2696 2416 etoestus,

1456 2451 1555 2494 nox,
1576 2446 1617 2483 et
1634 2441 1722 2483 dies
1746 2452 1827 2483 uon
1847 2439 2113 2496 requiescent.
2134 2437 2263 2483 Forte
2281 2439 2472 2482 nondum
2495 2439 2552 2482 ita
2571 2438 2695 2494 plene

1453 2512 1657 2557 distincta
1675 2503 2005 2569 erantquatuor
2027 2519 2237 2568 tempora,
2263 2511 2362 2566 quia
2386 2523 2463 2554 nce
2482 2523 2620 2566 usque
2642 2510 2696 2552 ad

1453 2586 1661 2630 diluvium
1682 2598 1805 2642 aquae
1834 2585 2006 2629 fuerant
2025 2585 2216 2629 eoiieetae
2237 2584 2279 2627 in
2305 2586 2456 2627 nubes.
2504 2583 2558 2627 Et
2578 2583 2697 2628 bene-

1452 2658 1560 2702 dixit
1581 2659 1640 2702 eis
1658 2656 1863 2702 Dominus
1879 2658 2019 2701 dicens
2041 2669 2054 2700 .·
2070 2657 2265 2710 Crescite,
2284 2664 2321 2699 et
2341 2655 2694 2712 multiplicamini,

1449 2739 1490 2774 et
1536 2732 1590 2775 sit
1622 2731 1746 2774 timor
1779 2732 1903 2775 vestri
1939 2743 2064 2786 super
2094 2737 2243 2773 cuncta
2282 2730 2518 2775 animantia
2557 2736 2694 2773 terroe.

1431 2801 1543 2848 ‘Hoc
1561 2803 1724 2849 dictum
1741 2810 1807 2849 est
1828 2804 1892 2849 eis
1917 2804 1960 2847 in
1980 2803 2200 2856 solatium,
2230 2814 2284 2847 ne
2310 2803 2434 2859 pauci
2458 2801 2694 2846 limninesa

1449 2876 1646 2932 pluribus
1666 2877 1814 2923 bestiis
1838 2877 2022 2934 opprimi
2050 2872 2263 2920 timerent.
2299 2876 2431 2929 Quasi
2471 2875 2585 2920 Deus
2624 2876 2693 2925 di-

1450 2958 1566 2993 ceret
1585 2964 1595 2994 ε
1617 2950 1741 2995 Olera
1767 2952 1948 2995 virentia
1968 2952 2087 3006 prius
2110 2950 2309 2995 dederam
2333 2952 2374 2993 in
2397 2949 2557 3003 eibum,
2577 2939 2692 2993 nune

1449 3023 1574 3068 trado
1612 3023 1735 3069 vobis
1789 3024 2025 3068 animantia
2058 3028 2073 3043 ⁶
2099 3057 2110 3076 ,
2152 3030 2328 3080 excepto
2373 3023 2488 3078 quod
2520 3033 2690 3067 carnem

1449 3109 1546 3142 cum
1567 3098 1778 3155 sanguine
1803 3112 1890 3143 non
1909 3099 2162 3153 comedetis,
2187 3099 2228 3142 id
2265 3105 2331 3142 est
2358 3098 2517 3142 animal
2556 3097 2688 3143 suffo-

1446 3178 1608 3216 catum.
1649 3171 1702 3216 Et
1725 3173 1949 3229 prohibuit
1989 3174 2053 3217 eis
2078 3172 2210 3217 'Deus
2255 3171 2535 3216 homicidium
2579 3171 2688 3227 fieri,

1445 3247 1547 3302 quia
1569 3248 1757 3291 maxime
1793 3247 2003 3291 timebant
2028 3260 2082 3292 ne
2115 3247 2325 3291 Dominus
2361 3247 2514 3291 iterum
2554 3259 2687 3303 aquas

1444 3318 1594 3364 diluvii
1615 3319 1844 3364 inundaret
1864 3333 1993 3376 super
2008 3327 2164 3364 terram
2180 3334 2191 3374 3
2213 3326 2254 3364 ct
2272 3319 2361 3364 Noc
2386 3321 2575 3376 quotidie
2590 3334 2687 3364 ora-

1443 3391 1534 3447 bat,
1566 3400 1621 3437 n'e
1642 3394 1724 3437 hoc
1747 3393 1882 3447 tieret,
1909 3401 1957 3437 ut
1987 3393 2201 3449 soseptms
2243 3394 2401 3437 refert:
2437 3394 2595 3450 pepigit
2623 3394 2685 3443 cis

77 3469 96 3500 ’.
117 3467 206 3520 tua,
227 3459 311 3516 filii
336 3463 415 3515 tui,
437 3470 475 3507 et
493 3475 651 3507 uxores,
671 3463 861 3520 filiorum
887 3471 1054 3509 tuorum
1074 3464 1194 3522 (Gen.
1237 3457 1350 3524 vin).
1384 3454 1420 3500 D
1442 3464 1570 3516 Deus,
1592 3465 1707 3519 quod
1725 3466 1836 3509 ultra
1864 3478 1947 3508 non
1975 3467 2095 3510 tieret
2118 3466 2344 3520 diluvium,
2381 3474 2422 3510 et
2444 3468 2484 3509 in
2514 3467 2682 3521 signum

1440 3535 1619 3582 soederis
1644 3536 1791 3593 hujus,
1818 3538 1963 3593 posuit
1988 3551 2136 3582 arcum
2174 3550 2300 3583 suum
2325 3539 2367 3581 in
2391 3538 2576 3580 nubibus
2610 3541 2623 3554 ·
2653 3541 2679 3581 ’.

1439 3607 1492 3652 Et
1535 3615 1602 3653 est
1639 3609 1809 3664 signum
1852 3610 2036 3654 duorum
2076 3612 2356 3666 judiciorum.
2412 3610 2568 3653 Iudicii
2607 3622 2683 3666 per

1436 3694 1593 3738 aquam
1619 3683 1840 3738 praeteriti,
1860 3696 1913 3726 ne
1933 3684 2149 3736 timeatur,
2179 3691 2220 3726 et
2239 3683 2371 3726 futuri
2410 3681 2482 3737 per
2520 3683 2678 3738 ignem,

1436 3764 1484 3800 ut
1505 3763 1794 3812 exspectetur.
1817 3756 1918 3800 inde
1937 3765 2000 3802 est
2024 3758 2137 3813 qnod
2173 3758 2281 3800 duos
2328 3757 2456 3800 habet
2495 3756 2675 3809 colores,

1439 3830 1787 3885 coeruleum,qui
1815 3836 1879 3874 est
1907 3838 2086 3886 aqueus,
2129 3837 2172 3874 et
2213 3838 2277 3873 est
2316 3831 2517 3881 exterior,
2562 3830 2664 3885 qnia

1435 3903 1657 3959 praeteriit,
1684 3909 1726 3946 et
1749 3903 1945 3956 rubeum,
1973 3902 2046 3957 qui
2075 3911 2139 3946 est
2159 3904 2326 3958 igneus,
2363 3904 2436 3958 qui
2469 3910 2534 3946 est
2562 3902 2672 3945 inte-

1434 3979 1548 4029 rior;
1571 3976 1673 4031 quia
1694 3976 1864 4020 futurus
1882 3984 1947 4020 est
1968 3976 2094 4031 ignis.
2110 3974 2161 4018 Et
2177 3976 2352 4019 tradunt
2377 3976 2534 4025 sancti,
2552 3974 2668 4031 qnod

1434 4052 1718 4108 quadraginta
1742 4051 1865 4093 annis
1888 4059 1984 4093 ante
2003 4050 2213 4105 indicium
2236 4061 2318 4092 non
2361 4049 2575 4092 videbitur
2598 4061 2671 4092 ar·-

1432 4136 1525 4176 eus,
1553 4124 1668 4178 qnod
1698 4123 1825 4166 etiam
1851 4122 2103 4165 naturaliter
2124 4123 2317 4164 ostendet
2340 4121 2667 4164 desiccationem

1428 4197 1540 4240 aeris
1556 4196 1645 4250 jam
1671 4196 1915 4250 inemptam.

1470 4273 1499 4290 *⁴
1524 4271 1697 4313 Αάάῐιὶο
1724 4271 1763 4313 l.
1812 4272 1920 4313 Esus
1958 4271 2154 4314 carnium
2190 4277 2287 4313 ante
2326 4269 2533 4313 diluvium
2577 4279 2664 4311 :ion

1425 4351 1532 4398 erat,
1559 4345 1631 4389 scd
1656 4351 1753 4399 post
1772 4344 1915 4388 statim
1937 4356 2169 4388 concessus
2188 4351 2268 4387 est.

162 4472 253 4532 (U)
272 4473 331 4521 De
349 4471 520 4526 mundis
544 4487 702 4537 septem
721 4494 914 4538 ingressa
928 4482 1169 4542 significant
1190 4491 1351 4541 septem
1371 4486 1499 4540 dana,
1524 4483 1698 4538 scilicet,
1725 4496 1818 4541 quet:
1835 4484 2049 4544 perfectus
2073 4483 2226 4533 habere
2250 4481 2391 4531 debet.
