2924 4588
135 104 220 154 893

1054 103 1367 149 PAN‘rttEoN.
1399 128 1451 136 -ψ
1482 104 1624 147 PARS
1659 105 1768 149 xvt.

2606 98 2688 152 aar

79 257 81 260 v
135 205 262 247 ritur.
282 189 363 246 Ubi
382 201 484 245 dum
507 198 729 254 Romanus
752 198 860 256 fugit
882 197 1115 246 exercitus,
1143 198 1377 253 imperator
1401 200 1432 244 Α
1453 194 1583 238 :Tunc
1608 197 1736 239 etiam
1762 196 1938 252 scripsit
1967 197 2007 238 in
2034 196 2265 253 AEgyptuzn
2293 198 2346 242 as}
2369 197 2577 242 loannem
2603 213 2693 242 mo.

135 270 316 324 Valens,
341 273 495 328 sagitta
517 263 763 322 sauciatus,
789 271 832 314 in
858 270 1082 326 cujusdam
1107 270 1374 326 parvissimae

134 345 290 390 villulae
307 357 451 388 casam
476 344 583 400 sugit
599 377 611 396 ,
637 351 683 386 ut
701 344 841 388 latens
858 346 989 387 vitam
1008 352 1219 388 reservet.
1236 341 1372 396 Quem

135 415 412 474 insequentes
449 415 604 469 Gothi,
633 417 760 459 simul
785 429 882 460 cum
919 428 1044 467 casa,
1086 415 1183 471 igne
1214 427 1375 458 consu-

135 494 282 541 munt,
303 500 416 531 anno
445 487 626 544 imperii·
642 487 707 528 sui
732 486 899 530 decimo
921 487 1102 541 quint03
1134 492 1232 541 post
1259 497 1376 528 mor-

134 565 218 602 tem
247 571 350 602 vero
382 546 528 602 fratris
552 559 618 602 sui
642 571 755 602 anno
777 562 949 613 quarto,
982 558 1150 600 Mortuo
1174 556 1373 608 Valente,

133 631 364 675 Gratianus
395 632 468 687 qui
504 643 601 673 cum
636 643 688 673 eo
725 620 958 686 regnabat,
1000 642 1096 673 cum
1126 623 1260 673 fratre
1297 642 1376 673 suo

134 701 434 750 Valentiniano
453 703 625 758 juniore
646 707 762 746 tenet
785 702 1030 758 imperium.

219 794 279 838 De
303 793 502 838 Gratiano
526 794 796 848 imperatore,
821 782 1138 848 quadrum-simo
1159 791 1295 846 primo

615 849 666 891 ab
691 850 891 904 Auynsto.

133 923 278 968 Caesar
303 899 523 966 Romanus
547 921 741 965 diadema
769 926 886 964 tenet
907 919 1166 971 Gratianus,

132 993 256 1052 Titne
277 1000 370 1036 crat
395 991 652 1038 Ambrosius
679 991 762 1035 sub
787 991 950 1035 Christi
983 991 1184 1047 dogmate
1206 991 1378 1043 clarus,

189 1063 361 1108 Martini
385 1064 574 1108 Turonis
597 1064 763 1107 exstitit
784 1063 927 1119 ampla
948 1063 1084 1107 salus.

133 1135 214 1189 Qui
240 1136 360 1191 cupit
382 1134 599 1178 Ambrosii
625 1147 700 1190 per
723 1133 927 1190 dogmata
951 1133 1244 1184 sanctificari,

134 1209 218 1264 Qut
242 1210 326 1255 sibi
353 1209 525 1253 Martini
548 1209 758 1252 miracula
780 1209 872 1252 vult
895 1207 1133 1260 numerari,

187 1279 281 1324 Non
304 1293 383 1337 ego
406 1280 570 1325 sufficio
585 1313 596 1330 ‚
621 1280 775 1335 viderit
799 1278 870 1322 ille
894 1279 1049 1334 magist

133 1355 246 1399 Anni
270 1355 338 1398 bis
357 1354 494 1398 ternis
516 1353 623 1396 vixit
642 1364 779 1397 caesar
802 1351 1060 1402 Gratianus,

133 1425 256 1471 Tunc
277 1427 537 1470 Pontianum
562 1437 717 1482 papam
739 1425 905 1470 vixisse
927 1429 1130 1467 notamus
1144 1455 1156 1474 ‚

188 1501 313 1545 Hune
336 1487 462 1563 annis
483 1501 676 1557 quinque
699 1511 934 1554 menseque
948 1530 960 1551 ,
986 1499 1101 1543 stare
1123 1502 1256 1553 patet.

178 1590 239 1637 le
265 1591 495 1639 Theodosio
517 1592 793 1646 imperatore,
815 1587 1135 1645 quadroqesimo
1157 1585 1337 1630 secundo

615 1647 667 1690 ab
692 1647 900 1702 Auyusto.

187 1721 316 1779 Anno
345 1720 400 1765 ab
430 1721 649 1764 incarnat.
685 1717 856 1763 Domini
888 1717 986 1761 583.
1022 1714 1254 1759 Gratianus
1284 1713 1381 1770 (est

133 1800 279 1842 autem
298 1793 531 1840 Gratianus
553 1794 606 1836 ab
625 1782 821 1850 Augusto
841 1791 1199 1848 quadragesimus
1227 1799 1383 1831 secun

136 1867 246 1925 elus)
285 1868 436 1911 volens
475 1865 726 1922 reipublicae
764 1876 845 1909 suo
886 1870 1078 1919 tempore
1116 1861 1348 1906 subvenire
1367 1892 1379 1911 ,

134 1941 424 1986 Theodosium
443 1971 456 1993 ,
482 1940 658 1984 natione
682 1937 951 1993 Hispanum,
974 1937 1119 1979 virum
1151 1935 1304 1978 sortem
1338 1938 1387 1976 et

135 2015 384 2070 religiosum
400 2044 413 2064 ,
436 2023 628 2069 purpura
652 2009 818 2062 induit,
833 1997 887 2054 'et
908 2008 1210 2065 imperatorem
1235 2004 1383 2049 Orien-

47 2092 51 2101 '
99 2135 101 2139 Α
141 2090 200 2134 tis
222 2085 680 2134 creavit.Theodosius
706 2092 793 2129 tam
817 2085 979 2130 virtute
1001 2096 1130 2140 quam
1153 2081 1382 2139 prudentia

115 2168 306 2218 -gentcm
337 2159 577 2205 Gothorum
611 2159 801 2213 devicit;
834 2165 878 2204 et
906 2157 1203 2205 Athalaricum
1235 2166 1382 2211 regem

114 2223 374 2299 >Gothorum
389 2233 812 2289 Constantinopolim
836 2232 890 2276 ad
914 2243 963 2275 se
985 2230 1171 2274 vocavit.
1193 2228 1255 2272 lbi
1279 2234 1382 2271 tune

135 2308 408 2353 Athalaricus
427 2308 549 2356 obiit.
569 2307 684 2350 Gens
704 2314 842 2349 autem
861 2303 1098 2348 Gothorum
1116 2335 1128 2355 ,
1149 2305 1240 2347 visa
1258 2314 1382 2364 man.-

65 2397 68 2399 ’
135 2382 364 2426 suetudine
403 2381 614 2438 principis
637 2414 648 2432 ,
693 2380 936 2423 voluntarle
970 2377 1156 2433 seipsam
1201 2375 1383 2432 imperio

136 2448 339 2498 Romano
371 2454 620 2510 supposuit.
664 2451 934 2496 Theodosius
972 2449 1207 2514 Arcadium
1245 2450 1382 2492 tilium

136 2538 262 2570 suum
285 2528 452 2571 socium
478 2525 646 2585 imperii
669 2525 812 2580 elegit.

191 2597 424 2643 Gratianus
444 2611 470 2642 a
489 2599 702 2642 Maximo
691 2611 736 2641 in
756 2597 979 2640 Britannia
1003 2597 1229 2652 imperium
1253 2608 1384 2640 usur·-

137 2677 292 2730 pante,
316 2671 564 2724 occiditut;
595 2677 640 2715 et
674 2670 809 2715 frater
842 2670 937 2726 ejus
970 2667 1297 2712 Valentinianus
1329 2668 1383 2711 ab

74 2793 79 2796 a
135 2741 255 2788 Italia
284 2743 472 2800 sugatur,
493 2744 568 2799 qui
592 2742 647 2786 ad
669 2741 962 2786 Theodosium
985 2742 1180 2792 venienti,
1198 2741 1383 2795 benigne

137 2823 335 2872 receptus
353 2821 432 2860 est.

189 2887 316 2931 Anno
333 2867 706 2933 ablncarnatione
720 2886 907 2943 {Domini
940 2885 1244 2930 trecentesimo
1262 2891 1383 2928 octo-

134 2962 300 3019 gesimo
342 2967 511 3012 octavo‚
558 2960 766 3004 Gratiano
812 2960 1066 3011 interiecto,
1110 2958 1380 3005 Theodosius

136 3032 495 3091 quadragesimus
519 3034 686 3090 primus
719 3034 773 3077 ab
806 3032 999 3090 Augusto
1032 3033 1261 3089 imperium
1291 3030 1381 3074 no-

137 3105 310 3150 manum
338 3106 456 3149 solus
472 3105 683 3148 obtinuit.

191 3177 325 3222 Erant
346 3187 448 3222 tunc
469 3179 514 3222 in
536 3178 728 3223 Ecclesia
750 3178 824 3222 Dei
850 3178 930 3222 viri
952 3178 1240 3228 sanctissimi,
1266 3177 1381 3220 ,hiar-

137 3252 258 3295 tlnus
294 3251 560 3296 Turonensis
597 3252 862 3307 episcopus,
887 3249 1146 3295 Ambrosius
1177 3251 1381 3294 Mediola-

137 3323 586 3376 nensis‚.Severinus
619 3321 894 3381 colonien-sis
927 3323 1184 3379 episcopus,
1227 3321 1381 3366 ssiere-

135 3408 292 3454 nymus
339 3389 581 3454 presbyter,
628 3396 898 3453 Augustinus
939 3397 1305 3449 catechumenus,
1351 3408 1375 3438 a
1401 3415 1435 3458 D

137 3471 263 3516 beato
288 3470 516 3515 Ambrosio
539 3477 644 3514 tunc
666 3471 926 3526 baptizatus.

192 3542 462 3588 Theodosius
498 3550 650 3588 contra
682 3545 931 3600 praedictum
960 3542 1192 3586 Maximum
1227 3550 1377 3600 tyran-

136 3618 434 3660 n'um‘movens
455 3617 716 3667 exercitum,
738 3617 780 3660 in
798 3616 993 3672 partibus
1009 3615 1375 3675 Aquilegiensium

136 3690 295 3734 occidit
313 3701 427 3734 eum,
451 3690 610 3734 Deinde
634 3702 731 3733 cum
753 3690 839 3733 [ilio
862 3702 942 3734 suo
962 3689 1153 3733 Honorio
1176 3686 1372 3745 parvulo,

137 3760 316 3805 Romam
340 3764 482 3814 venit,
516 3763 660 3826 ibique
689 3763 997 3817 rempublicam
1031 3762 1260 3806 ordinavit,
1290 3760 1375 3803 Va-

138 3833 375 3878 leutiniano
398 3845 578 3890 regnum
602 3833 851 3877 Occidentis
875 3833 1066 3889 reliquit.
1104 3832 1200 3888 lpse
1231 3839 1373 3876 autem

137 3903 574 3962 Constantinopolim
580 3905 803 3951 remeavit.

193 3977 690 4029 PoiroValentinlanus,
716 3981 817 4023 dum
841 3979 885 4022 in
913 3977 1094 4022 Galliam
1122 3980 1371 4030 revertitur,

136 4050 286 4095 fraude
316 4050 543 4105 cuiusdam
574 4052 806 4107 Arbogasti
831 4059 872 4095 et
894 4051 1073 4108 Eugenii
1098 4050 1175 4108 (ut
1198 4052 1373 4107 quidam

136 4122 540 4180 asserunt),laqueo
561 4130 634 4181 est,
648 4126 902 4184 suspensus.
925 4124 1141 4181 Eugenius
1161 4126 1214 4168 ab
1235 4125 1383 4169 Arhoz'

135 4201 259 4252 gasto
285 4197 519 4255 imperator
552 4198 612 4241 ibi
634 4204 823 4242 creatur.
848 4197 1046 4254 {Quidam
1079 4199 1253 4250 dicunt,
1289 4198 1372 4241 Va=

134 4267 418 4314 lentinianum
455 4275 546 4330 prae
576 4269 715 4312 nimio
753 4269 903 4314 dolore
934 4269 1020 4314 hoe
1054 4257 1190 4327 genus
1222 4272 1373 4315 mortis

136 4339 307 4382 sibimet
344 4341 580 4386 innuisse..
608 4342 744 4386 Morte
792 4341 1079 4387 Valentiniani
1124 4341 1343 4399 comperta
1358 4377 1369 4394 ,

136 4405 406 4455 Theodosius
424 4413 466 4456 in
481 4411 717 4470 Eugenium
737 4419 966 4470 tyrannum
982 4421 1102 4470 parat
1117 4415 1350 4460 exercitum

1455 268 1642 311 nochum
1658 302 1670 322 ,
1694 267 1948 324 Eutropium
1977 271 2223 313 eunuchum
2243 304 2252 321 ,
2278 278 2320 315 et
2346 278 2545 315 eventum
2581 271 2640 315 rei
2665 286 2691 315 n

1454 341 1549 383 viro
1574 340 1669 396 ipso
1693 342 1970 385 sanctissimo
2001 344 2241 398 requisivit.
2279 343 2359 404 Cui
2394 345 2459 387 vir
2493 343 2695 387 beatissi-

1455 425 1568 462 mus,
1596 413 1762 467 plenam
1787 413 2008 456 victoriam
2036 416 2248 469 promisit.
2272 413 2565 463 Theodosius.
2591 427 2697 458 con-

1459 486 1566 528 lisus
1601 484 1644 527 in
1678 484 1792 536 Deo,
1832 486 1997 541 pergit,
2023 492 2065 528 et
2105 485 2268 530 Gothos
2303 494 2454 529 contra
2489 493 2696 543 tyrannos

1458 562 1557 599 ante
1579 568 1626 600 se
1647 557 1884 612 praemittit.
1911 557 2102 609 Quorum
2127 558 2274 601 decem
2306 559 2439 600 millia
2475 558 2527 600 ab
2558 556 2696 599 Arbo-

1455 636 1582 685 gasto
1603 630 1913 673 interimuntur
1936 648 1946 673 ·.
1973 631 2165 685 procedit
2192 631 2442 686 inperator,
2467 636 2509 672 et
2530 642 2627 673 cum
2650 630 2694 673 in

1456 699 1636 756 Alpibus
1662 700 1860 743 hostibus
1883 701 2170 750 occurrisset,
2197 701 2340 756 ibique
2362 701 2628 755 Arbogastus
2652 703 2693 742 in

1457 773 1732 818 eminentiori
1771 775 1866 817 loco
1905 774 2074 830 positus
2095 808 2105 823 ,
2146 780 2190 816 ut
2207 776 2444 817 -nieliorem
2480 773 2698 829 pugnandi

1459 846 1819 902 opportunitatem
1844 846 2062 890 videretur
2088 848 2245 890 habere
2261 879 2272 896 ,
2302 846 2573 890 Theodosius
2603 852 2693 889 tota

1326 907 1329 908 ⁷
1392 960 1394 962 .
1460 927 1588 962 nocte
1627 924 1873 974 prostratus
1907 921 1949 962 in
1991 919 2218 975 precihus,
2266 932 2391 963 mane
2436 921 2480 962 in
2519 919 2701 961 Domino

1461 992 1668 1042 confisus,
1690 993 1968 1047 congreditur
1989 999 2030 1036 et
2054 994 2240 1048 gloriose
2261 993 2514 1048 triumphat.
2535 991 2595 1034 ibi
2615 991 2701 1034 Eu-

1460 1065 1613 1120 genius
1643 1070 1797 1120 captus
1830 1065 2057 1107 occiditur.
2094 1064 2360 1120 Arbogastus
2386 1064 2601 1108 interfecit
2630 1076 2701 1108 se-

1428 1130 1430 1132 *
1459 1139 1618 1194 ipsum.
1632 1138 1901 1183 Theodosius
1912 1146 2054 1182 autem
2075 1140 2204 1182 rebus
2221 1139 2423 1183 omnibus
2438 1140 2547 1181 bene
2562 1138 2703 1194 dispo-

1460 1210 1586 1261 stus,
1629 1223 1744 1254 anno
1779 1211 2007 1255 undecimo
2042 1217 2140 1266 post
2172 1217 2353 1254 mortem
2385 1209 2700 1263 Valentiniani,

1400 1285 1434 1328 B
1463 1283 1574 1338 apud
1598 1281 1885 1325 Mediolanum
1911 1283 2038 1326 vitam
2064 1281 2234 1331 finiens,
2261 1282 2306 1324 in
2330 1281 2511 1324 Domino
2535 1282 2704 1335 requie-

1464 1355 1541 1398 vit.
1567 1353 1733 1398 Caetera
1758 1354 1811 1399 de
1834 1353 2077 1399 Theodosio
2099 1354 2296 1402 versibus
2320 1355 2603 1410 explicamus.

1481 1459 1586 1503 Item
1638 1461 1687 1503 a'e
1732 1460 1871 1504 eodem
1918 1459 2147 1503 Theodosio
2192 1461 2460 1516 imperatore,
2509 1459 2691 1509 versifice

1978 1524 2191 1559 narratur.

1462 1616 1616 1676 Fulget
1641 1619 1913 1664 Theodosius
1937 1620 2180 1672 diademate
2205 1627 2303 1676 post
2327 1619 2579 1664 Gratianum
2597 1654 2608 1672 ‚

1462 1690 1708 1753 Concilium
1730 1693 1871 1736 reiicit
1893 1693 2422 1750 constantinopolitanum
2443 1724 2454 1743 ,

1515 1762 1646 1807 Arius
1672 1763 1854 1808 insanus
1882 1766 2100 1820 spernitur
2122 1778 2226 1818 ore,
2251 1778 2398 1809 manu.
2549 1764 2704 1822 [sant.

1460 1834 1664 1898 Fanaque
1682 1838 1840 1892 templa
1864 1844 1998 1880 ruunt
2022 1850 2142 1881 nunc
2165 1851 2346 1894 prorsus
2366 1870 2377 1890 ,
2404 1845 2448 1883 et
2473 1839 2587 1882 idola
2610 1851 2707 1883 ces·

1460 1907 1564 1951 Aria
1589 1907 1808 1965 scriptura
1833 1911 1972 1966 perit,
2000 1911 2097 1967 igne
2121 1923 2338 1967 manuque
2363 1923 2562 1968 repressa
2579 1943 2591 1964 ,

1517 1980 1726 2037 Dogmata
1750 1981 1972 2025 Catholica
1995 1984 2170 2038 caesaris
2195 1985 2292 2026 aula
2316 1991 2456 2038 parat.

1461 2052 1578 2100 Vixit
1600 2053 1872 2100 Theodosius
1896 2057 2022 2100 annis
2043 2056 2168 2111 ‹luasi
2197 2057 2261 2100 his
2286 2057 2525 2110 duodenis,

1461 2125 1600 2182 Atque
1623 2127 1734 2171 duos
1755 2128 1867 2170 ultra
1893 2126 2055 2171 Lucius
2078 2133 2181 2171 tunc
2204 2139 2313 2183 papa
2336 2127 2499 2172 resedit
2515 2159 2528 2178 ,

1519 2199 1628 2246 Tres
1652 2213 1790 2246 annos
1815 2189 2191 2255 vivit,‘mensibus
2214 2208 2312 2244 octo
2331 2202 2410 2246 sibi
2431 2216 2443 2255 ;

1518 2274 1534 2290 '
1556 2270 1736 2328 Insuper
1757 2272 1866 2326 adde
1889 2273 2039 2317 decem
2062 2285 2142 2329 pro
2164 2273 2331 2315 ratione
2353 2273 2462 2316 dics.

1400 2349 1437 2396 C
1463 2335 1843 2401 Constantinopoli
1870 2344 2007 2409 fertur
2027 2351 2156 2402 caput
2180 2358 2277 2390 esse
2302 2345 2483 2390 loannis
2501 2379 2512 2397 ,

1465 2415 1723 2478 Scriptaque
1746 2416 2024 2473 Hieronymi,
2052 2430 2148 2473 quse
2171 2417 2320 2462 multis
2346 2419 2527 2462 contulit
2550 2420 2676 2464 auiti:
2693 2411 2711 2472 .’

1518 2490 1833 2535 Bethlehemita
1857 2491 2013 2535 domus
2034 2492 2150 2535 misit
2174 2492 2215 2534 in
2242 2505 2368 2536 omne
2391 2494 2547 2536 solum.

1547 2562 1656 2606 Item
1680 2562 1730 2605 de
1756 2562 1984 2607 Theodosio
2019 2571 2057 2606 et
2075 2565 2257 2607 Arcadio
2286 2565 2623 2621 imperatoribus.

1463 2634 1677 2680 Arcadius
1700 2647 1799 2678 cum
1821 2634 2070 2679 Theodosio
2094 2636 2337 2679 diademate
2364 2636 2520 2693 fulget,

1462 2695 1668 2748 Ecclesiae
1690 2717 1805 2749 nunc
1829 2705 2064 2749 Catholicae
2085 2718 2271 2750 censura
2299 2714 2523 2763 resurget,

1517 2779 1632 2822 Ordo
1653 2780 1793 2823 bonus
1815 2780 1920 2824 cleri
1945 2793 2061 2823 nunc
2086 2787 2214 2836 caput
2237 2781 2477 2825 orbis'erit.

1464 2850 1680 2895 Scribitur
1701 2851 1916 2896 Arcadius
1942 2856 2070 2897 annis
2097 2859 2252 2909 quater
2273 2859 2370 2897 octo
2395 2853 2571 2906 sedere,

1461 2924 1688 2969 Cornelius
1710 2937 1820 2982 papa
1848 2935 1935 2971 tres
1959 2939 2096 2970 annos
2121 2926 2259 2970 fertur
2282 2927 2466 2978 habere,

1518 2997 1700 3055 Insuper
1721 2999 1833 3042 adde
1852 2999 2000 3043 decem
2024 3001 2076 3043 de
2099 3001 2266 3044 ratione
2287 3001 2394 3045 dies.

1460 3066 1595 3115 Fama
1615 3070 1794 3116 Joannis
1819 3079 1922 3116 tunc
1944 3074 2102 3116 claruit
2124 3075 2396 3117 an'achoretae
2412 3062 2436 3124 ‚¹

1461 3142 1519 3188 Ui
1543 3144 1655 3188 foret
1677 3145 1826 3188 audita
1847 3144 2066 3189 defunctis
2087 3145 2267 3198 reddere
2293 3146 2420 3192 vitam
2435 3179 2448 3199 ,

1516 3215 1893 3274 Constantinopoli
1918 3223 2021 3261 sunt
2044 3230 2123 3262 sua
2145 3219 2339 3261 membra
2363 3219 2461 3262 sita.

1459 3322 1521 3366 De
1558 3324 1739 3367 Arcadio
1779 3330 1818 3367 et
1856 3325 2045 3367 Honorio
2085 3324 2318 3380 fratribus,
2357 3325 2700 3389 imperatoribus,

1513 3380 1963 3492 ἒὶίτιῖὶίυθῖζνιιέηείϋαε,
2009 3382 2131 3437 quusi
2170 3381 2511 3438 quadraqesimus
2558 3383 2701 3424 tertiae

1512 3544 1638 3586 Axino
1675 3544 1729 3586 ab
1774 3543 2286 3605 liicarnationey-Domini
2331 3544 2412 3587 590
2431 3577 2442 3592 .
2486 3543 2701 3588 Honorius

1455 3615 1726 3661 Occidente.
1760 3623 1803 3660 et.
1832 3616 1965 3660 frater
1992 3618 2087 3672 ejtis
2119 3616 2333 3659 Arcadius
2357 3616 2567 3668 Orientis,
2602 3623 2699 3673 post

1460 3694 1641 3732 mortem
1665 3690 1801 3744 patris
1835 3690 1900 3733 sui
1927 3690 2158 3734 Theodosii
2183 3691 2422 3733 sortiuntur
2444 3691 2697 3744 imperium,

1456 3763 1510 3804 ab
1531 3762 1725 3818 Augusto
1757 3761 2091 3827 quadrage-simo
2127 3763 2255 3805 tertio
2290 3764 2411 3815 loco;
2448 3763 2588 3804 adhuc
2612 3762 2698 3803 Da-

1454 3846 1576 3879 maso
1599 3847 1708 3891 papa
1741 3834 1910 3887 Romae,
1952 3835 2189 3893 Theophilo
2231 3836 2274 3878 in
2300 3834 2589 3884 Alexandria,
2623 3835 2699 3878 Jo-

1456 3918 1568 3950 anne
1606 3906 1951 3962 Hierosolymis,
1989 3905 2197 3950 Flaviano
2225 3906 2492 3958 Antiochiae,
2530 3914 2573 3950 ct
2610 3906 2694 3948 Ne·

1455 3979 1591 4021 ctario
1611 3978 1982 4033 Constantinopoli
2010 3979 2357 4034 praesidentibus.

1510 4052 1588 4095 llis
1614 4053 1766 4096 diebus
1792 4053 1964 4108 quidam
1997 4054 2275 4106 monachus,
2299 4053 2473 4095 nomine
2509 4051 2693 4093 Dirima-

1455 4125 1579 4175 chus,
1602 4125 1654 4166 ah
1678 4123 1854 4167 Oriente
1876 4123 2056 4166 Romam
2082 4125 2280 4175 veniens,
2305 4124 2406 4166 dum
2430 4123 2575 4168 ludum
2603 4123 2692 4177 glo-2

1454 4199 1668 4242 diatorum
1706 4202 1911 4253 tanquam
1949 4199 2162 4242 insaniam
2206 4199 2357 4241 sedare
2394 4197 2625 4245 voluisset,
2665 4208 2689 4238 a

1455 4270 1838 4314 circumstantibus
1859 4275 1926 4313 cst
1960 4270 2176 4325 lapidibus
2209 4271 2390 4312 obrutus
2423 4276 2462 4312 et
2492 4274 2686 4311 necatus.

1453 4343 1548 4395 Quo
1572 4351 1810 4399 comperto,
1835 4342 2052 4387 Honorius
2076 4345 2309 4401 imperator
2331 4355 2425 4386 eum
2452 4344 2566 4391 inter⁷
2586 4343 2688 4385 beau

1451 4423 1519 4461 tos
1543 4421 1754 4464 martvres
1777 4417 1944 4460 censuit
1966 4401 2235 4472 computari:
2257 4426 2298 4459 et
2319 4428 2397 4471 pro
2415 4414 2560 4458 eadem
2586 4426 2685 4457 rau-
