2924 4588
207 165 289 229 ⁷10
390 157 394 162 ’
554 171 584 207 ⁸

1087 157 1257 204 Anam
1285 145 1878 219 PaAEuotts'rRA'rtthts

2684 143 2767 188 720

207 272 350 317 ferens
370 273 631 324 paganorum
654 255 857 312 reliqotas
892 228 1061 295 cultui-'a
1084 248 1297 293 idolorum
1321 226 1443 298 regni
1465 244 1502 288 Α
1523 242 1836 282 tormentorum
1858 227 2062 288 censura,
2092 246 2182 279 non
2209 233 2426 289 exsilium,
2469 244 2548 277 nec
2573 235 2770 291 praescri-
2837 230 2843 234 ’

209 343 275 388 sui
301 338 462 383 l'oedare
497 334 712 379 decorem,
746 326 939 382 quinque
970 318 1263 364 nobilissimas
1293 314 1446 358 civita-

206 420 289 462 tes,
314 397 927 456 Lincolniamflegetestriam
954 387 1271 451 [Leicestriam]
1290 419 1301 437 ,
1327 383 1443 465 Stat-

210 483 389 529 fordiam
410 511 421 531 ,
475 472 806 528 snotthingham
867 462 1199 525 [Nottingham]
1225 493 1237 511 ,
1292 457 1445 502 Derebi

212 552 401 614 [Derby],
437 561 544 607 quas
577 552 756 590 eatenus
791 542 1032 590 coluerant,
1069 537 1121 581 de
1154 533 1352 578 manibus
1374 541 1446 610 eo-

209 639 306 671 rum
338 622 517 670 extorsit
551 635 561 662 :
598 617 800 671 omnique
834 612 1083 656 infidelitate
1116 609 1285 669 abrasa.
1321 603 1448 647 Chri-

212 698 361 744 stianae
389 693 486 738 fidei
523 690 682 734 lumine
717 684 962 730 illustravit.
1000 681 1185 735 Purgato
1227 681 1368 718 autem
1393 672 1448 715 ab

213 765 460 822 alienigenis
483 773 631 818 regno,
668 765 709 803 et
744 756 825 801 sibi
864 756 910 797 in
945 752 1060 795 omni
1090 756 1210 807 parte
1236 745 1446 800 subjecto,

212 838 567 887 monasteriorum
590 838 630 877 et
662 830 951 874 Ecclesiarum
976 823 1164 867 maxime
1197 830 1346 863 curam
1373 816 1449 859 ha·

211 914 320 964 buit,
345 909 610 962 consilioque
637 899 898 948 sanctissimi
922 894 1134 940 Dunstani
1160 898 1202 935 et
1225 887 1450 935 statuenda

214 984 380 1034 statuit,
411 988 453 1025 et
488 976 738 1034 corrigenda
771 971 973 1021 correxit.
1013 968 1123 1011 Hinc
1154 963 1452 1018 Glastingeber

214 1059 338 1102 beato
367 1054 603 1103 Dunstano,
643 1054 691 1092 ut
723 1048 767 1091 in
802 1043 1112 1089 monachorum
1140 1036 1451 1083 habitationem

215 1125 481 1173 fundaretur,
507 1119 754 1170 commisit;
791 1121 833 1159 et
868 1114 1003 1157 multa
1033 1112 1116 1154 alia
1144 1111 1452 1161 bona‚,sancto

216 1197 437 1241 Dunstano
468 1196 739 1247 cooperante,
765 1185 995 1242 disposuit.
1020 1183 1126 1227 Cum
1151 1182 1279 1238 igitur
1300 1178 1452 1234 Anglia

216 1271 296 1317 sub
318 1275 435 1312 tanto
456 1271 594 1323 patre,
629 1271 672 1307 et
701 1272 856 1317 magno
889 1270 989 1315 rege
1022 1267 1127 1312 pace
1152 1265 1303 1310 magna
1327 1251 1453 1306 llore-

1525 309 1630 365 ptio,
1654 312 1822 351 tantum
1846 306 1950 351 boni
1984 306 2194 363 principis
2223 305 2292 349 vel
2322 305 2429 350 levis
2452 304 2684 349 timebatur
2704 304 2772 350 os-

1525 381 1663 442 tensa.
1694 375 1914 424 Omnibus
1930 378 2063 435 igitur
2098 390 2174 434 per
2194 376 2390 434 Angliam
2421 378 2467 421 in
2488 370 2685 422 eumdem
2705 378 2793 422 di-·
2844 376 2855 382 ’
2891 350 2895 403 s

1524 453 1724 513 lectionis
1747 447 1944 508 spiritum
1967 450 2331 503 concurrentibus
2349 482 2360 502 ‚
2401 462 2475 494 rex
2500 451 2545 495 in
2576 451 2773 498 ecclesiis
2842 451 2847 475 ³

1527 523 1833 586 construendis
1858 528 1901 566 et
1925 520 2194 573 ordinandis,
2218 521 2263 564 in
2289 521 2564 566 monasteriis
2590 520 2775 566 lundan-
2830 527 2839 535 ⁴
2898 526 2901 535 ’

1525 590 1593 639 dis
1623 599 1665 638 et
1699 594 1920 645 ditandis,
1958 603 2110 638 curam
2167 598 2211 636 et
2267 603 2442 649 operam
2484 593 2772 650 impendebat.

1525 667 1718 724 Denique
1751 680 1828 723 per·
1859 677 2038 724 regnum
2076 664 2314 722 Anglorum
2356 667 2641 723 quadraginta
2671 679 2776 711 con·

1528 740 1638 784 strui
1663 738 1763 783 fecit
1786 738 2070 790 monasteria,
2100 744 2142 781 et
2166 738 2248 781 alia
2270 739 2512 790 monachis,
2538 740 2619 782 alia
2641 740 2772 796 virgi·
2834 783 2837 786 .

1529 812 1656 857 nibus
1678 811 1914 868 deputavit.
1941 809 2246 867 Glastingebri‚
2275 811 2390 867 quod
2419 818 2535 867 pater
2557 812 2651 868 ejus
2678 811 2776 856 fun·
2846 837 2852 841 -

1528 887 1723 935 daverat,
1764 884 1858 940 ipse
1894 883 2091 939 perfecit.
2129 884 2381 935 Ahendune‚
2419 885 2557 938 Bure,
2599 885 2774 937 Tornai,

1529 956 1764 1008 Ramesai,
1800 964 1842 1000 et
1880 955 2172 1000 lnwintnnum
2213 960 2524 1002 monasterium
2562 958 2776 1016 virginum

1530 1042 1686 1088 magno
1709 1030 1856 1075 studio
1883 1030 2098 1082 condidit,
2124 1031 2260 1082 multa
2284 1030 2502 1086 diligentia
2528 1031 2775 1076 illustravit.

1531 1104 1764 1150 Wintoniae
1803 1103 2044 1148 Ecclesiam
2082 1107 2128 1148 in
2165 1116 2279 1149 novo
2321 1104 2607 1157 monasterio,
2646 1116 2778 1160 quam
2840 1124 2842 1126 v
2882 1099 2886 1130 ῖ

1532 1183 1654 1234 pater
1674 1165 1986 1232 ejtis'incoepit,
2018 1187 2148 1232 quam
2181 1182 2224 1220 et
2254 1175 2344 1231 ipse
2370 1175 2567 1231 perfecit,
2590 1176 2780 1219 maximo
2838 1163 2844 1167 ⁷

1531 1262 1630 1295 cum
1660 1251 1826 1294 honore
1858 1249 2048 1294 dedicari
2085 1249 2201 1293 fecit.
2243 1247 2421 1306 Hyeme,
2460 1251 2522 1306 etss.
2536 1261 2638 1294 vere
2665 1247 2779 1293 intra
2838 1238 2849 1295 ,’
2883 1270 2889 1302 3

217 1348 299 1392 ret,
325 1341 550 1383 immatura
573 1335 667 1391 ejus
691 1338 843 1384 morte,
882 1342 1029 1387 quam,
1066 1326 1230 1371 exactis
1254 1326 1296 1368 in
1317 1334 1449 1380 regno
1477 1312 1508 1358 Β
1531 1335 1710 1380 regnum
1736 1335 1863 1366 suum
1885 1335 2023 1379 usque
2056 1321 2110 1366 ad
2141 1319 2333 1378 singulas
2366 1323 2613 1378 provincias
2635 1330 2779 1368 trans-

216 1413 403 1470 quinque
426 1410 567 1459 annis,
595 1414 636 1451 et
658 1406 848 1462 quinque
873 1400 1113 1449 mensibus,
1143 1395 1325 1441 nefanda
1351 1407 1450 1451 pro-

216 1486 378 1530 ditione
402 1482 606 1531 incurrit,
643 1478 784 1524 subito
807 1476 954 1520 dolore
979 1479 1021 1518 et
1047 1474 1200 1515 timore
1222 1468 1448 1519 emarcuit,

272 1554 416 1602 CXVl.
450 1551 667 1597 Successit
691 1550 731 1594 ei
758 1549 799 1591 in
833 1558 1011 1604 regnum
1047 1544 1178 1587 frater
1202 1542 1299 1599 ejus
1319 1540 1452 1584 Edre·

218 1630 316 1680 dua,
338 1635 379 1672 et
404 1624 638 1669 ambulavit
660 1624 704 1666 in
728 1622 808 1666 viis
833 1620 977 1663 fratris
995 1619 1078 1669 sui,
1105 1617 1216 1660 beati
1240 1613 1451 1659 Dunstani

219 1701 411 1746 consiliis
435 1699 477 1742 in
493 1697 692 1741 omnibus
705 1693 925 1743 obediens,
950 1697 992 1735 ct
1010 1689 1266 1743 justissimis
1287 1688 1452 1744 legibus

219 1773 412 1819 subditos
444 1781 609 1825 regens.
654 1766 756 1808 Erat
791 1765 919 1808 etiam
959 1769 1088 1805 tantae
1125 1760 1371 1816 probitatis,
1405 1765 1453 1802 ut

220 1846 473 1890 rebellantes
501 1841 584 1885 sibi
615 1835 929 1883 Nortbumbros
966 1843 1008 1879 et
1042 1833 1194 1878 Scotos
1232 1833 1357 1877 facile
1387 1832 1452 1877 vi·-

219 1919 340 1972 cerit,
372 1923 415 1962 et
438 1917 482 1959 in
503 1914 727 1972 pristinan
761 1909 1068 1966 sthectionem
1094 1907 1186 1952 sine
1211 1916 1370 1962 magno
1389 1905 1452 1948 la-

218 1992 322 2035 bore
344 1988 567 2044 redegerit.
601 1984 739 2040 Hujus
768 1981 1024 2025 laudabilem
1058 1980 1188 2022 vitam
1219 1990 1335 2021 mors
1357 1988 1455 2032 pre·

219 2061 329 2105 tiosa
351 2059 562 2103 conclusit
587 2072 596 2099 :
630 2055 743 2099 -Cum
778 2053 891 2097 enim
926 2051 980 2094 ad
1010 2062 1150 2107 regem
1174 2052 1454 2106 aegrotantem

219 2134 368 2178 beatus
408 2131 655 2174 Dunstanus
692 2132 947 2176 vocaretur,
978 2124 1024 2167 in
1062 2123 1155 2179 ipso
1190 2122 1344 2164 itinere
1378 2133 1454 2163 au-

218 2207 324 2251 divit
363 2216 510 2248 vocem
540 2202 785 2258 angelorum
828 2197 1096 2242 dicentium:
1137 2195 1223 2238 Rea:
1263 2193 1453 2237 Edu-edus

219 2296 324 2333 stunc
347 2280 588 2324 obdormivit
610 2279 655 2321 in
683 2277 872 2319 Domino.
895 2273 1000 2317 Post
1021 2283 1147 2328 quem
1173 2271 1361 2326 suscepit
1387 2283 1455 2314 rc-

219 2367 347 2413 gnum
370 2354 626 2409 Angelorum
640 2349 897 2398 Edwardus,
921 2347 1036 2391 lilius
1068 2343 1280 2388 Edmundi
1307 2344 1451 2399 regis;

218 2440 305 2485 quo
342 2431 511 2470 mortuo
550 2424 683 2467 frater
720 2422 814 2478 ejus
851 2419 1045 2476 Erigarus
1083 2418 1323 2469 successit3
1363 2423 1456 2460 erat

219 2500 331 2544 enim
372 2498 484 2542 silius
522 2494 734 2540 Edmundi
772 2487 1029 2537 nobilissimi
1068 2490 1209 2546 regis,
1262 2490 1334 2544 qui
1377 2487 1455 2532 suit

218 2570 417 2616 Edwardi
440 2568 623 2614 senioris
646 2564 1004 2611 christianissimi
1028 2562 1252 2619 principis,
1278 2561 1357 2617 qui,
1376 2560 1456 2605 sm‘t

218 2643 387 2688 Elvredi
408 2639 758 2686 victoriosissimi
781 2637 920 2682 ducis.
945 2635 1028 2680 lste
1060 2635 1254 2692 Edgarus
1287 2635 1455 2678 cunctis
1483 2661 1486 2664 -

218 2714 605 2774 praedecessoribus
625 2711 751 2770 400
770 2711 862 2756 suis
887 2709 1070 2761 felicior,
1097 2709 1203 2752 nulli
1228 2709 1457 2752 sanctitate

219 2790 415 2841 interior,
454 2788 654 2832 omnibus
696 2797 866 2829 morum
903 2783 1114 2829 suavitate
1152 2782 1454 2838 praestantior,

218 2862 343 2920 quasi
369 2861 491 2906 stella
516 2859 727 2903 matutina
750 2864 792 2902 et
814 2857 939 2913 quasi
961 2857 1062 2901 luna
1085 2857 1212 2913 plena
1236 2857 1280 2899 in
1303 2855 1456 2901 diebus

220 2935 312 2979 suis
334 2934 458 2978 luxit.
491 2932 584 2988 lpse
612 2931 758 2987 Anglis
780 2942 867 2974 non
891 2930 1034 2973 minus
1057 2928 1304 2973 memoralis
1327 2939 1455 2984 quam

219 3006 356 3063 Cyrus
379 3004 538 3058 Persis,
573 3003 752 3047 Carolus
783 3002 981 3054 Francis,
1013 3001 1275 3046 Romulusve
1300 2999 1458 3044 Roma-

219 3080 302 3123 nis.
336 3077 416 3121 llic
450 3078 565 3121 enim
594 3076 826 3132 Anglorum
863 3088 1040 3132 regnum
1074 3075 1236 3118 coelesti
1270 3076 1457 3131 quadam

221 3161 326 3206 pace
361 3149 632 3205 composuit,
675 3153 717 3192 et
756 3148 987 3191 multarum
1029 3147 1271 3202 linguarum
1308 3152 1457 3203 gentes

221 3222 353 3266 unius
373 3221 547 3266 i'oederis
579 3221 670 3276 lege
703 3219 944 3274 conjunxit.
989 3217 1111 3261 Unde
1146 3219 1182 3262 ei
1212 3231 1309 3261 cum
1335 3217 1460 3261 Salo-

220 3306 348 3338 mone
371 3305 598 3337 commune
618 3293 873 3336 vocabulum
897 3291 992 3341 fuit,
1021 3298 1067 3333 ut
1098 3292 1314 3346 pacificus,
1343 3293 1457 3346 quod

224 3366 427 3411 Salomon
454 3368 758 3422 interpretatur
776 3367 996 3409 communi
1012 3366 1203 3408 omnium
1222 3378 1324 3409 voce
1342 3367 1459 3409 dicc—

1530 1395 1594 1439 ire
1610 1395 1764 1439 solitus
1783 1400 1878 1438 erat
1901 1407 1912 1436 :
1934 1393 2116 1450 iudicia,
2135 1405 2293 1443 mores,
2317 1399 2440 1439 actus
2461 1394 2777 1446 ministrorum,
2840 1431 2843 1435 ,
2874 1392 2885 1418 ”

1529 1476 1573 1514 et
1594 1468 1839 1526 principum
1862 1459 2376 1527 diligentiusexplorare,
2399 1468 2614 1524 quomodo
2637 1467 2780 1525 legum

1526 1543 1642 1599 jura,
1683 1549 1726 1587 et
1763 1553 1943 1589 suorum
1983 1539 2453 1596 statutaffdecretorum
2486 1546 2782 1593 servarentur,
2844 1591 2846 1593 ,
2876 1546 2885 1586 ζ

1898 1603 1899 1606 “
2132 1626 2187 1658 ne
2224 1625 2438 1670 pauperes
2474 1626 2497 1656 a
2535 1614 2782 1670 potentibus
2842 1627 2843 1630 ¹
2871 1631 2874 1634 ·

1531 1686 1829 1744 praeiudicium
1863 1686 1981 1744 passi
2011 1686 2376 1743 opprimerentur,
2413 1686 2598 1731 sollicite
2619 1698 2783 1744 praeca-
2838 1727 2839 1730 ,
2880 1735 2882 1738 ,

1531 1774 1646 1805 vere.
1690 1759 2013 1815 Praeparaverat
2046 1771 2180 1804 naves
2215 1755 2563 1812 robustissimas,
2602 1771 2786 1804 numere
2839 1750 2851 1756 ’

1534 1834 1617 1876 tria
1646 1833 1782 1876 millia
1820 1838 2065 1894 sexcentas,
2101 1831 2146 1875 in
2183 1832 2358 1888 quibus,
2388 1832 2594 1876 redeunte
2613 1837 2782 1884 aestate,

1533 1906 1703 1950 omnem
1738 1897 1928 1950 insulam
1964 1903 2018 1948 ad
2052 1909 2260 1950 terrorem
2297 1912 2616 1958 extraneorum,
2651 1913 2695 1951 et
2728 1905 2782 1950 ad

1532 1615 1737 1665 subtilius
1771 1613 2034 1671 investigare
2071 1629 2080 1657 :

1533 1988 1683 2024 eorum
1717 1978 2071 2023 exercitationem
2108 1990 2207 2022 cum
2245 1978 2434 2022 maximo
2467 1983 2675 2035 apparatu
2697 1978 2787 2022 cim-
2870 2019 2877 2028 ,

1536 2052 1841 2109 cumnavigare
1876 2057 2176 2096 consueverat.
2221 2050 2338 2096 luter
2370 2051 2462 2096 baec
2493 2051 2663 2109 semper
2683 2064 2782 2096 eum
2855 2069 2883 2116 -.‘·

1534 2119 1786 2181 episcopis(
1809 2124 2003 2180 virisque
2023 2124 2289 2170 doctissimis
2327 2119 2380 2170 de
2402 2126 2495 2182 lege
2532 2124 2627 2179 Dei,
2649 2131 2692 2170 et
2713 2138 2764 2171 sa
2877 2116 2881 2128 ⁸

1534 2197 1622 2242 cris
1645 2197 1800 2241 litteris
1825 2196 2093 2247 conserebat,
2128 2202 2172 2241 et
2201 2196 2316 2252 quod
2351 2187 2642 2253 ipse'discere
2662 2203 2764 2256 pote

1535 2276 1618 2320 rat,
1648 2270 1845 2315 subditos
1882 2270 2039 2315 docere
2071 2282 2161 2314 non
2199 2271 2342 2314 solum·
2369 2272 2517 2324 verbo,
2557 2272 2633 2317 sed
2653 2271 2784 2317 etlam
2855 2257 2873 2336 Ἰ

1537 2345 1733 2400 exemplo
1753 2344 1996 2401 satagebat.

1592 2417 1754 2462 cxvtt.
1787 2417 1872 2462 Sed
1910 2416 2015 2462 heu!
2041 2417 2086 2463 in
2103 2419 2235 2463 rebus
2268 2418 2470 2464 humanis
2487 2420 2594 2463 nihil
2612 2417 2788 2472 stabile,

1536 2489 1643 2534 aihu
1667 2489 1710 2533 ir.
1731 2489 1909 2534 caducis
1933 2489 2168 2541 immobile,
2194 2489 2300 2533 ninii
2323 2497 2531 2534 aeternum
2558 2491 2602 2535 in
2624 2482 2787 2549 tempo-

1536 2564 1716 2615 ralibus,
1756 2564 1864 2607 nibil
1898 2563 2142 2610 immortale
2178 2563 2224 2607 in
2258 2564 2527 2610 mortalibus.
2555 2563 2785 2609 Translate

1535 2641 1650 2684 enim
1672 2640 1726 2683 ad
1749 2639 1943 2684 coelestia
1965 2651 2066 2696 rege
2088 2639 2274 2696 Edgaro,
2302 2639 2345 2683 in
2370 2652 2503 2696 regno
2530 2647 2705 2685 terreno
2735 2639 2786 2683 li·
2861 2634 2872 2682 ἶ

1535 2713 1621 2757 lius
1641 2710 1739 2769 ejus
1760 2711 2004 2757 Edwardus
2037 2713 2250 2757 suecessit
2283 2725 2294 2756 t
2331 2712 2406 2768 qui
2444 2711 2606 2768 injuste
2627 2712 2681 2756 ab
2704 2711 2790 2755 im-
2866 2706 2874 2763 ᾗ

1534 2787 1618 2843 piis
1652 2785 1905 2846 interiectus
1933 2789 2026 2828 tum
2062 2785 2118 2828 ob
2150 2784 2250 2828 vitae
2287 2783 2578 2835 sanctitatem,
2615 2789 2704 2828 tum
2729 2782 2786 2827 ob
2872 2824 2873 2830 ,

1536 2858 1658 2902 necis
1680 2857 1978 2908 acerbitatem,
2004 2856 2144 2902 sancti
2164 2862 2207 2901 et
2228 2868 2387 2900 nomen
2411 2861 2454 2901 et
2477 2856 2676 2901 meritum
2696 2855 2786 2902 Deo

1535 2929 1739 2981 donante,
1766 2930 2021 2985 promeruit.
2051 2928 2131 2973 Cui
2168 2929 2301 2974 frater
2332 2930 2426 2985 ejus
2448 2929 2700 2982 Ebelredus,
2730 2930 2790 2975 s·-
2870 2932 2873 2942 ‘

1536 3001 1620 3045 lius
1640 3001 1807 3044 scilicet
1829 2999 2072 3057 Edgari,·in
2094 3001 2304 3056 regimine
2326 3007 2368 3044 et
2393 3012 2527 3058 regno
2549 3003 2783 3055 successfit,
2863 3038 2873 3059 .;

1536 3079 1579 3117 et
1599 3086 1624 3117 a
1646 3080 1796 3119 sancto
1815 3072 2041 3117 Dunstano
2061 3073 2406 3138 archiepiscopo,
2431 3075 2613 3132 aliisque
2633 3075 2791 3133 Anglo-

1536 3158 1632 3190 rum
1672 3146 1888 3203 episcopis
1937 3145 2162 3201 inungitur
2192 3150 2236 3188 et
2281 3150 2577 3189 consecratur.
2633 3144 2714 3198 Qui
2754 3158 2780 3189 a
2859 3133 2866 3189 ζ

1538 3227 1688 3265 sancto
1724 3219 1948 3264 Dunstano
1978 3219 2063 3263 tale
2102 3214 2240 3263 fertur
2269 3218 2488 3273 accepisse
2525 3219 2782 3263 oraculum:
2861 3223 2864 3225 ’

1538 3294 1746 3346 Quoniam
1768 3292 1893 3348 Anyti
1927 3292 1969 3334 in
2003 3293 2243 3347 sanguinem
2277 3291 2425 3346 fratris
2461 3292 2522 3333 tui
2556 3292 2663 3347 repis
2685 3304 2787 3335 satt-

1538 3367 1717 3410 ctt'ssimi
1735 3366 2088 3420 conspirat-erunt,
2112 3378 2193 3407 non
2225 3364 2387 3420 desiciet
2427 3365 2476 3406 ab
2501 3366 2560 3408 eis
2585 3366 2786 3423 anitquis,
2865 3404 2872 3414 ,

223 3447 355 3483 retur.
379 3437 466 3482 Nec
488 3438 645 3481 mirum
682 3453 692 3480 ε
722 3439 815 3492 ipso
837 3438 948 3480 enim
972 3436 1208 3479 nativitatis
1234 3450 1322 3480 snae
1347 3443 1456 3481 tem-
1487 3461 1522 3507 D
1541 3445 1579 3481 et
1613 3437 1796 3494 gladius,
1836 3437 1964 3480 donec
2001 3438 2284 3491 superveniens
2318 3437 2494 3501 populus
2532 3438 2683 3493 iqnotoe
2708 3437 2787 3481 lin-

221 3522 326 3566 pore
342 3510 514 3565 angelos
531 3508 805 3552 concinentes
828 3509 978 3551 beatus
999 3507 1245 3552 Dunstanus
1264 3509 1424 3553 audivit
1446 3524 1456 3552 ε

224 3580 320 3624 Pax
342 3580 571 3637 Anylorum
595 3579 812 3631 Ecclesioe,
842 3579 964 3636 hujus
988 3582 1122 3635 pueri,
1145 3582 1213 3636 qui
1237 3591 1359 3624 natus
1381 3589 1456 3633 est,

224 3658 418 3706 tempore.
453 3650 573 3694 Sicut
596 3650 726 3706 igitur
748 3662 904 3694 aurora
928 3657 1157 3695 transactae
1180 3652 1319 3695 noctis
1342 3659 1461 3697 tene-

223 3723 324 3767 bras
349 3734 437 3766 suae
467 3723 674 3766 claritatis
707 3722 840 3766 radiis
876 3722 1047 3778 depellit
1074 3738 1084 3767 2
1119 3723 1175 3764 ita
1206 3723 1334 3778 hujus
1358 3737 1459 3768 san-

223 3794 405 3839 ctissimi
428 3795 545 3848 regis
564 3794 833 3848 promotione
866 3806 941 3849 per
965 3806 1132 3837 omnem
1158 3795 1350 3851 Angliam
1375 3810 1459 3840 nox

224 3865 493 3911 infidelitatis.
526 3867 785 3916 excluditur,
829 3867 987 3911 irarum
1008 3899 1017 3918 ,
1059 3867 1460 3925 discordiarumque

224 3938 410 3981 tenebra:
449 3939 755 3993 propelluntur.
797 3939 934 3982 Tanta
971 3941 1084 3982 enini
1126 3942 1166 3982 in
1205 3941 1370 3990 verbis,
1417 3944 1460 3986 in

225 4009 363 4060 vultu,
391 4010 435 4051 in
460 4010 653 4053 moribus
677 4011 897 4055 interioris
920 4013 1146 4056 suavitatis
1174 4013 1329 4056 indicia
1354 4028 1462 4069 prae-
1522 4014 1525 4018 '

227 4071 407 4132 terebat,
438 4087 487 4124 ut
509 4081 594 4125 Deo
621 4090 879 4138 cooperante
902 4091 990 4128 tota
1014 4086 1052 4128 ei
1081 4085 1340 4138 insulasine
1362 4101 1465 4131 san-

227 4153 356 4208 guine
380 4164 536 4198 manus
554 4154 691 4206 daret,
714 4162 756 4200 et
779 4157 832 4199 ad
857 4157 1123 4202 subdendum
1150 4172 1197 4203 se
1218 4161 1255 4202 ei
1283 4160 1426 4204 Scotia
1447 4194 1463 4213 ,

228 4222 421 4278 Umbria,
443 4225 597 4269 Wall-ia
625 4227 764 4272 libens
795 4236 1055 4285 accurreret.
1091 4230 1152 4275 Eo
1186 4244 1369 4289 namque
1395 4245 1462 4277 re-

229 4304 402 4350 gnante,
437 4298 500 4340 sol
539 4298 759 4342 videbatur
794 4311 906 4344 esse*
929 4302 1136 4353 screnIor,
1175 4306 1308 4348 maris
1348 4305 1484 4349 unda‘

230 4367 437 4420 pacatior,
480 4375 593 4412 terra
633 4368 872 4422 fecundior,
921 4380 963 4415 et
1001 4374 1134 4417 totius
1173 4378 1291 4430 regni
1333 4377 1480 4422 facies*

231 4436 531 4482 abundantiori
555 4440 708 4486 decore
740 4445 974 4489 venustior.
1012 4443 1059 4488 ln
1085 4446 1356 4500 diebus..illis
1376 4439 1465 4495 non

1541 3527 1648 3569 yma,
1674 3526 1742 3556 eos
1767 3513 1809 3555 in
1829 3511 2135 3561 exterminium,
2171 3519 2208 3553 et
2235 3511 2275 3553 iu
2299 3510 2492 3554 ultimam
2515 3509 2678 3567 rediqat
2700 3523 2791 3556 ser-

1542 3589 1725 3630 vitutem.
1769 3584 2006 3628 Novissime
2045 3593 2183 3629 autem
2229 3583 2414 3627 visitabit
2453 3597 2524 3628 eor
2564 3584 2790 3628 Dominus.
2846 3609 2869 3622 ι,

1542 3658 1762 3715 Regnante
1786 3654 1917 3713 igitur
1938 3669 2038 3713 rege
2062 3656 2283 3712 proedicto,
2310 3655 2411 3700 Daci
2435 3649 2790 3712 supervenientes

1542 3742 1738 3795 magnam
1771 3735 1899 3774 terrae
1928 3732 2092 3786 partem
2134 3729 2231 3786 igue
2266 3729 2465 3787 ferroque
2490 3724 2796 3775 vastaverunk'
2842 3757 2848 3779 ;

1543 3801 1663 3845 Tunc
1686 3815 1760 3846 rex
1772 3803 1924 3846 mfssis
1943 3803 1985 3845 in
2002 3801 2307 3862 Normanniam
2331 3802 2512 3853 nuntiis,
2531 3802 2724 3846 Emmam
2737 3794 2787 3846 fl-

1543 3876 1641 3918 liam
1668 3874 1873 3919 {tiebat-di
1897 3875 2022 3921 ducis
2058 3875 2146 3920 sibi
2178 3887 2357 3920 uxorem
2389 3875 2483 3919 dari
2516 3881 2560 3920 et
2582 3867 2720 3931 petiit,
2743 3881 2788 3919 et

1541 3949 1706 4004 aceepit
1735 3964 1744 3991 z
1788 3961 1885 3992 curn
1923 3949 2012 4004 Jam
2046 3947 2223 4009 dersslia
2262 3948 2496 4006 Horetliein
2527 3947 2785 4011 nubilissimi

1541 4020 1712 4064 comitis
1753 4020 1885 4064 tilium
1918 4022 2182 4076 suscepisset
2212 4018 2484 4066 Edmundum
2518 4020 2788 4075 ex Emma3
2854 4048 2863 4061 .

1542 4094 1698 4138 deinde
1719 4095 1828 4138 duos
1852 4094 1964 4156 tilios
1995 4094 2148 4140 babuit
2174 4086 2420 4156 Elvredum‚
2441 4100 2485 4140 et
2507 4093 2783 4146 Edwardutn‚

1542 4167 1595 4211 de
1618 4166 1775 4223 quibus
1798 4173 1946 4223 postea
1968 4167 2170 4223 dicimus.
2200 4166 2328 4212 'Tunc
2351 4180 2427 4212 rex
2450 4167 2604 4212 fortior
2627 4166 2754 4211 solito
2768 4197 2784 4219 ,
2859 4181 2861 4190 ¹

1543 4251 1693 4283 omnes
1714 4252 1791 4296 per
1811 4239 2007 4297 Angl-iam
2027 4239 2169 4285 'Dacos
2192 4252 2277 4284 una
2298 4240 2384 4293 die,
2419 4241 2654 4296 eademque
2671 4240 2786 4284 liora

1542 4311 1687 4355 missis
1721 4311 1920 4367 epistolis
1944 4311 2079 4374 jussit
2116 4307 2316 4365 interfici.
2353 4311 2475 4366 Quod
2515 4307 2786 4360 Dacitran'sss·
2858 4315 2859 4318 ’
2909 4278 2913 4322 '‚

1543 4383 1696 4425 marini
1730 4382 1967 4434 audientes,
1994 4384 2040 4428 in
2077 4372 2269 4429 furorem
2305 4386 2435 4438 versi,
2475 4385 2585 4429 duce
2618 4382 2780 4435 Suano,
2858 4397 2862 4445 5

1543 4466 1640 4498 cum
1663 4456 1968 4500 innumerabili
1991 4452 2184 4502 exercitu
2209 4452 2404 4516 Angliam
2429 4450 2660 4505 intrantes.
2697 4455 2787 4500 dit*-
