2924 4588
265 124 374 168 2335

1249 119 1408 166 PETRI
1439 119 1547 164 (3031
1554 117 1780 162 ESTORlS

2681 87 2807 166 >nne
2833 138 2837 142 ·

263 225 290 257 a
311 225 424 270 rege,
451 212 566 256 coxit
592 212 633 253 in
657 210 800 253 oculis
813 209 905 264 ejus
925 209 1284 258 sorbiciuncula-s,
1314 208 1396 258 vel,
1421 220 1490 251 se·
1513 211 1550 255 Α
1572 214 1636 248 est
1656 206 1722 248 vir
1756 217 1894 256 nicus,
1918 210 1962 248 et
1988 211 2111 249 erant
2138 205 2242 248 mihi
2270 205 2356 249 duo
2386 206 2477 256 filii,
2510 213 2553 250 et
2587 206 2801 254 interfecit

234 280 447 328 'ciindum
465 282 711 337 sompnum,
736 281 966 337 eoilyridas
989 279 1143 323 frixas.
1158 278 1208 322 Ei
1240 279 1365 334 eiecit
1390 291 1412 319 a
1444 290 1490 322 se

259 357 430 400 Amnon
468 356 705 397 universos.
730 354 922 408 Cumque
944 353 1111 395 tulisset
1142 349 1328 395 Thamar
1368 349 1488 392 cibos

261 430 314 471 ad
357 439 470 476 eum,
513 426 556 468 in
590 425 783 468 conclavi
801 428 831 478 ¹,
860 423 1140 479 apprehendit
1161 434 1270 472 eam,
1308 428 1350 465 et
1376 423 1435 464 ait
1474 436 1488 465 t

266 515 281 539 ‹
313 498 433 541 Cuba
458 505 642 547 mec-m,
668 508 790 539 soror
822 507 934 538 mea.
964 493 1300 549 Quaerespoudit
1326 508 1336 535 ε
1373 492 1486 543 Noii,

260 572 407 622 frater,
434 570 672 625 opprimere
701 581 785 619 me,
810 576 851 612 et
869 567 1009 611 facere
1042 567 1319 623 opprobrium
1341 566 1487 621 generi

258 650 332 686 tuo
357 643 401 685 in
432 640 581 692 israel,
599 640 672 684 sed
695 641 867 696 loquere
899 639 951 682 ad
974 651 1114 695 regem
1139 644 1182 683 et
1209 650 1295 680 non
1318 636 1487 694 negabit

258 727 325 758 me
358 713 453 758 tibi.
479 731 495 753 e
514 712 599 756 Ho'c
618 713 772 763 aiebat,
799 719 845 755 ut
870 710 1181 766 subterfugeret
1202 722 1354 753 manus
1375 710 1483 764 ejus.

255 785 349 829 Non
374 786 485 829 enim
510 784 574 827 fas
593 789 701 833 erat,
733 782 968 826 secundum
992 783 1145 838 legem,
1169 789 1215 826 ut
1236 783 1333 838 quis
1354 781 1488 825 duce·-

256 865 321 903 ret
358 870 546 902 sororem
571 867 622 901 ex
642 861 777 913 patre.
799 854 959 898 Tamen
986 854 1160 911 quidam
1200 854 1486 898 determinant

256 929 337 974 boc
359 930 517 972 dictum
541 940 659 979 esse,
680 927 715 971 si
756 926 917 969 tuerint
952 928 1077 970 ambo
1106 926 1295 981 ejusdem
1321 926 1482 981 popuii,

257 1002 347 1044 haee
366 1007 508 1043 antem
547 1000 682 1042 suerat
710 998 762 1042 de
790 1005 922 1041 matre
945 998 1109 1053 gentili,
1136 998 1177 1040 id
1201 1004 1267 1040 est
1289 996 1482 1048 Maaeha,

255 1083 382 1127 quam
407 1070 537 1113 David
555 1076 724 1118 ceperat
747 1070 794 1111 in
811 1068 973 1123 praelio,
992 1073 1035 1111 et
1059 1068 1250 1119 caesarie,
1270 1074 1310 1111 et
1327 1068 1483 1124 ungui·

254 1143 337 1187 bus
356 1142 562 1197 pnecisis,
588 1142 767 1185 duxerat
788 1152 879 1183 eam
906 1139 1140 1183 secundum
1163 1140 1297 1194 legem
1316 1140 1360 1183 in
1382 1151 1485 1183 uxo-

251 1226 361 1262 rem,
392 1219 433 1257 et
459 1214 516 1255 ita
554 1213 736 1256 traditur
771 1212 866 1255 illos
899 1210 1087 1265 potuisse
1130 1212 1220 1254 lieri
1261 1211 1480 1267 coniuges.

1570 278 1680 319 alter
1702 278 1884 320 aiterum
1931 277 1975 320 in
2017 289 2122 333 agro
2145 283 2178 328 ‘,
2203 283 2245 321 et
2266 279 2485 335 consurgit
2507 281 2705 326 universa
2728 293 2799 328 co-

1569 350 1715 404 gnatio
1739 350 1947 396 adversus
1970 350 2227 402 occisorem,
2249 359 2490 406 quaerentes
2528 354 2711 403 animam
2745 357 2798 400 il.

1567 420 1650 463 lius
1671 432 1747 475 pro
1771 421 1915 463 anima
1938 421 2088 474 occisi,
2113 427 2154 464 et
2177 427 2376 476 quaerunt
2395 423 2668 479 exstinguere
2685 426 2800 471 scin-

1566 493 1702 535 tillam
1721 503 1857 535 meam
1883 503 2013 547 super
2045 486 2221 536 terr‘am.
2237 507 2252 533 ι
2292 491 2393 537 naec
2417 495 2573 538 mulier
2590 497 2735 551 posuit
2752 507 2801 543 se

1567 566 1612 608 in
1635 576 1817 621 persona
1835 563 1983 616 David,
2013 570 2055 608 et
2078 565 2190 609 filios
2209 577 2314 609 suos
2344 566 2389 609 in
2422 579 2607 622 persona
2629 567 2803 616 Amnon

1566 644 1608 681 et
1629 637 1819 680 Absaion
1861 643 1904 680 et
1941 637 2240 692 cognationem
2270 639 2455 682 suumin
2489 651 2672 695 persona
2689 641 2801 686 alio-

1566 716 1660 747 rum
1707 703 1893 748 tiliorum
1932 703 2084 758 David,
2107 713 2150 749 et
2174 706 2235 748 ait
2270 706 2406 750 DavId
2429 706 2481 750 ad
2499 721 2592 752 eam
2614 726 2623 754 :
2643 725 2658 751 ‹
2685 709 2803 758 Vade

1565 774 1610 817 in
1632 786 1752 829 paee,
1782 786 1862 829 ego
1879 773 2036 819 videbo
2068 787 2145 831 pro
2164 782 2220 820 te.
2243 792 2258 818 ι
2288 776 2412 831 Quod
2448 791 2545 822 cum
2571 793 2658 825 non
2680 781 2805 827 suffi-

1565 851 1680 888 ceret
1711 843 1894 895 mulieri,
1920 845 1979 888 ait
2005 844 2060 889 ad
2098 858 2241 902 regem
2266 860 2276 888 z
2308 862 2323 888 ι
2347 846 2396 890 ln
2420 859 2487 892 me
2513 849 2587 900 sit,
2608 850 2803 904 domine,

1563 915 1653 958 baec
1675 915 1894 971 iniquitas,
1913 921 1957 960 et
1979 915 2022 959 in
2046 916 2221 961 domum
2243 919 2379 974 patris
2402 920 2487 963 mei
2511 934 2519 961 :
2543 920 2634 965 Rex
2655 931 2800 967 autem

1565 988 1619 1030 sit
1646 988 1902 1032 innocens.»
1941 988 2076 1041 Quasi
2098 989 2213 1036 dieat
2235 1005 2246 1034 :
2274 990 2320 1034 Si
2342 997 2469 1047 putas
2490 992 2683 1048 iniquum
2700 1007 2806 1050 par·

1564 1072 1661 1103 cere
1710 1059 1909 1111 occisori,
1954 1061 2058 1104 mibi
2109 1063 2360 1118 imputetur,
2410 1071 2452 1108 et
2487 1063 2632 1108 domui
2677 1077 2796 1110 meae.

1563 1132 1758 1187 Cumque
1779 1132 1984 1178 iterasset
2000 1142 2074 1177 rex
2098 1136 2427 1190 promissionem
2449 1167 2461 1185 ‚
2492 1147 2572 1178 nee
2589 1135 2802 1180 sufficeret

1565 1204 1748 1255 mulieri,
1774 1204 2015 1248 instantius
2040 1206 2220 1261 rogabat
2244 1218 2402 1262 regem.
2429 1207 2514 1259 Qui
2531 1208 2620 1250 ait:
2646 1222 2661 1247 ι
2685 1205 2802 1251 vivit

258 1301 275 1327 ι
303 1286 445 1329 Noluit
477 1295 618 1328 autem
661 1285 933 1339 acquiescere
967 1284 1155 1334 Amnon,
1187 1288 1234 1326 et
1271 1282 1483 1339 oppressit
1511 1269 1540 1311 Β
1564 1275 1787 1327 Dominus,
1806 1276 1909 1331 quia
1947 1289 2033 1320 ¹¹⁰1!
2054 1277 2180 1320 cadet
2213 1277 2267 1320 de
2292 1277 2460 1333 <lapillis
2485 1279 2558 1321 filii
2579 1280 2640 1322 ῑῑῑὶ
2671 1290 2803 1335 supe?

255 1372 364 1410 eam,
389 1365 430 1401 et
471 1358 613 1401 statim
655 1369 827 1400 exosam
863 1356 1010 1418 habuit
1048 1367 1158 1405 eam,
1184 1356 1319 1411 magis
1357 1366 1484 1410 quam

257 1437 354 1474 ante
371 1431 588 1474 dilexerat.
616 1425 666 1471 Et
689 1430 813 1483 ejecit
835 1441 927 1472 eam
949 1441 972 1470 a
997 1440 1042 1470 se
1065 1435 1283 1484 rogantem
1305 1433 1352 1470 ut
1374 1426 1486 1483 apud

257 1518 303 1548 se
343 1510 548 1554 maneret,
585 1510 626 1547 et
656 1509 769 1547 esset
807 1503 845 1546 ei
874 1514 995 1546 uxor.
1032 1502 1224 1558 Cumque
1257 1499 1487 1556 ejecissent

254 1588 347 1620 eam
370 1577 489 1632 pueri
511 1575 695 1625 Amnon,
734 1576 920 1629 aspersit
946 1575 1130 1616 cinerem
1165 1574 1293 1628 capiti
1318 1586 1411 1624 suo,
1443 1580 1489 1617 et

254 1650 368 1702 rupit
400 1649 586 1690 tunicam
623 1649 816 1696 talarem,
854 1658 935 1702 qua
977 1647 1205 1688 utebantur
1240 1646 1336 1689 ssiiae
1372 1648 1485 1701 regis

255 1720 455 1774 virgines,
471 1730 596 1773 quam
611 1718 822 1772 iosephus
838 1723 957 1760 vocat
977 1716 1190 1760 colobium
1207 1718 1486 1764 manicatum.

254 1790 306 1833 Et
335 1791 545 1846 impositis
568 1791 764 1832 manibus
797 1802 925 1844 super
961 1795 1103 1844 caput,
1131 1788 1324 1844 ingressa
1344 1797 1408 1832 est
1432 1789 1485 1833 ad

253 1862 438 1907 Absaion
483 1862 656 1904 fratrem
690 1874 814 1904 suum
852 1861 1034 1915 ejulans.
1068 1860 1146 1903 Cui
1188 1860 1320 1914 frater
1369 1860 1428 1902 ait
1470 1874 1482 1904 ;

257 1949 274 1976 ε
304 1934 414 1977 Tace
435 1949 445 1984 ;
467 1945 605 1985 soror,
631 1931 760 1976 frater
775 1933 885 1975 enim
911 1938 1059 1975 noster
1080 1938 1162 1976 est⁴
1191 1948 1203 1972 i
1243 1932 1293 1974 Et
1328 1934 1487 1976 mansit

254 2006 299 2049 in
321 2006 446 2049 domo
476 2004 661 2049 Absaion
697 2005 823 2061 longo
843 2010 1034 2062 tempore
1068 2005 1283 2051 sustinens
1303 2006 1487 2049 viduita-

254 2081 355 2120 tem.

312 2163 510 2207 'Additio
539 2163 577 2208 i.
602 2164 813 2210 conclave
852 2165 1010 2208 dicitnr
1043 2177 1229 2218 camera,
1267 2166 1319 2208 ad
1356 2180 1486 2222 quam

255 2247 339 2278 non
354 2242 492 2291 potest
511 2237 664 2288 veniri,
684 2237 770 2280 nisi
791 2248 866 2292 per
884 2237 1031 2280 aliam.

255 2340 355 2384 civ.
375 2341 481 2385 xlv.
510 2342 568 2384 De
587 2351 717 2386 morte
748 2343 929 2393 Amnon,
955 2345 1113 2441 etJuqa
1150 2345 1334 2388 absalon
1358 2352 1395 2387 et
1420 2358 1481 2387 re·
1507 2331 1540 2376 C

695 2398 787 2441 dicu
817 2399 869 2441 ad
887 2399 994 2442 Davi

309 2506 487 2548 Factum
511 2511 577 2549 est
601 2511 741 2551 autem
766 2515 862 2562 post
887 2507 1126 2559 biennium,
1149 2515 1196 2551 ut
1235 2508 1490 2552 ascenderet

257 2577 445 2621 Absaion
468 2577 521 2619 ad
546 2578 785 2622 tondendas
803 2592 921 2628 oves,
946 2585 988 2622 et
1011 2579 1138 2623 aitad
1169 2593 1310 2636 regem
1331 2596 1341 2623 :
1373 2596 1387 2624 t
1403 2580 1483 2624 Ve-

258 2650 363 2699 niat,
388 2660 482 2699 oro,
516 2661 588 2692 rex
610 2659 706 2693 eum
732 2652 869 2694 servis
902 2651 993 2695 suis
1022 2652 1076 2694 ad
1106 2653 1348 2696 convivium
1367 2654 1488 2708 pueri

257 2722 326 2765 sui
358 2720 443 2777 ((11
463 2720 559 2777 Req.
586 2722 700 2778 xiii).
725 2721 918 2778 Cumque
947 2724 1168 2768 abnuisset
1204 2737 1296 2775 rex,
1315 2738 1369 2768 ne
1391 2738 1490 2782 gra-

257 2799 382 2837 varet
401 2806 522 2843 eum,
553 2795 614 2837 ait
637 2795 824 2839 Absaion
847 2811 856 2838 :
884 2808 901 2835 ι
924 2795 1079 2840 Veniat
1116 2797 1268 2840 saitem
1310 2798 1489 2843 obsecro

258 2869 426 2913 Amnon
450 2869 581 2913 frater
606 2883 741 2921 meus,
765 2878 806 2914 et
824 2869 898 2915 mn
920 2874 1034 2927 regis
1058 2885 1156 2916 eum
1171 2886 1237 2918 ee.
1262 2889 1278 2916 ›
1299 2873 1351 2919 Et
1368 2875 1488 2919 abie-

259 2947 360 2983 runt
382 2954 477 2984 cnm
500 2941 702 2997 Absaion.
726 2943 919 3000 Cumque
945 2947 1240 2990 recumberent
1264 2947 1485 3002 puetiAh·

259 3012 396 3061 saion,
413 3023 466 3054 ex
490 3021 699 3067 praecepto
714 3014 808 3069 ejus
833 3015 1329 3062 interfeceruntAmnon
1350 3025 1490 3062 temu-

260 3084 435 3125 tentum.
455 3081 507 3125 Et
527 3085 809 3129 ascendentes
834 3086 906 3129 iiiii
927 3089 1039 3143 regis
1064 3090 1202 3133 mulas
1233 3102 1335 3135 suas
1370 3090 1490 3147 suge·

260 3162 376 3205 runt,
406 3162 447 3198 et
466 3158 656 3210 pervenit
694 3156 806 3200 sama
859 3157 911 3200 ad
949 3158 1080 3202 David
1128 3161 1313 3207 dicens:
1345 3179 1358 3204 ‹
1385 3162 1491 3207 Per-

260 3226 394 3269 cussit
418 3226 602 3269 Absalon
621 3239 770 3271 omnes
795 3229 904 3272 iiiios
925 3232 1053 3285 regis,
1072 3238 1112 3274 et
1133 3233 1259 3274 scidit
1277 3246 1351 3276 rex
1366 3234 1491 3276 vesti-

260 3304 403 3342 menta
430 3311 524 3350 sua,
552 3307 593 3342 et
616 3300 770 3343 cecidit
794 3315 925 3356 super
960 3309 1133 3347 terram.
1155 3320 1168 3345 ι
1195 3303 1385 3350 ,ionadab
1413 3318 1490 3348 au-

1563 1353 1741 1392 terram.
1765 1364 1780 1390 ›
1803 1347 1926 1393 Tunc
1970 1361 2190 1405 exponens
2212 1349 2248 1393 ei
2277 1351 2432 1394 niniier
2456 1350 2798 1403 similitudinem,

1565 1422 1623 1464 ait
1643 1433 1654 1461 t
1680 1436 1696 1461 ι
1726 1419 1920 1465 Redueat
1944 1430 2046 1476 ergo
2062 1422 2264 1466 dominus
2282 1434 2404 1466 meus
2422 1423 2632 1478 abjectum
2657 1435 2799 1469 suum.

1563 1491 1656 1536 Non
1676 1494 1788 1537 enim
1812 1495 1905 1538 vuit
1936 1495 2122 1537 animam
2152 1496 2293 1551 perire
2311 1495 2442 1548 Deus,
2466 1503 2507 1540 et
2523 1510 2672 1542 omnes
2695 1499 2804 1542 diia-

1562 1564 1706 1608 bimur
1729 1571 1932 1620 tanquam
1956 1574 2095 1620 aquae,
2110 1577 2205 1622 qnae
2219 1578 2304 1610 non
2318 1571 2601 1611 revertentur.
2625 1581 2639 1608 i
2668 1565 2805 1621 Quasi

1563 1636 1678 1680 dicat
1702 1650 1710 1676 z
1734 1635 1945 1679 Mortuum
1971 1636 2102 1681 filium
2135 1648 2221 1680 nou
2259 1643 2381 1694 potes
2431 1651 2634 1682 revocare
2671 1639 2723 1682 nd
2737 1642 2805 1682 vi.

1565 1718 1668 1754 tam.
1701 1711 1851 1755 Melius
1881 1718 1947 1756 est
1991 1718 2040 1755 nt
2079 1723 2256 1757 revoces
2281 1712 2511 1765 viventem,
2542 1726 2670 1769 quam
2692 1715 2804 1760 alte-

1564 1793 1660 1826 rum
1706 1782 1982 1831 vindicando,
2028 1789 2260 1838 utrumque
2304 1785 2477 1840 perdas.
2515 1785 2566 1828 Et
2601 1787 2660 1829 ait
2698 1797 2800 1831 nex:

1569 1870 1582 1896 ‹
1609 1855 1812 1911 Nunquid
1834 1867 1993 1903 manus
2011 1855 2119 1901 'aab
2145 1861 2286 1900 tecum
2310 1862 2376 1901 est
2394 1859 2438 1901 in
2462 1858 2585 1902 istis?
2615 1857 2718 1911 Quae
2737 1870 2799 1902 re·

1565 1928 1737 1984 spondit
1764 1941 1773 1967 τ
1807 1927 1903 1984 ,ipse
1928 1928 2132 1984 imposuit
2159 1930 2290 1973 verba
2334 1932 2426 1974 haec
2463 1931 2508 1974 in
2531 1942 2606 1975 ore
2627 1943 2737 1982 meo,
2757 1938 2805 1976 ut

1563 2006 1772 2043 verterem
1792 1999 2121 2044 siriiiiitudinem
2164 2003 2376 2046 sermonis
2396 2002 2540 2058 bujns.
2563 2002 2614 2045 Et
2634 2005 2691 2046 ait
2727 2013 2806 2047 rex

1566 2075 1617 2115 ad
1636 2073 1743 2116 soah
1767 2090 1777 2116 ε
1801 2072 1971 2117 Revoca
1995 2085 2175 2128 puerum
2193 2073 2399 2120 Absalon.
2439 2074 2635 2131 Curiique
2676 2073 2805 2120 redu-

1566 2143 1701 2187 xisset
1727 2145 1917 2189 Absaion
1944 2144 1987 2188 in
2015 2143 2270 2198 Jerusalem,
2293 2147 2352 2191 ait
2376 2159 2479 2191 rex:
2500 2163 2514 2188 ‹
2543 2147 2637 2191 Non
2664 2147 2808 2192 videat

1566 2214 1719 2259 faciem
1746 2229 1901 2268 meam,
1912 2217 2048 2260 donee
2066 2230 2214 2262 vocem
2238 2230 2354 2271 enm,
2379 2234 2394 2260 t
2435 2231 2488 2264 ne
2508 2210 2563 2263 'eo
2579 2221 2674 2264 viso
2693 2220 2808 2264 revi-

1566 2289 1703 2331 viscat
1730 2289 1772 2330 iu
1795 2301 1871 2332 me
1887 2288 2011 2333 dolor
2035 2288 2129 2334 fini.
2158 2290 2211 2333 Et
2227 2292 2586 2337 mansitAbsaion
2611 2294 2652 2336 in
2682 2293 2806 2337 Jeru-

1569 2361 1701 2402 salem
1724 2362 1890 2407 duobus
1909 2363 2110 2415 annis‚et
2130 2363 2283 2409 faciem
2302 2366 2416 2421 regis
2433 2378 2520 2410 non
2533 2366 2653 2410 vidit.
2669 2365 2810 2410 Porro

1567 2433 1757 2477 Absalon
1781 2441 1874 2479 erat
1897 2435 2080 2479 decorus
2097 2435 2243 2490 nimis,
2264 2437 2392 2494 cujus
2408 2439 2624 2491 caesaries,
2651 2450 2807 2484 secun-

1568 2505 1669 2549 dum
1687 2505 1921 2562 Jnsepiium
1941 2514 2060 2551 tanta
2078 2514 2188 2558 erat,
2210 2513 2256 2552 ut
2280 2510 2347 2554 vix
2366 2523 2518 2555 novem
2533 2510 2686 2565 diebus
2707 2517 2808 2555 ton-

1568 2577 1660 2621 deri
1686 2579 1911 2633 potuisset.
1937 2579 2074 2632 Quam
2095 2580 2226 2624 semel
2244 2581 2416 2625 inauno
2435 2592 2620 2634 tonsam,
2644 2583 2806 2639 ponde·

1568 2651 1690 2692 rabat
1709 2649 1908 2694 ducentis
1931 2651 2065 2696 siclis.
2092 2650 2219 2696 Forte
2234 2652 2364 2707 huius
2381 2654 2583 2709 ponderis
2605 2659 2697 2697 erat
2711 2659 2808 2696 ton-

1569 2733 1671 2765 sura
1692 2722 1802 2776 ejus.
1818 2721 1894 2766 Vel
1914 2723 1994 2766 boe
2019 2724 2155 2779 pretio
2190 2726 2390 2768 emebant
2406 2738 2500 2769 eam
2518 2725 2737 2777 mulieres,
2759 2730 2808 2768 nt·

1569 2794 1854 2838 subornarent
1870 2795 2012 2839 crines
2040 2808 2160 2839 suos.
2183 2795 2368 2852 Natique
2386 2803 2488 2841 sunt
2524 2797 2711 2841 Absalon
2732 2798 2806 2840 iiiii

1568 2872 1675 2915 tres,
1700 2871 1742 2908 et
1765 2865 1851 2908 fitia
1873 2878 1957 2909 una
1978 2867 2154 2911 nomine
2191 2866 2395 2923 Thamar,
2429 2868 2632 2924 misitque
2650 2869 2809 2924 saepius

1569 2937 1622 2980 ad
1637 2937 1762 2988 Joab‚
1782 2944 1829 2980 ut
1846 2939 2128 2983 intercederet
2148 2951 2225 2995 pro
2244 2951 2294 2983 eo
2319 2939 2372 2982 ad
2395 2952 2537 2996 regem
2571 2939 2653 2992 Qui
2671 2941 2809 2984 noluit

1567 3010 1717 3053 venire
1745 3010 1800 3052 ad
1844 3021 1958 3054 eum.
1992 3011 2195 3068 Misitque
2227 3011 2417 3055 Absalon
2440 3025 2587 3057 servos
2610 3025 2728 3066 suos,
2760 3018 2809 3058 ut

1569 3081 1849 3126 incenderent
1871 3089 2036 3141 segetes
2061 3085 2153 3140 agri
2170 3083 2294 3128 soah.
2314 3083 2408 3137 Quo
2432 3084 2547 3130 facto
2567 3083 2674 3130 Joab
2693 3086 2814 3132 venit

1570 3154 1621 3197 ad
1639 3167 1736 3198 eum
1756 3154 1910 3199 dicens
1936 3171 1946 3199 z
1975 3170 1990 3196 ι
2007 3156 2118 3209 Quid
2155 3156 2349 3201 fecerunt·
2371 3159 2485 3201 servi
2509 3158 2572 3200 tui
2592 3158 2612 3201 ⁴?
2635 3158 2717 3210 Qui
2738 3169 2814 3202 re·-

1570 3230 1756 3284 spondit.
1790 3229 1927 3274 Aliter
1964 3230 2126 3275 babere
2160 3237 2204 3276 te
2227 3242 2313 3273 non
2350 3236 2563 3287 poterant.
2600 3229 2808 3284 Obsecro,

1568 3300 1681 3342 intra
1699 3301 1751 3342 ad
1765 3313 1926 3356 regem,
1951 3308 2000 3344 ut
2021 3301 2189 3345 videam
2216 3302 2367 3344 faciem
2390 3302 2501 3354 eius,
2525 3301 2716 3357 alioquin
2741 3301 2812 3344 in-

260 3374 347 3411 tem
371 3380 495 3425 quem
515 3370 674 3415 veritas
696 3381 778 3414 non
803 3373 976 3425 latebat,
1002 3376 1066 3416 ait
1094 3375 1145 3417 ad
1179 3388 1320 3432 regem
1347 3389 1358 3417 z
1388 3391 1403 3417 c
1428 3377 1490 3421 Ne
1514 3383 1550 3426 Ι)
1573 3371 1752 3415 (efficiat
1773 3385 1855 3417 me·
1882 3372 1934 3414 Εῑ
1956 3373 2150 3429 ingresso
2175 3372 2284 3416 'oab
2315 3373 2367 3417 ad
2390 3383 2534 3430 regem
2552 3379 2809 3418 vocatus&

262 3442 416 3484 timeat
435 3442 635 3486 dominus
661 3456 797 3494 meus,
822 3445 1024 3499 quoniam
1047 3445 1213 3489 Amnon
1233 3449 1352 3493 solus
1374 3462 1488 3493 mor-

262 3520 364 3557 tuus
387 3520 468 3566 est,
494 3526 616 3569 quem
637 3516 785 3558 oderat
804 3517 991 3559 Absalon
1016 3530 1040 3560 a
1070 3518 1139 3561 die
1169 3531 1253 3573 qua
1277 3523 1490 3577 oppressit

265 3595 456 3628 sorerem
492 3598 629 3628 suam.
658 3603 672 3626 ι
701 3586 752 3629 Et
775 3600 875 3633 ecce
893 3599 1184 3644 apparuerunt
1201 3590 1274 3633 {ilii
1300 3593 1429 3647 regis,
1449 3601 1491 3636 et

265 3654 470 3700 neverunt
501 3669 597 3698 cum
638 3669 737 3712 rege
776 3659 948 3713 planetu
994 3672 1148 3716 magno
1183 3663 1335 3705 nimis..
1354 3660 1493 3704 Porro

264 3727 451 3770 Absalon
496 3727 680 3782 fugiens,
726 3730 831 3772 abiit
871 3732 923 3774 ad
948 3731 1170 3775 Tholomai
1208 3745 1334 3776 avum
1366 3745 1499 3777 suum

266 3808 406 3851 regem
426 3796 599 3847 Gessur,
620 3806 663 3841 et
685 3798 764 3842 suit
785 3812 882 3844 eum
905 3815 956 3846 eo
979 3804 1118 3847 tribus
1141 3806 1280 3847 annis.
1308 3803 1399 3847 Rex
1417 3816 1494 3850 au·-

267 3871 353 3916 tem
394 3870 640 3912 consoiatus
686 3883 814 3926 super
858 3872 1027 3916 Amnon
1063 3875 1256 3925 interitu,
1289 3875 1492 3926 ces-savit,

267 3939 374 3981 velte
390 3942 583 3995 persequi
606 3941 807 3992 Absalon,
831 3944 931 3998 quia
955 3947 1116 3989 sciebat
1141 3959 1238 3990 eum
1260 3959 1354 3992 esse
1377 3947 1493 4003 flagi-

266 4009 443 4062 tiosum,
467 4018 509 4053 et
534 4011 708 4066 dignum
748 4021 901 4059 morte.
927 4017 1050 4068 Quod
1094 4018 1334 4074 inteuigens
1368 4018 1493 4071 loab,

269 4080 344 4134 qni
379 4080 580 4134 ditigebat
609 4082 811 4133 Absaiom
847 4086 964 4129 misit
999 4088 1053 4131 ad
1093 4101 1234 4143 regem
1273 4091 1497 4134 mulierem

271 4152 508 4206 sapientem
527 4153 580 4195 de
596 4152 784 4205 Tbeeua,
819 4168 912 4210 quae
945 4165 1121 4212 putatur
1158 4159 1292 4204 suissn.
1324 4162 1497 4216 proavia

272 4222 404 4266 Amos
421 4225 649 4279 prophetae,
670 4232 716 4269 et
733 4229 876 4281 posuit
889 4227 995 4273 Joab
1010 4231 1135 4275 verba
1158 4244 1236 4275 sua
1252 4234 1296 4275 in
1314 4245 1388 4277 ore
1403 4234 1499 4289 eius

273 4292 344 4351 (11
363 4294 459 4351 Ray,
496 4296 600 4352 xiv).
630 4297 825 4354 Cumque
845 4300 1039 4355 ingressa
1077 4303 1227 4347 fuisset
1253 4306 1410 4350 mulier.
1444 4306 1498 4349 ad

277 4378 436 4422 regem,
462 4367 667 4420 adoravit,
690 4370 844 4414 dicens
863 4384 880 4412 2v
900 4387 914 4413 ι
930 4371 1064 4418 Serva
1090 4387 1172 4426 me,
1193 4389 1282 4430 rex,
1304 4384 1501 4424 mertinis

1569 3446 1775 3498 Absalom
1797 3453 1842 3492 et
1864 3449 2083 3491 osculatus
2104 3454 2174 3492 est
2194 3460 2273 3492 rex
2292 3459 2406 3491 eum.
2430 3463 2450 3491 ι

1626 3527 1639 3537 ·
1666 3520 1853 3564 Addicio.
1875 3521 1914 3565 t.
1943 3521 2073 3563 Aiunt
2098 3520 2262 3564 Hebraei
2288 3521 2350 3565 sic
2375 3534 2463 3566 rem
2494 3528 2656 3576 gestam
2675 3520 2810 3565 fuisse

1570 3602 1699 3646 quam
1722 3592 1848 3634 vertit
1865 3592 2018 3635 mulier
2042 3591 2085 3634 in
2112 3593 2359 3647 parabolam

1571 3679 1672 3723 CAP.
1698 3679 1790 3724 XV.
1816 3680 2031 3733 Quomodo
2076 3680 2263 3723 Abaton
2300 3688 2535 3734 persecutus
2576 3687 2638 3722 est
2673 3677 2809 3722 David.
2860 3689 2864 3697 ‘

2031 3743 2192 3790 patrem
2213 3748 2350 3779 auum.

1629 3805 1751 3848 Tune
1790 3807 1927 3862 coepit·
1949 3807 2140 3851 Absaion
2171 3807 2366 3862 aspirare
2398 3806 2453 3848 ad
2482 3815 2678 3860 regnum,
2709 3815 2809 3847 nam

1573 3877 1729 3921 Caiecb
1754 3886 1854 3921 ante
1868 3891 1965 3921 eum
1990 3880 2178 3934 genitus,
2211 3879 2281 3922 vel
2315 3878 2432 3922 iners
2475 3882 2584 3927 erat,
2604 3875 2670 3919 vol
2695 3885 2812 3917 mor·

1572 3956 1692 3993 tuus.
1722 3948 1961 4005 ‹Fecitque
1983 3951 2067 3993 sibi
2087 3962 2262 4000 currus,
2306 3959 2349 3994 et
2392 3949 2561 4005 equites
2599 3952 2810 4003 quinqua-

1575 4021 1693 4075 ginta
1723 4022 1796 4076 qui
1837 4022 2126 4076 praecederent
2161 4034 2289 4076 eum;
2312 4025 2356 4066 et
2384 4034 2513 4066 mane
2545 4032 2815 4075 consurgens

1577 4092 1718 4134 stabat
1739 4092 1785 4134 in
1802 4099 1942 4147 porta,
1975 4104 2019 4136 et
2051 4094 2353 4138 blandiebatur
2390 4093 2722 4137 ascendentibus
2754 4090 2815 4135 ad
2872 4131 2884 4140 .

1577 4162 1691 4216 regis
1720 4162 1929 4217 Judieium
1971 4164 2118 4207 dicens
2142 4176 2152 4203 ε
2176 4163 2295 4210 Bona
2324 4171 2427 4207 sunt
2459 4174 2557 4219 quae
2579 4161 2706 4211 dicis.
2735 4159 2816 4204 sed

1576 4245 1661 4275 non
1684 4242 1749 4278 est
1771 4234 1844 4290 qui
1870 4241 1911 4278 te
1938 4235 2086 4278 audiat
2110 4236 2369 4279 constitutus
2395 4247 2418 4278 a
2442 4247 2555 4291 rege.
2578 4233 2684 4286 Quis
2707 4245 2812 4277 con-

1577 4305 1726 4348 stituet
1748 4317 1815 4350 me
1838 4318 1998 4364 regem,
2023 4313 2069 4349 ut
2089 4307 2205 4362 justo
2227 4307 2448 4362 judicem?
2473 4322 2487 4347 ι
2514 4306 2566 4349 Et
2587 4304 2814 4348 inelinavit
2881 4323 2884 4342 ι

1578 4379 1632 4423 ad
1657 4391 1703 4424 se
1718 4381 1847 4425 corda
1874 4381 2063 4427 virorum
2084 4381 2156 4438 (H
2174 4380 2271 4438 1309.
2298 4381 2386 4437 xv).
2410 4380 2512 4425 post
2534 4385 2718 4435 quatuor
2737 4389 2815 4423 ve·
