2924 4588
235 9 325 55 263

1118 5 1290 50 Anam
1316 5 1385 49 PR
1393 5 1563 50 AEMON
1570 5 1635 49 ST
1642 4 1823 50 Rama·
1833 4 1916 50 sis

2728 0 2883 71 m}

237 81 311 144 b⁸es
331 105 374 143 et
393 85 760 148 exhortationem;
788 101 828 138 et
846 96 962 138 illam
983 95 1030 139 in
1053 105 1219 148 mente,
1250 97 1363 140 hane
1378 101 1541 146 veroA
1563 97 1722 142 ctando
1758 98 1928 142 beatam
1973 109 2117 154 spem.
2150 103 2196 142 et
2231 99 2462 144 adventum
2504 101 2628 157 110
2669 99 2816 158 gloria,
2881 131 2883 159 ἆ

237 172 282 214 in
304 182 395 214 ore.
418 171 564 225 ltaque
586 169 623 211 ei
643 170 711 212 cui
734 167 1179 211 adversitas-molesta
1198 175 1292 220 est,
1317 179 1370 212 ex
1386 170 1487 212 inti-

236 245 319 288 mis
339 252 613 300 compatere,
649 249 690 286 et
721 255 777 285 ne
809 240 978 284 deficiat
1015 243 1255 286 vorisolare.
1299 243 1362 286 llli
1386 256 1488 287 vero

237 330 362 373 quem
387 310 652 372 prosper-Das
678 315 918 365 demulcet,
944 326 997 356 ex
1032 316 1166 359 corde
1190 317 1424 371 gratulare,
1445 322 1487 360 ct

237 394 285 430 ut
305 389 348 430 in
374 388 487 430 bono
510 387 645 440 magis
667 397 719 428 ac
738 385 874 440 magis
890 385 1098 440 prolicere
1125 386 1311 439 studeat,
1331 387 1483 433 exhor-

236 465 343 504 tare.
365 458 541 511 Utrique
566 463 725 506 autem,
744 463 787 500 et
805 458 1008 499 auxilium
1030 457 1163 501 debes
1177 465 1222 502 et
1240 459 1486 509 consilium,

237 539 283 574 ut
306 532 490 586 qualiter
516 542 642 585 agere
676 529 852 580 debeat,
878 535 966 571 tam
1004 530 1078 584 qui
1111 531 1153 573 in
1186 532 1486 586 prosperitate,

236 615 364 658 quam
387 603 425 646 is
445 616 519 658 qui
546 605 589 644 in
611 601 876 644 adversitate
899 607 992 644 est:
1015 607 1243 659 utrumque
1265 604 1490 646 consolan-

236 676 292 718 do
319 676 509 717 instruas
532 679 574 716 et
599 674 652 716 ad
677 674 719 716 id
743 673 857 728 quod
880 673 1091 728 agendum
1130 680 1197 718 est
1213 706 1226 725 ,
1256 680 1488 731 utrumque

235 747 478 802 adjuvando
516 746 668 789 sortem
703 754 744 788 ot
778 747 967 789 validum
997 747 1170 790 reddas.
1205 745 1306 791 Haec
1345 754 1488 790 autem

236 831 326 862 sex,
351 818 391 860 si
411 817 707 872 superioribus
734 829 888 861 novem
915 816 1190 872 adJ'unxeris,
1217 819 1341 874 quasi
1359 818 1490 873 quiu-

235 892 374 935 decim
398 892 441 933 in
463 891 604 941 scala,
632 891 856 934 charitatis
891 891 1074 944 justitiae
1109 891 1270 947 gradus
1293 892 1486 940 habebis.

236 978 312 1020 pei·
330 976 440 1019 quos
466 963 675 1006 ascendas
693 972 735 1006 et
760 963 998 1006 descendas
1020 975 1149 1018 super
1172 962 1327 1006 Filium
1352 963 1490 1006 homi-

234 1039 317 1081 nis.
346 1037 444 1080 llaec
470 1038 614 1092 itaque
634 1037 775 1078 omnia
839 1048 934 1091 quae
960 1035 1012 1078 de
1033 1035 1204 1090 justitia
1233 1036 1360 1091 longa
1393 1036 1491 1091 qui-

234 1110 347 1162 dem,
367 1110 439 1152 sed
466 1121 552 1152 non
574 1107 844 1151 infructuosa
865 1109 1065 1152 fortassis
1088 1109 1383 1164 disputatione
1405 1108 1489 1152 dis-

1567 167 1711 221 magui
1729 165 1832 216 Dei,
1851 171 1894 210 et
1926 164 2164 210 Salvatoris
2187 167 2326 211 nostri
2341 168 2444 214 Jesu
2463 169 2646 222 Christi,
2671 171 2716 214 in
2739 171 2851 223 αεὶ-ζ
2882 165 2883 210 ἔ

1566 244 1696 280 ventu
1724 238 1860 293 ipsius
1885 240 2092 294 praeclaro
2115 239 2338 295 possidete
2367 242 2578 286 merearis
2595 244 2814 290 aeternita-

1568 316 1654 353 tem
1671 341 1682 368 ,
1702 311 1737 354 si
1763 308 1942 355 veniens
1970 304 2181 356 Dominus
2201 314 2412 357 invenerit
2433 321 2475 357 te
2488 315 2552 358 sic
2568 314 2814 362 facientem.

1570 381 1908 427 Similitudinem
1926 395 2112 439 namque
2137 385 2365 439 quamdam
2400 387 2654 430 aeternitatis
2678 389 2818 434 virtus
2878 405 2879 409 ¹

1568 454 1612 495 in
1637 466 1683 496 se
1707 455 2037 509 perseverantiae
2068 456 2284 505 ostendit,
2308 469 2406 512 qua:
2426 458 2556 502 etiam
2585 459 2676 502 sola
2699 464 2819 505 aeter-

1567 528 1745 570 nitatem
1768 536 1968 570 meretur.
1990 527 2126 580 Quam
2147 528 2234 573 nisi
2256 529 2299 571 in
2322 529 2401 572 liae
2418 537 2562 574 vestra
2585 532 2653 573 via
2677 531 2819 588 inqua

1569 601 1815 651 ambulatis,
1844 601 2099 652 habueritis,
2119 614 2207 645 non
2227 602 2481 658 proficietis,
2498 603 2572 647 sed
2591 604 2815 652 deficietis:
2839 626 2841 630 ¹

1568 675 1754 718 curretis
1775 674 1948 729 quidem
1973 674 2050 718 sed
2068 675 2111 718 in
2135 686 2318 718 vacuum
2336 706 2348 727 ,
2379 677 2481 733 quia
2507 690 2595 723 nun
2621 690 2850 744 εοιιιρωο·

1567 747 1779 790 hendctis.

1623 818 1695 862 XI.
1728 818 1829 862 Haec
1860 825 2002 863 autem
2024 819 2191 874 prolixe
2222 821 2419 876 superius
2440 821 2553 865 dicta
2573 852 2585 874 ,
2616 833 2823 880 compen-

1568 890 1732 934 diosius
1756 898 1939 946 possunt
1971 893 2130 947 repeti,
2155 898 2202 934 nt
2226 901 2382 947 ‹itieant
2404 894 2568 938 arctius
2591 894 2634 940 in
2656 907 2825 939 memo-

1569 964 1632 1005 ria
1661 965 1817 1007 teneri.
1858 963 2068 1020 Apparuit
2103 966 2238 1020 gratia
2283 965 2517 1010 Salvatoris
2545 970 2690 1014 nostri
2724 968 2819 1017 Dei.

1570 1035 1744 1091 Triplex
1772 1036 1936 1091 gratia,
1961 1037 2099 1092 prima
2119 1044 2187 1080 est
2209 1037 2434 1083 Creatoris
2467 1040 2608 1083 nostri
2645 1039 2718 1084 Dei
2740 1072 2757 1092 ,-
2778 1046 2828 1091 et,

1570 1115 1664 1153 erat
1689 1108 1732 1151 in
1751 1109 1947 1161 exordio,
1974 1111 2198 1164 pertinens
2220 1112 2274 1157 ad
2297 1110 2494 1166 Patrem;
2511 1115 2703 1158 secunda
2726 1103 2829 1165 Salff

234 1182 471 1231 seruimus,
500 1183 534 1226 si
555 1182 784 1237 diligenter
806 1182 1008 1228 inventus
1030 1180 1161 1224 fueris
1193 1181 1372 1237 implere
1386 1212 1398 1234 ‚
1426 1182 1490 1224 ni-
1512 1181 1546 1223 B
1567 1184 1728 1226 vatoris
1749 1183 1886 1225 nostri
1916 1181 1990 1226 Dei
2009 1215 2019 1234 ,
2047 1188 2089 1227 et
2110 1190 2176 1227 est
2199 1182 2326 1227 modo
2351 1185 2394 1227 iu
2414 1183 2497 1229 line
2515 1217 2525 1236 ,
2547 1191 2748 1243 spectans
2767 1166 2829 1240 at(

233 1255 390 1297 mirum
415 1254 534 1309 juste
567 1254 677 1298 vivis
701 1256 744 1296 in
772 1254 854 1296 lioc
876 1254 1050 1298 saeculo.
1075 1252 1150 1295 Pie
1181 1259 1324 1297 autem
1357 1253 1486 1304 vivis,

232 1328 269 1371 si
295 1339 347 1371 ex
370 1327 544 1371 sincero
565 1333 608 1371 et
631 1328 783 1370 intimo
807 1326 961 1370 affectu
989 1325 1061 1369 Dei
1088 1326 1151 1368 tui
1185 1326 1319 1370 cultui
1342 1338 1489 1382 perse-

232 1405 434 1442 veranter
459 1399 639 1443 insistis,
670 1397 713 1440 Si
738 1399 853 1442 enim
890 1397 1050 1456 divinis
1084 1408 1122 1442 te
1144 1410 1315 1453 semper
1345 1404 1490 1442 astare

231 1470 455 1513 obtutibus
474 1470 708 1525 perspicis;
734 1484 768 1513 si
787 1470 971 1514 occultis
997 1469 1091 1524 eius
1115 1470 1289 1513 nutibus
1310 1476 1488 1526 paratus

232 1544 395 1598 ubique
420 1543 599 1593 existis;
625 1544 660 1587 si
673 1544 824 1589 dicens
847 1556 942 1587 cum
970 1542 1200 1587 Psalinista
1227 1559 1237 1587 2
1267 1542 1391 1587 Oculi
1411 1544 1491 1586 mei

231 1628 392 1671 semper
412 1618 469 1660 ad
495 1618 721 1660 Dominam
751 1616 888 1672 (Paul.
916 1628 1038 1667 xxiv,
1064 1616 1152 1674 15),
1177 1615 1282 1672 quid
1305 1616 1396 1671 ipse
1412 1629 1488 1660 ve-

232 1687 300 1737 lit,
326 1688 484 1744 quidve
521 1688 629 1731 nolit
667 1695 863 1744 prompte
902 1688 1059 1744 ubique
1089 1690 1142 1732 ad
1168 1689 1489 1744 exsequendum

231 1762 415 1806 sollicita
440 1768 582 1806 niente
607 1761 816 1817 inquiris,
856 1768 902 1805 ut
939 1762 1041 1807 mihi
1066 1762 1261 1813 videtur,
1288 1763 1355 1818 pie
1380 1763 1490 1807 vivis

232 1836 277 1879 iu
306 1835 387 1880 boc
409 1836 584 1879 saeculo.
613 1835 873 1891 Abneqames
896 1848 999 1892 ergo
1022 1837 1273 1891 impietatem
1294 1843 1333 1879 et
1354 1850 1488 1880 soecu·

231 1908 341 1951 laria
362 1908 569 1951 desideria
590 1908 725 1952 sobrie
755 1915 793 1951 et
810 1909 927 1966 juste
955 1917 995 1952 et
1018 1909 1084 1964 pie
1105 1909 1290 1952 vt‘vamus
1324 1910 1369 1952 in
1403 1910 1480 1952 Itoc

230 1980 383 2023 soeculo
408 1980 511 2035 (Tit.
557 1992 605 2030 ιι,
632 1981 701 2038 12)
720 2014 733 2033 ‚
758 1980 894 2032 donec
925 1981 999 2024 illo
1022 1980 1169 2026 futuro
1209 1982 1366 2026 saeculo
1404 1980 1490 2024 frui

231 2066 486 2110 possumus.
509 2051 675 2097 Idcirco
706 2054 869 2096 addidit
892 2053 1128 2110 Apostolus
1156 2063 1197 2098 et
1224 2056 1309 2099 ait:
1329 2054 1490 2111 Exspe-

230 2134 390 2172 ctantea
412 2127 577 2171 beatam
600 2141 708 2183 spem
745 2136 782 2172 et
807 2129 1027 2173 adventum
1049 2130 1195 2185 gloriae
1226 2131 1367 2185 muqni
1396 2130 1487 2180 Dei,

233 2206 270 2243 et
307 2198 540 2243 Salinatoris
570 2202 704 2243 nostri
724 2199 830 2243 Iesu
862 2199 1020 2244 Christi
1042 2200 1182 2254 (ibim,
1208 2201 1299 2258 15„
1322 2199 1367 2244 ln
1392 2202 1491 2258 qui·

232 2272 314 2316 bus
339 2274 484 2329 utique
505 2274 645 2319 verbis
671 2275 991 2329 perseverantia
1015 2280 1209 2319 notatur.

290 2343 341 2388 X.
375 2345 475 2389 Haec
507 2347 653 2402 itaque
686 2352 874 2402 quatuor
908 2348 1213 2399 sobrietatem,
1255 2345 1488 2403 iustitiam,

232 2419 460 2477 pietatem,
495 2426 623 2476 atque
653 2423 1022 2477 perseverantiam
1060 2421 1266 2466 erudiens
1289 2433 1371 2466 nos
1393 2433 1491 2478 gra-

232 2495 292 2537 tia
316 2494 388 2538 Dei
415 2493 666 2548 Salvaturis,
696 2494 742 2539 in
766 2507 843 2539 sua
866 2496 993 2538 nobis
1018 2495 1260 2539 eruditione
1280 2494 1486 2546 ostendit,

233 2575 281 2612 ut
306 2570 391 2614 illis
412 2574 598 2625 quatuor
623 2569 914 2613 mediantibus
931 2602 941 2619 ,
971 2569 1023 2612 ad
1048 2569 1120 2612 illa
1152 2574 1339 2625 quatuor
1375 2580 1486 2624 quae,

234 2641 360 2685 nobis
396 2640 563 2684 confert
598 2641 642 2684 in
672 2640 817 2686 futuro
841 2639 978 2695 gratia
1003 2638 1324 2687 confirmatoris
1349 2641 1489 2685 nostri

233 2715 336 2765 Dei,
361 2717 604 2771 pertingere
622 2716 858 2772 possimus.
882 2714 1079 2758 Diximus
1106 2715 1308 2770 superius
1328 2716 1375 2758 in·
1398 2715 1489 2771 pri-

232 2801 318 2839 mo,
335 2802 461 2844 quem
484 2789 539 2832 de
561 2789 641 2835 hac
663 2789 846 2834 materia
859 2788 1107 2839 habuimus,
1123 2801 1339 2839 sermone,
1354 2801 1377 2831 a
1391 2801 1489 2845 gra·

232 2861 290 2903 tia
310 2861 647 2911 confirmatrice,
669 2868 853 2916 quatuor
874 2862 1001 2905 nobis
1025 2861 1067 2903 in
1094 2862 1239 2904 futuro
1262 2860 1489 2906 conferen-

232 2934 309 2977 da:
334 2935 566 2989 potentiam
590 2935 790 2978 videlicet
811 2967 822 2984 ‚
854 2935 1108 2990 sapientiam
1125 2967 1137 2985 ‚
1162 2935 1485 2990 benignitatem,

232 3014 272 3049 et
298 3008 579 3051 aeternitatem
605 3024 613 3050 z
638 3008 691 3051 ad
714 3021 809 3063 quac
825 3007 1019 3063 prolecto
1042 3014 1227 3063 quatuor
1250 3009 1485 3064 pertinges,

233 3080 269 3122 si
295 3080 385 3123 baec
413 3085 599 3135 quatuor
626 3091 720 3134 quae
740 3081 878 3135 gratia
901 3079 1108 3122 salvatrix
1126 3082 1320 3125 habenda
1343 3082 1484 3135 docet,

233 3152 512 3195 sobrietatem
540 3152 754 3202 videlicet,
777 3152 1006 3206 justitiam,
1028 3152 1228 3207 pietatem
1246 3160 1372 3210 atque
1388 3167 1487 3211 per-

232 3226 519 3269 severantiam
543 3224 770 3280 diligenter
797 3236 1015 3269 exerceas,
1041 3224 1146 3268 Nam
1178 3238 1254 3280 per
1278 3227 1488 3271 sobrieta-

232 3303 320 3341 tem
345 3302 561 3354 pertinges
585 3297 635 3339 ad
662 3297 897 3351 potentiam
912 3328 923 3348 ,
957 3296 1116 3352 dignus
1140 3299 1265 3353 plane
1287 3300 1486 3355 temetip·

233 3383 328 3414 sum
349 3370 405 3413 ibi
430 3371 473 3413 in
499 3371 695 3414 libertate
732 3371 977 3426 possidere,
1008 3371 1044 3414 si
1068 3371 1187 3426 ptius
1217 3371 1286 3414 iiic
1307 3376 1349 3415 te
1382 3373 1484 3415 etin

231 3454 416 3499 corpore
438 3448 481 3486 et
506 3444 550 3486 in
577 3449 719 3491 urente
750 3443 869 3485 l'reuo
895 3443 1115 3490 studueris
1139 3443 1387 3488 sobrietatis
1407 3455 1488 3499 gu-

231 3516 428 3560 bernare.
451 3515 533 3560 Per
551 3516 763 3571 justitiam
783 3516 1001 3571 pertinges
1027 3516 1079 3559 ad
1104 3516 1489 3574 benigititatem,.ut

231 3590 306 3645 qui
327 3589 370 3632 iu
392 3590 461 3633 via
480 3590 595 3645 quod
614 3601 745 3634 suum
761 3596 830 3632 est
849 3590 1084 3644 unicuique
1102 3589 1266 3641 reddis,
1287 3590 1330 3633 in
1349 3592 1489 3647 patria

233 3675 403 3719 ultroque
424 3675 522 3706 cum
557 3675 817 3719 unoquoque
841 3675 917 3718 per
942 3663 1213 3708 dilectionem
1235 3664 1422 3718 laeteris3
1446 3670 1490 3709 et

233 3736 512 3790 charitatem,
537 3749 664 3793 quam
690 3737 760 3779 hic
784 3749 884 3792 erga
917 3738 1160 3792 proximum
1186 3737 1403 3790 habuisti,
1429 3739 1489 3782 ibi

234 3821 333 3853 eum
355 3809 505 3853 eodem
528 3810 725 3864 proximo
748 3811 841 3854 sine
866 3810 1052 3855 termino
1085 3811 1238 3867 tinias;
1270 3811 1363 3854 sine
1384 3822 1490 3855 con-

235 3882 480 3938 sumptione
513 3894 804 3927 consummes.
848 3882 992 3928 Pietas
1015 3890 1117 3928 vero
1139 3882 1190 3927 ad
1211 3890 1414 3927 :eternam
1434 3891 1490 3928 vte

237 3953 444 4012 perducet
469 3955 743 4009 sapientiam,
767 3962 813 3997 ut
837 3955 910 4011 qui
938 3955 1006 3998 liic
1031 3955 1073 3998 in
1099 3954 1172 4003 Dei
1197 3957 1259 4003 tui
1281 3957 1488 4002 continuo

234 4027 442 4073 memoria
465 4027 772 4080 delectabaris,
799 4030 842 4072 in
867 4029 960 4084 eius
977 4029 1035 4072 ibi
1064 4031 1290 4086 praesentia
1306 4036 1490 4075 aeterna-

235 4099 335 4145 liter
356 4100 612 4152 laetiliceris‚
645 4102 870 4158 sapiatque
894 4103 939 4146 in
955 4110 1114 4151 aelerna
1151 4103 1211 4148 ibi
1236 4106 1380 4160 quiete
1411 4117 1491 4162 pcr

235 4173 458 4231 praemium
474 4203 485 4224 ,
510 4173 586 4229 qui
607 4174 719 4229 sapit
739 4175 819 4218 tibi
843 4176 888 4218 iu
913 4176 1138 4230 temporali
1158 4176 1230 4221 liic
1246 4176 1392 4221 labore
1413 4189 1492 4234 per

234 4249 453 4292 meritum.
480 4244 526 4289 Si
556 4258 822 4302 perseveres.
847 4248 1072 4303 pervenies
1108 4248 1162 4291 ad
1184 4251 1486 4303 aeternitatem.

235 4327 283 4363 ut
304 4320 450 4364 sobrie
465 4352 476 4371 ,
500 4319 634 4374 juste,
654 4319 744 4383 pie,
765 4320 916 4364 vivens
941 4320 985 4364 in
1009 4319 1090 4363 boc
1113 4322 1294 4375 saecula,
1328 4336 1479 4381 exspe-

1570 1255 1903 1299 Filium.Tertia
1926 1255 2244 1301 confirmatoris
2275 1260 2415 1300 nostri
2440 1258 2539 1309 Dei,
2564 1263 2607 1303 et
2640 1266 2709 1303 est
2727 1250 2829 1309 sind
2847 1270 2849 1299 ῑ

1571 1327 1654 1371 tine
1672 1360 1683 1378 ‚
1709 1329 1898 1372 attinens
1930 1328 1983 1372 ad
2009 1327 2216 1384 Spiritum
2256 1336 2470 1374 sanctum.
2504 1330 2648 1379 Prima
2677 1333 2830 1388 itaquo

1569 1405 1783 1455 creatrix,
1818 1405 2011 1452 secunda
2060 1405 2292 1456 salvatrix,
2330 1406 2458 1450 tertia
2509 1396 2842 1467 conlirmatrixa>

1570 1478 1715 1522 Prima
1737 1479 1829 1522 brec
1848 1484 1967 1521 tanta
1994 1479 2120 1522 nobis
2135 1481 2319 1523 contulit
2338 1512 2349 1528 ,
2376 1482 2610 1525 essentiam
2631 1488 2682 1526 ut
2704 1495 2851 1531 esse-2

1569 1563 1693 1605 mus;
1718 1550 1774 1595 ad
1796 1552 2024 1607 imaginem
2044 1561 2085 1596 et
2108 1554 2434 1598 similitudinem
2456 1554 2548 1605 Dei,
2573 1563 2621 1600 ut
2641 1556 2845 1615 sublime·

1568 1623 1676 1678 quid
1709 1635 1939 1667 essemus:
1983 1625 2217 1679 potentiam
2239 1656 2250 1675 ‚
2276 1631 2325 1668 ut
2372 1626 2578 1680 subiectae
2614 1634 2825 1682 creatur‘⁴

1568 1707 1871 1750 praeessemuS.
1911 1694 2031 1739 Hanc
2059 1703 2201 1740 autem
2226 1697 2271 1741 in
2294 1697 2466 1741 bomine
2487 1699 2668 1754 gratiam
2697 1711 2750 1744 cu
2780 1722 2787 1733 ο

1569 1768 1835 1820 obscuravit,
1854 1767 1909 1810 ad
1933 1769 2023 1811 liaec
2045 1779 2231 1824 quatuor
2253 1771 2366 1814 mala
2400 1771 2644 1827 perducens
2661 1805 2671 1822 ‚
2695 1772 2825 1828 igno-

1570 1843 1754 1886 rantiam
1769 1875 1780 1892 ‚
1811 1842 2038 1895 desidiam,
2061 1844 2287 1895 malitiam,
2311 1844 2647 1888 damnationem,
2667 1844 2720 1888 Et
2731 1851 2842 1890 erat

1567 1913 1811 1970 ignorantia
1849 1925 2106 1968 excaecans;
2137 1914 2303 1959 desidia
2337 1927 2361 1958 a
2392 1915 2626 1961 virtutibus
2661 1917 2835 1964 abetm·'

1569 1987 1708 2031 bens:
1751 1987 1912 2031 malitia
1951 1988 2002 2031 ad
2042 1992 2217 2043 peccata
2257 1988 2474 2042 alliciens;
2520 1989 2755 2035 damnatio·
2778 1992 2824 2035 in

1569 2066 1777 2107 aeternum
1805 2059 2010 2118 affligens.
2039 2060 2194 2117 Sicque
2223 2060 2364 2104 sactus
2378 2069 2448 2106 est
2462 2063 2594 2111 ¹bomo
2616 2063 2826 2120 caligino-

1569 2146 1645 2182 sus
1664 2146 1738 2190 per
1764 2146 1960 2182 errorem
1972 2134 2241 2190 ignorantiae,
2266 2135 2511 2183 desidiosus
2533 2147 2608 2192 per
2630 2141 2824 2192 teporem

1571 2207 1855 2263 negligentiae,
1883 2208 2124 2251 malitiosus
2146 2220 2222 2264 per
2254 2209 2424 2253 sor-dem
2449 2197 2677 2265 nequitiae,
2703 2209 2826 2253 dam-

1535 2293 1548 2309 ¹
1572 2288 1700 2324 natus
1720 2293 1795 2336 per
1819 2281 2040 2325 horrorem
2067 2293 2220 2337 poenae.
2243 2281 2370 2327 Venit
2397 2281 2595 2327 Salvator
2620 2283 2825 2341 praedica-

1571 2354 1631 2396 vit
1659 2365 1784 2404 vera,
1815 2355 2063 2410 reprobavit
2099 2355 2242 2407 mala,
2278 2356 2407 2411 elegit
2424 2356 2563 2406 bona,
2594 2363 2636 2401 et
2670 2357 2824 2402 mortis

1570 2426 1747 2480 pertulit
1781 2438 1934 2482 aspera
1965 2442 1973 2469 z
2002 2427 2149 2483 sicque
2178 2429 2315 2483 gratia
2341 2429 2548 2472 salvatrixv
2570 2430 2824 2475 illuminavit

1576 2497 1795 2541 hominem
1834 2509 1995 2540 caecum
2034 2509 2111 2552 per
2140 2498 2333 2542 veritatis
2355 2499 2702 2555 praedicationem
2738 2502 2824 2546 eri-

1569 2570 1691 2625 piens
1707 2582 1806 2614 eum
1835 2572 1888 2613 ab
1910 2570 2074 2614 erroris
2096 2571 2280 2627 caligine
2299 2587 2310 2614 ε
2331 2571 2583 2616 emundavit
2608 2573 2823 2629 pollutum

1569 2656 1647 2700 per
1670 2644 1894 2700 pravitatis
1917 2644 2268 2700 reprobationem
2288 2676 2307 2694 ..
2325 2645 2507 2690 abluens
2529 2659 2627 2690 eum
2646 2659 2670 2690 a
2696 2648 2824 2692 sorde

1568 2719 1772 2764 malitiae:
1799 2721 2024 2763 exornavit
2050 2719 2321 2763 desidiosum.
2352 2731 2429 2775 per
2448 2719 2624 2764 virtutis
2648 2720 2824 2764 electio-

1568 2804 1667 2836 nem
1684 2824 1695 2843 ,
1721 2792 1890 2848 erigens
1912 2805 2008 2835 eum
2031 2804 2055 2834 a
2078 2800 2225 2847 tepore
2246 2791 2516 2847 negligentiae
2536 2809 2548 2836 :
2569 2793 2824 2836 reconcilia-

1568 2866 1630 2910 vit
1653 2878 1774 2911 reum
1804 2878 1879 2922 per
1903 2869 2054 2910 mortis
2077 2866 2321 2922 passionem
2355 2865 2589 2909 extrahens
2620 2866 2760 2922 ipsum
2796 2877 2822 2908 a
2858 2900 2862 2909 .
2919 2886 2924 2901 ·

1574 2936 1854 2983 damnatione
1892 2937 2111 2992 gehennae.
2155 2936 2301 2981 Primo
2337 2949 2442 2992 ergo
2486 2935 2684 2981 Salvator
2719 2949 2830 2982 vera,
2919 2991 2924 3009 Ι

1569 3011 1824 3068 praedicans‚
1841 3024 1999 3055 caecum
2026 3011 2298 3065 illuminavit;
2319 3010 2510 3055 secundo
2536 3012 2648 3058 nlalu
2671 3023 2822 3068 repro·
2859 3012 2861 3020 '

1566 3087 1676 3129 bans
1698 3085 1904 3142 pollutum
1932 3085 2155 3129 mundavit
2172 3100 2182 3138 ;
2202 3085 2331 3128 tertio
2363 3084 2478 3128 bona
2505 3096 2711 3129 exercens
2738 3097 2842 3139 nrt-7
2917 3072 2921 3088 ²

1567 3159 1714 3202 datum
1737 3159 1927 3203 ornavit:
1953 3165 2108 3214 quarto
2126 3159 2170 3202 in
2188 3170 2317 3202 cruce
2338 3159 2529 3203 moriens
2545 3170 2664 3202 reum
2683 3155 2820 3214 judici
2839 3155 2850 3217 {3

1566 3231 1879 3277 reconciliavit.
1898 3230 2204 3275 Confirmatrix
2238 3243 2339 3274 vero
2361 3232 2498 3287 gratia
2523 3231 2614 3277 baec
2633 3237 2821 3294 quatuor
2832 3236 2855 3275 a
2915 3225 2921 3235 '

1510 3332 1545 3375 n
1568 3304 1735 3348 confert
1763 3306 1918 3349 nobis?
1953 3306 2214 3361 potentiam,
2256 3306 2540 3358 sapientiam,
2578 3298 2860 3367 benignita-23¹¹

1570 3386 1678 3430 tem,
1712 3381 2020 3433 aeternitatem,
2052 3379 2235 3436 primam
2270 3390 2295 3421 a
2336 3377 2487 3430 Patre,
2532 3379 2765 3425 secundam
2794 3372 2859 3437 ιζ
2913 3383 2915 3394 ’

1570 3451 1706 3503 Filio,
1744 3453 1917 3496 tertiam
1960 3464 1983 3494 a
2009 3450 2171 3507 Spiritu
2206 3457 2382 3503 sancto,
2409 3456 2608 3507 quartam
2650 3451 2704 3499 ab
2726 3435 2860 3533 ipsa}
2912 3495 2921 3514 ,

1572 3522 1781 3567 Trinitate
1797 3556 1809 3575 ‚
1834 3531 1881 3567 ut
1921 3524 1977 3569 sit
2000 3522 2113 3568 Deus
2147 3526 2293 3568 omnia
2316 3524 2362 3568 in
2387 3524 2604 3569 omnibus,
2632 3520 2820 3589 Primam
2835 3527 2856 3587 §js
2912 3518 2915 3530 ¹

1569 3595 1781 3640 habemus
1802 3595 1845 3641 in
1876 3595 2001 3639 nobis
2024 3595 2152 3652 ipsis,
2178 3596 2410 3641 secundam
2434 3597 2478 3642 in
2502 3594 2618 3649 Deo,
2644 3596 2818 3659 tertiam
2843 3589 2850 3618 '¹
2912 3603 2919 3629 ῑ

1569 3668 1615 3711 in
1639 3667 1844 3714 invicem,
1866 3674 2059 3722 quartam
2091 3666 2297 3711 denarius
2321 3668 2394 3712 ille
2413 3671 2497 3720 est,
2523 3664 2650 3725 quem
2668 3655 2857 3727 omnes(
2915 3664 2917 3669 ’

1569 3741 1700 3785 simul
1739 3739 2029 3784 indifferenter
2052 3741 2298 3794 habebunt,
2321 3743 2398 3798 qui
2429 3741 2719 3801 indifferenter
2748 3748 2834 3786 ta-·
2912 3738 2920 3793 ’,

1571 3826 1670 3859 men
1693 3816 1739 3859 in
1761 3815 1885 3859 vinea
1907 3827 1994 3857 non
2019 3814 2287 3859 laborarunt.
2324 3814 2567 3860 Poterimus
2595 3807 2697 3873 ergo
2722 3816 2818 3860 sine
2912 3861 2913 3874 ¹

1569 3886 1790 3931 debilitate
1808 3919 1820 3941 ,
1845 3886 2031 3933 sciemus
2055 3886 2149 3932 sine
2170 3899 2334 3939 errore,
2359 3887 2602 3948 amabimus
2624 3888 2718 3932 siue
2749 3886 2819 3931 ol·
2846 3901 2851 3908 ³
2912 3887 2915 3950 f

1570 3960 1764 4006 sensione
1781 3993 1795 4012 ,
1836 3960 2184 4016 permanebimus
2207 3961 2301 4005 siue
2322 3960 2408 4005 ulla
2428 3960 2473 4006 in
2497 3967 2704 4004 aeternum
2742 3949 2853 4006 dte-⁴

1570 4034 1770 4080 sectione.
1809 4033 2021 4077 Salvatrix
2043 4046 2124 4078 nos
2156 4033 2294 4090 gratia
2324 4033 2488 4084 erudit,
2524 4038 2572 4077 ut
2598 4033 2816 4090 abnegan-

1568 4114 1635 4154 tes
1663 4107 1926 4163 impietatem
1951 4112 1997 4150 et
2030 4105 2256 4151 saeeularia
2289 4104 2504 4150 desideria
2532 4105 2676 4150 sobrie
2697 4098 2814 4169 J'us'te

1567 4187 1612 4226 et
1635 4181 1704 4236 pie
1723 4181 1921 4224 vivamus
1939 4180 1984 4223 in
2011 4176 2095 4235 hoc
2113 4179 2298 4231 saeculo,
2320 4172 2620 4234 exspectantes
2642 4177 2813 4222 beatam

1569 4264 1707 4311 spem,
1730 4258 1773 4296 et
1794 4250 2026 4296 adventum
2044 4251 2192 4308 gloriae
2209 4251 2353 4309 magni
2376 4250 2469 4295 Dei.
2497 4249 2650 4295 Sobrie
2668 4249 2809 4300 nobis.

1568 4331 1616 4371 ut
1637 4324 1929 4384 pertingamus
1944 4323 2001 4369 ad
2013 4324 2250 4393 potentiam
2262 4338 2276 4380 ;
2289 4324 2407 4382 juste
2433 4325 2631 4381 proximo
2641 4357 2662 4382 ,,
2692 4328 2742 4379 ut
2757 4322 2810 4368 ad
