2924 4588
118 170 206 218 9⁸25·

1008 163 1012 169 ’
1036 168 1340 222 ramum&
1371 200 1426 208 —-
1454 173 1596 238 PARS
1622 165 1747 220 xvii.

2581 178 2664 223 926

119 263 359 307 llildericus
396 275 466 308 rex
504 261 683 322 ignarus
714 272 756 307 et
793 263 971 314 inutilis,
998 275 1049 308 ex
1079 265 1352 322 antiquorum
1377 271 1412 314 Α
1434 265 1521 311 Rex
1547 272 1690 309 tamen
1719 255 1935 310 iliidricus
1954 278 2113 311 vacuus
2139 265 2317 323 vilisque
2340 266 2523 318 sederet,

119 347 262 392 regum
291 333 554 380 Franeorum
585 337 845 392 genealogia,
866 336 939 392 qui
952 347 1074 392 reges
1091 349 1115 379 a
1133 337 1348 388 Miroraeo,

119 409 204 452 tilio
227 407 380 459 Clodii,
420 421 583 454 omnes
608 409 792 452 Mirovaei
834 407 1003 452 fuerant
1037 410 1253 465 appellati,
1277 410 1351 466 qui

116 479 245 523 etiam
273 479 400 524 inane
429 481 542 536 regis
584 493 738 524 nomen
775 481 1002 524 habebant.
1039 479 1213 525 lieven-si
1253 489 1354 525 sunt

119 551 247 606 igitur
266 549 406 608 Pipini
424 544 481 595 ab
504 550 617 595 Urbe
639 552 784 608 legati,
808 558 850 595 et
870 551 1153 596 omnisGallia
1172 554 1353 599 consilio
1422 560 1425 563 ’

117 635 236 680 papie
260 622 479 668 Zachariae
500 625 682 669 libenter
705 625 938 670 consensit.

407 711 586 769 Pr'pimts
609 715 657 770 fit
683 726 754 758 rex
776 714 1053 760 Francorum.

169 801 293 844 Annn
322 800 451 858 igitur
472 802 527 846 ab
547 800 762 847 lucar-nat.
788 802 955 846 Domini
978 804 1074 856 752,
1098 804 1354 849 auctoritate

118 885 235 928 papae
256 872 490 925 Zachariae,
513 874 692 931 pipinus
715 887 738 918 a
763 875 983 919 Bonifacio
1015 876 1264 931 Moguntino
1283 889 1354 920 ar-

87 942 91 948 “
116 944 405 1001 chiepiscopo,
444 944 626 1002 aliisque
658 947 778 1003 regni
804 947 1094 1003 principibus,
1118 948 1160 991 in
1182 948 1354 992 civitate

117 1012 365 1069 Suessiona,
387 1019 431 1062 in
454 1031 633 1075 regnum
656 1019 842 1074 eligitur.
865 1019 1069 1075 Sequenti
1088 1033 1219 1071 anno,
1242 1033 1353 1077 papa

115 1086 323 1132 Zacharia
358 1089 577 1142 defuncto,
602 1089 845 1146 Stephanus
869 1103 977 1147 papa
1015 1093 1241 1136 suecessit.
1270 1091 1353 1143 Qui

115 1174 212 1205 curn
236 1161 290 1206 ab
310 1161 566 1219 Agistulpho
596 1176 693 1219 rege
716 1162 1053 1207 Lonibardorum
1084 1166 1219 1208 multa
1241 1165 1353 1208 mala

115 1222 348 1291 pateretur,
373 1234 524 1292 Pipino
542 1249 566 1280 a
591 1237 736 1292 praelio
759 1237 976 1280 Saxonum
1001 1238 1258 1287 revertenti,
1280 1237 1351 1280 uhi

115 1309 242 1352 ctiam
263 1307 316 1352 de
337 1316 474 1354 morte
497 1309 645 1354 fratris
675 1308 742 1353 sui
762 1309 991 1365 Griphonis
1014 1310 1212 1352 nuntium
1235 1322 1350 1352 rece·
1377 1336 1412 1379 B
1432 1343 1485 1386 Hi

113 1380 193 1437 pit,
219 1382 411 1426 occurrit
435 1382 479 1426 in
501 1382 619 1434 villa,
644 1395 740 1438 quae
762 1382 920 1425 dieitur
952 1381 1162 1434 Carisius,
1197 1394 1354 1438 rogans

113 1465 211 1496 eum
233 1459 280 1497 ut
307 1452 510 1500 Ecclesiae
532 1454 735 1499 Romana}
752 1462 990 1500 succurrat.
1013 1455 1175 1500 Caetera
1204 1468 1353 1500 versus

113 1525 300 1572 habent:

112 1631 358 1676 DrGotlu's
374 1665 387 1684 ,
432 1640 471 1683 et
519 1633 568 1676 de
608 1633 874 1686 Lamban-dis,
921 1647 946 1678 α
989 1635 1136 1690 quibus
1178 1636 1352 1691 pipinus

167 1686 397 1733 Ecclesiam
415 1689 662 1742 Romanam,
689 1699 727 1733 et
752 1698 881 1734 totam
901 1690 1072 1734 Italiam
1094 1691 1297 1735 liberavit.

114 1776 247 1824 Marte
268 1779 388 1835 prius
410 1777 560 1823 Gothis
586 1780 736 1835 procul
760 1792 784 1823 a
805 1777 980 1836 regione
998 1782 1194 1833 remotis,

112 1849 226 1895 Gens
243 1852 358 1895 venit
381 1850 652 1903 Hunnorum,
678 1852 881 1909 Ligurum
905 1854 1122 1897 contraria
1139 1854 1269 1906 votis,

166 1923 375 1968 Omnibus
391 1923 548 1981 Italicis
570 1925 811 1980 perniciosa
827 1925 950 1970 locis.

112 1995 211 2040 llaec
235 2009 339 2053 gens
360 1997 472 2040 bella
488 2008 642 2053 gerens
666 1997 768 2040 dum
788 1996 966 2040 dimicat
988 1996 1112 2040 hoste
1143 1995 1349 2048 minante,

112 2065 286 2112 Femina
308 2069 538 2125 pugnando
553 2070 695 2114 crines
713 2070 795 2113 sihi
815 2070 996 2125 porrigit
1017 2078 1130 2122 ante,

166 2140 388 2197 Bai-baque
406 2143 598 2193 mentita,
627 2142 811 2197 pendula
842 2142 996 2198 pendet
1020 2142 1094 2184 ita.

113 2212 321 2259 Mirantur
337 2213 517 2271 Ligures
536 2216 686 2270 longas
707 2214 787 2257 sub
804 2207 978 2269 pectore
1001 2214 1178 2266 barbas,

111 2288 306 2344 Cumque
346 2286 493 2331 vident
536 2286 695 2330 barbas
716 2318 727 2337 ,
773 2291 968 2328 metuunt
995 2317 1007 2336 ,
1047 2286 1170 2341 quasi
1215 2282 1357 2328 bestia

1170 2359 1329 2416 [larvas
1340 2393 1351 2414 ,
1377 2396 1410 2443 C

165 2435 279 2481 Gens
298 2434 505 2492 Ligurum
527 2435 686 2486 timuit,
711 2435 858 2486 cessit,
882 2440 924 2479 et
944 2446 1061 2477 arma
1081 2433 1213 2478 dedit.

114 2511 187 2554 Sic
202 2508 492 2566 'Langobarda
511 2509 667 2556 meruit
693 2508 886 2564 gensffla
912 2507 1076 2558 vocari,

110 2582 212 2627 Nisa
237 2596 365 2639 super
386 2582 567 2638 Ligures
589 2582 671 2626 hoc
694 2581 866 2637 ingenio
887 2579 1117 2631 dominari,

166 2645 280 2701 'Vicit
307 2663 350 2700 et
370 2656 584 2713 Apuliam,
613 2655 772 2705 littore,
791 2666 909 2705 rure,
932 2653 1058 2696 mari.

112 2727 203 2773 Rex
227 2728 493 2774 Lonibardus
511 2718 604 2771 erat
639 2726 896 2782 Luprandus
920 2726 963 2768 in
987 2725 1093 2769 urbe
1110 2724 1260 2780 Papia,

114 2801 194 2855 Qui
211 2799 620 2857 gravatEcclesiam‚
636 2791 813 2858 Romam
832 2789 986 2854 premit
1001 2784 1134 2853 usque
1147 2797 1336 2840 Sutrium

169 2874 255 2918 Nec
278 2875 438 2930 patitur
457 2871 639 2928 patriam
658 2859 778 2927 pacis
799 2870 956 2914 hahere
976 2870 1106 2914 viam.

79 2981 82 2983 v
114 2948 512 3004 Papa.coarctatur.
536 2945 622 2990 Leo
649 2944 793 2989 Caesar
815 2945 869 2988 ad
892 2945 973 2988 ista
997 2949 1202 2995 vocatum

117 3023 223 3079 Spes
247 3022 306 3064 ihi
329 3020 446 3064 nulla
477 3019 620 3070 datur,
644 3030 719 3062 rex
736 3017 1000 3061 Francorum
1026 3016 1255 3072 rogitatur,

172 3093 255 3139 Sed
273 3106 413 3152 neque
433 3106 506 3137 rex
525 3093 658 3145 venit,
677 3104 776 3135 cum
800 3091 912 3136 foret
937 3091 1085 3134 umbra
1107 3097 1251 3147 capnt.

0 3171 3 3182 '
68 3222 76 3227 Π
115 3168 358 3213 llilderieus
375 3174 478 3211 tunc
503 3167 684 3223 ignavus
708 3177 915 3222 regnasse
938 3165 1123 3215 videtur,

0 3234 4 3240 ’
116 3241 196 3294 Qui
213 3253 351 3297 neque
370 3239 636 3284 Francorum
659 3251 835 3294 regnum
855 3239 1011 3282 virtute
1033 3243 1194 3288 tuetur,

170 3314 258 3358 Nec
276 3314 384 3358 bene
399 3313 566 3368 regales
581 3312 702 3355 novit
721 3311 876 3355 habere
899 3310 1027 3354 lares.

87 3373 292 3442 *pipinus
315 3386 401 3430 dux
418 3385 683 3430 Francorum
706 3395 784 3428 sua
807 3395 942 3439 regna
966 3383 1081 3426 tueri

116 3460 265 3512 Curat,
286 3465 329 3504 et
352 3460 443 3515 ipse
465 3457 761 3512 domusmaJor
785 3462 986 3500 censetur
1005 3455 1171 3506 haberi,

172 3534 263 3578 Rex
286 3540 328 3577 ct
345 3533 552 3590 patricius
573 3531 647 3588 qui
671 3531 758 3575 cito
782 3543 964 3586 magnus
985 3531 1082 3573 erit.

91 3651 94 3652 a
116 3604 295 3662 l‘ipinus
318 3606 406 3648 dux
431 3603 698 3647 Francorum
717 3609 821 3647 tunc
841 3614 973 3659 regna
993 3601 1185 3657 regebat,

95 3677 99 3680 ⁴
117 3676 245 3735 Regis
267 3683 311 3722 et
331 3677 515 3722 officium
533 3677 657 3733 plene
675 3675 757 3722 sub
773 3672 879 3731 *rege
895 3675 1083 3725 tenebat,

173 3750 260 3794 Rex
285 3750 344 3794 ihi
370 3755 475 3794 tunc
496 3760 633 3793 vacuo
656 3749 831 3793 nomine
853 3747 956 3791 vilis
969 3748 1080 3790 erat.

119 3820 273 3866 Coram
298 3820 565 3877 principibus
584 3820 687 3865 dum
716 3832 792 3864 rex
815 3818 858 3863 in
890 3819 991 3864 sede
1013 3817 1197 3867 sederet,

120 3892 184 3936 Nil
209 3893 562 3950 ihisspraecipereh
588 3893 674 3938 nisi
691 3894 777 3937 dux
795 3892 919 3949 prius
939 3891 1209 3946 illejuberet,

175 3966 295 4017 lura,
317 3972 594 4021 potestatem,
617 3967 703 4010 dux
726 3972 818 4010 erat
836 3965 929 4021 ipse
950 3976 1120 4020 gerens.

122 4038 212 4084 Rex
235 4046 328 4083 erat
344 4039 579 4092 Hildricus,
602 4040 675 4097 qui
697 4045 802 4083 tunc
825 4050 1031 4095 regnasse
1049 4035 1240 4094 putatur,

124 4109 284 4156 Umbra
308 4111 389 4156 fuit
408 4111 537 4169 regis,
563 4125 648 4157 non
670 4125 761 4164 rex,
783 4113 819 4156 si
839 4113 938 4168 jure
966 4118 1155 4160 notatur,

178 4173 360 4230 Francia
382 4185 419 4230 si
442 4185 597 4241 poterit
613 4198 699 4229 non
723 4185 804 4229 erit
827 4185 977 4227 umbra
997 4189 1140 4238 caput.

126 4256 245 4312 Tunc
266 4269 344 4301 rex
361 4257 618 4313 Lupi-andus
640 4257 845 4313 regnabat
866 4258 908 4299 in
936 4256 1042 4299 urbe
1063 4254 1211 4310 Papia,

127 4324 339 4386 Oppi-imit
355 4335 398 4374 et
420 4329 619 4381 Romam,
642 4330 772 4374 simul
793 4333 834 4373 et
858 4340 1012 4383 papam
1038 4326 1288 4368 Zachariam

183 4402 234 4443 Et
254 4403 383 4446 nimis
408 4402 643 4446 Ecclesiam
670 4402 848 4458 perdere
867 4411 1036 4455 semper
1054 4399 1160 4442 hiat.

131 4469 235 4519 Dum
261 4475 447 4530 regimen
474 4475 589 4531 regni
609 4474 872 4518 Francorum
897 4472 1043 4518 Nerius
1059 4463 1256 4520 haberet,

1489 340 1637 384 Nanus
1658 340 1892 401 apostolico
1916 340 2147 396 scripserat
2172 340 2254 383 ista
2281 339 2422 385 serens
2449 355 2461 384 :

1437 428 1452 454 ‹
1491 410 1534 456 Si
1559 413 1680 467 cupis
1694 411 1907 465 Ecclesias
1932 413 2048 468 regni
2075 412 2231 464 virtute
2252 411 2413 468 juvari,

1432 483 1662 540 praecipias
1679 495 1819 538 regem
1842 483 2028 526 validum
2053 481 2290 539 fortemque
2310 483 2460 535 levari,

1487 555 1636 604 Robur
1655 554 1706 597 ad
1730 554 1821 597 haec
1844 554 1992 609 patriae
2013 566 2094 598 nos
2113 554 2363 606 retinemus,
2382 554 2470 607 ait;

1431 624 1536 668 Nam
1562 638 1636 669 rex
1651 624 1882 676 Bildricus,
1907 626 1976 667 cui
1994 637 2150 669 nomen
2171 624 2352 670 Francia
2374 632 2564 682 praestat,

1431 695 1518 739 Res
1539 695 1662 750 quasi
1688 695 1872 747 funesta,
1897 696 1965 739 cui
1989 708 2075 739 nun
2093 695 2219 739 datur
2241 697 2324 742 ulla
2350 702 2554 752 potestas,

1485 765 1654 810 Nudum
1671 779 1827 811 nomen
1851 766 1990 818 hahet,
2016 767 2089 811 sed
2107 768 2210 810 mihi
2233 773 2345 812 terra
2375 761 2502 812 favet.

1434 838 1600 891 Scribe,
1629 837 1770 891 Pater,
1790 837 1985 893 Francis,
2018 844 2126 895 pete,
2152 851 2331 897 suggere
2347 841 2529 898 praeeipe
2549 852 2667 885 aetn—

2554 912 2667 972 [90¹⁸-

1434 983 1488 1028 Ut
1514 983 1671 1027 saciant
1692 997 1832 1040 regem
1858 986 1994 1041 patria
2019 986 2243 1043 gladioque
2260 992 2494 1042 potentem,

1488 1055 1594 1098 Nam
1616 1056 1725 1098 nihil
1746 1054 1891 1099 auxilii
1920 1056 2127 1113 principis
2147 1057 2297 1100 umbra
2314 1057 2431 1101 faciti
2463 1077 2479 1100 ι

1433 1127 1595 1171 Littera
1617 1128 1781 1183 papalis
1803 1122 1983 1173 Francis
1999 1130 2275 1174 celeberrima
2295 1130 2430 1183 venit,

1433 1199 1622 1255 Erigitur
1644 1200 1814 1253 solium,
1838 1197 1990 1256 Pipino
2011 1202 2145 1258 gloria
2165 1201 2296 1247 cedit.

1487 1271 1654 1328 Quippe
1677 1272 1757 1315 sihi
1779 1285 1958 1329 regnum
1980 1272 2163 1317 Francia
2182 1272 2271 1318 tota
2293 1273 2427 1320 dedit.

1491 1343 1676 1387 hiericus
1695 1343 1834 1388 iactus
1855 1346 2109 1397 monachus,
2141 1354 2271 1403 caput
2293 1359 2386 1405 ipse
2408 1347 2612 1402 totondit,

1435 1411 1576 1468 Seque
1601 1413 1863 1458 monasterio
1883 1415 1964 1459 sub
1982 1415 2186 1472 religione
2207 1421 2417 1470 recondit,

1491 1484 1565 1529 Sic
1587 1485 1756 1530 fortuna
1781 1482 1884 1537 fuit,
1899 1487 1964 1531 sic
1986 1494 2081 1532 rota
2105 1502 2229 1533 versa
2251 1493 2352 1534 ruit,

1436 1559 1544 1603 Sede
1568 1550 1817 1617 Mogentina
1848 1573 1989 1618 regem
2009 1556 2258 1607 Bonifacius
2281 1563 2418 1620 ungit,

1436 1629 1564 1687 Regis
1586 1632 1637 1675 ad
1663 1634 1920 1693 obsequium·
1936 1647 1982 1678 se
2004 1633 2186 1679 Francia
2210 1636 2378 1680 subdita
2397 1637 2552 1694 J'ungit,

1487 1703 1551 1746 Aa
1575 1716 1718 1761 regem
1738 1704 1906 1748 Nanum
1926 1706 2038 1751 cedit
2060 1700 2217 1764 ubique
2238 1709 2371 1753 salus.

1435 1773 1508 1819 Sic
1539 1778 1751 1832 probitate
1774 1792 1851 1822 sua
1875 1791 2054 1836 regnum
2077 1779 2257 1836 Pipinus
2281 1781 2450 1837 adegit,

1433 1846 1624 1904 Corpore
1641 1849 1715 1905 qui
1739 1850 1944 1895 minimus
1970 1863 2041 1896 res
2063 1851 2116 1894 ad
2142 1852 2319 1897 meliora
2342 1853 2521 1911 redegit,

1489 1920 1542 1963 Et
1564 1923 1717 1966 melius
1740 1923 1917 1979 reliqu-is
1938 1923 2111 1967 subdita
2133 1936 2263 1980 regna
2283 1922 2407 1982 regit.
2444 1943 2448 1946 ·

1434 1993 1537 2050 Ejus
1561 2007 1719 2051 sponsa
1736 1983 1816 2039 suit
1834 1996 2006 2053 grandis
2025 1997 2130 2053 pede
2151 1997 2322 2042 nomine
2338 1997 2510 2048 Bertha.
2570 2040 2572 2043 ,

1438 2066 1560 2111 Venit
1584 2067 1638 2111 ah
1657 2066 1862 2125 Ungaria‚
1883 2070 1958 2114 sed
1976 2069 2121 2113 Graeca
2138 2074 2277 2113 matre
2296 2059 2499 2125 reperta,-

1489 2136 1673 2185 Caesaris
1696 2141 1881 2185 Heraclii
1902 2142 1987 2185 filia
2010 2139 2193 2199 namque
2215 2141 2311 2186 fuit.

1436 2212 1497 2255 Ex
1522 2213 1603 2256 hac
1627 2217 1806 2257 mistura
1831 2214 1877 2256 fit
1899 2224 2067 2258 summa
2084 2226 2243 2258 corona
2267 2213 2430 2263 futura,

1435 2284 1616 2330 Carolus
1638 2292 1703 2329 est
1721 2286 1897 2342 Magnus
1921 2298 2047 2342 quem
2072 2285 2196 2329 Berta
2221 2284 2300 2328 suit
2328 2279 2536 2341 paritura,

1495 2358 1678 2416 Scripsit
1702 2359 1792 2404 visa
1823 2358 1944 2416 prius
1958 2359 2155 2415 jungitur
2177 2363 2270 2403 arte
2292 2370 2387 2403 sua.

1919 2431 2181 2476 Chronicum.

1497 2507 1725 2564 Troj‘anam
1769 2507 2043 2563 propaginem
2092 2505 2138 2549 iu
2191 2503 2278 2548 duo
2331 2515 2487 2560 genera
2532 2516 2677 2559 regum

1436 2584 1652 2641 quondam
1674 2582 1808 2625 fuisse
1834 2581 2035 2630 divisam,
2065 2577 2108 2621 id
2139 2582 2207 2622 est
2238 2578 2282 2620 in
2303 2576 2484 2619 AEneam
2507 2583 2548 2620 et
2563 2575 2683 2619 Pria-

1437 2671 1553 2702 mum
1574 2656 1806 2713 iuniorem.
1826 2653 1988 2714 AEneas
2000 2652 2116 2696 venit
2134 2652 2178 2694 in
2190 2650 2371 2702 ltaliam,
2386 2662 2515 2706 aquo
2530 2661 2679 2694 omnes

1435 2729 1619 2774 Romani
1660 2739 1784 2783 reges
1801 2733 1865 2776 ‘ct
1900 2725 2182 2780 imperatores
2223 2722 2433 2766 exierunt.
2481 2720 2677 2764 Priamus

1436 2816 1539 2848 vero
1561 2784 1719 2858 iunior
1734 2800 1825 2843 ivit·
1846 2799 1889 2842 in
1912 2797 2201 2847 Germaniam,
2224 2808 2246 2837 a
2269 2808 2354 2851 que
2391 2795 2555 2837 omnes'
2570 2791 2677 2836 Ger·

1438 2860 1579 2925 mani,
1611 2874 1701 2917 sive
1728 2862 1983 2916 ‘theutonici
2008 2881 2130 2926 reges
2153 2869 2245 2911 nati
2269 2873 2386 2911 sunt.
2419 2867 2514 2911 lstae
2537 2868 2680 2921 itaque

1439 2947 1533 2991 duae
1555 2946 1798 3003 progenies,
1822 2957 1845 2987 a
1871 2943 2002 2999 'rr0Ja
2037 2943 2273 2994 venientes,
2303 2941 2348 2984 in
2381 2951 2513 2983 unum
2545 2931 2679 2981 Caro-

1439 3024 1528 3067 lum
1582 3022 1780 3076 Magnum
1840 3021 2105 3062 concurrunt
2130 3047 2141 3067 ‚
2187 3021 2284 3059 cum
2345 3013 2401 3058 sit
2446 3010 2679 3080 Theutoni:

1441 3109 1519 3140 cus
1562 3101 1682 3151 patre
1697 3127 1708 3146 ,
1754 3099 1796 3135 et
1828 3090 2050 3135 Romanus
2125 3089 2216 3132 sive
2239 3083 2241 3085 ’
2261 3085 2435 3130 Graecus
2476 3096 2499 3126 a
2545 3088 2680 3151 matre

1442 3169 1583 3212 Berta.

1910 3236 2050 3291 Pipini
2080 3237 2212 3290 origo.

1441 3314 1487 3357 In
1509 3314 1593 3356 duo
1616 3313 1750 3355 divisa
1775 3311 1960 3365 Troiana
1984 3320 2173 3364 propago
2196 3310 2408 3361 parentes,
2460 3328 2462 3331 -

1443 3387 1465 3430 J
1472 3387 1644 3443 ungitur
1665 3385 1707 3427 in
1727 3384 1861 3426 Bertae
1875 3380 2016 3437 Pipini
2041 3380 2204 3423 semine
2227 3381 2376 3419 ventre
2394 3385 2404 3396 ·
2425 3383 2428 3386 ’

1385 3468 1420 3509 D
1501 3457 1673 3501 Semine
1694 3455 1836 3511 Pipini
1857 3453 1985 3508 Troja
2007 3451 2051 3493 fit
2073 3461 2158 3492 una
2184 3448 2282 3492 sibi.

1445 3529 1490 3573 Si
1515 3528 1643 3572 modo
1666 3524 1928 3569 Thentonica
1943 3555 1955 3575 ,
1976 3521 2254 3574 Romanaque
2277 3526 2466 3573 gemina
2498 3524 2677 3571 quaeres,

1443 3600 1618 3644 Gemma
1643 3597 1874 3654 parentelae
1893 3598 1978 3638 stat
2003 3591 2183 3636 Carolus
2207 3590 2360 3632 unicus
2378 3587 2529 3639 haeres,

1498 3673 1732 3716 Romuleus
1750 3674 1905 3719 matre,
1927 3665 2301 3717 Theutonicusque
2323 3666 2458 3716 patre.

1441 3744 1582 3801 Pipini
1608 3743 1720 3799 regis
1737 3737 1946 3796 digressio
1963 3736 2122 3792 scripta
2143 3734 2350 3804 quiescat,

1444 3818 1603 3862 Contra
1625 3806 1894 3858 Lombardos'
1911 3808 2056 3864 Pipiui
2079 3811 2197 3862 gesta
2220 3806 2461 3860 patescant,

1499 3889 1691 3941 Qualiter
1710 3883 1944 3928 Ecclesiam
1965 3878 2126 3936 ⁸iuverit.
2147 3887 2247 3921 ecce
2267 3886 2435 3926 canam.

1447 3979 1552 4023 Item
1576 3977 1626 4020 de
1645 3976 1792 4031 Ρίρῐηο
1816 3973 1993 4028 qualiter
2016 3972 2063 4026 fit
2079 3982 2151 4012 rea:
2167 3967 2426 4011 Francorum
2441 3975 2512 4019 per
2533 3975 2682 4017 papam

1930 4027 2196 4069 Zachariam.

1500 4111 1624 4150 Anno
1648 4105 1702 4147 ab
1725 4100 2022 4145 iucarnatione
2056 4095 2223 4141 Domini
2260 4093 2365 4144 754,
2401 4089 2578 4145 Pipinus
2609 4101 2683 4143 per

1448 4179 1711 4234 Stephanum
1751 4187 1903 4231 papam
1939 4186 1962 4215 a
2003 4170 2205 4214 fidelitate
2250 4163 2453 4208 Hilderici
2491 4160 2681 4217 praedicti

1446 4252 1711 4295 Francorum
1753 4246 1878 4302 regis,
1906 4255 2001 4287 eum
2037 4241 2237 4286 omnihus
2267 4235 2458 4280 Franciae
2476 4232 2676 4289 principi-

1449 4326 1528 4368 hus
1557 4329 1621 4369 est
1656 4320 1892 4366 absolutus
1917 4316 2038 4359 Tunc
2056 4314 2201 4363 ctiam,
2228 4308 2442 4353 Hilderico
2458 4309 2682 4349 tonsurato

1449 4402 1489 4438 et
1515 4394 1783 4441 monachato,
1821 4398 1949 4444 atque
1985 4389 2026 4430 in
2065 4382 2370 4430 monasterium
2395 4380 2585 4426 detruso,
2613 4375 2683 4417 Pi*

1451 4468 1575 4522 pinus
1603 4466 1785 4522 regalem
1811 4458 1956 4516 recipit
1983 4458 2241 4502 unctionem.
2269 4451 2532 4507 Eotcmporc
2554 4445 2679 4495 finem
