2924 4588
154 66 244 117 73⁸

833 61 904 108 nt:
933 59 1264 133 'romanum
1295 54 1714 115 monumento.
1755 85 1803 114 —7
1830 58 1975 106 PARS
2003 57 2072 107 111,

2646 58 2728 108 786

160 164 248 207 ctio
258 166 518 217 temperatur
539 174 546 199 τ
579 169 686 214 quas
702 154 894 214 proiecto
915 161 1069 198 manus
1098 152 1239 197 Aaron
1257 158 1299 210 et
1314 148 1405 192 ilnr
1423 152 1465 198 ,Α
1486 149 1553 194 vel
1574 149 1768 203 defendit·
1787 151 1960 196 assidue
1984 154 2205 209 cogitatio,
2231 153 2296 198 vel
2321 158 2512 197 accusat.
2541 151 2659 197 Unde
2687 157 2731 195 et

161 223 424 280 sustentant.
449 228 529 276 Per
554 229 715 282 Aaron,
732 229 814 285 qui
848 233 966 271 mam
989 224 1249 283 fortitudinis
1274 224 1406 267 inter-

161 313 372 365 pretatur,
393 306 517 362 Juxta
535 302 898 360 significationem
914 300 1137 349 moralem,
1165 295 1302 343 virtus
1328 297 1409 340 bu-

162 379 357 425 militatis
383 377 594 435 accipitur
614 391 630 430 ;·
650 374 750 432 qnia
775 387 860 432 quo
883 373 1021 430 magis
1046 371 1241 416 intimum
1265 378 1311 414 se
1335 370 1410 413 ali-

160 454 260 510 quis
281 450 510 507 conspicit,
534 447 808 494 eti'niirmum
833 478 843 499 ,
868 459 919 490 eo
942 446 1079 501 magis
1104 443 1301 490 sublimis
1342 449 1408 488 est

160 532 205 571 ct
226 524 365 573 sortis.
391 523 474 568 Per
489 521 581 567 flur
599 528 727 573 vero,
752 522 824 578 qui
849 519 956 576 iyms
980 517 1153 567 dicitur,
1180 518 1310 562 ardor
1332 530 1409 561 ex-

161 599 353 657 primitur
385 596 645 642 dilectionis.
685 591 902 640 Moraliter
934 594 1077 649 itaque
1095 600 1254 634 oramus
1274 588 1408 646 Moysi

162 674 306 717 Aaron
336 675 548 719 sustentat
579 675 622 715 et
642 669 736 713 iiur
757 703 767 721 ,
819 667 992 725 qiiando
1014 665 1236 722 praelatum
1257 675 1408 720 quem-

163 749 265 792 libet
289 747 500 791 disertum
532 745 750 801 etiustum
779 748 866 786 tam
891 741 933 785 in
960 738 1252 797 corripiendo,
1278 750 1408 794 quam

161 820 207 864 in
229 818 447 877 parcendo
466 824 508 863 et
532 817 730 863 sublimis
752 814 958 859 fortitudo
984 812 1256 862 humilitatis,
1279 817 1325 856 ct
1340 823 1409 854 ar·-

163 891 242 937 dor
267 897 478 949 temperat
511 889 745 936 charitatis
768 905 776 932 :
811 899 866 932 ne
899 886 963 932 vel
989 898 1064 944 per
1094 884 1338 940 superbiam
1365 885 1409 927 in

163 963 439 1020 corripiendo
470 962 602 1007 nimis
626 961 807 1017 rigidus,
834 959 902 1003 vei
935 971 1011 1015 pet·
1034 964 1223 1014 teporem
1245 956 1290 999 in
1317 968 1412 1012 par·

161 1037 300 1081 cende
324 1036 503 1079 nimium
528 1035 585 1079 sit
605 1034 829 1078 remissus.

194 1101 440 1151 'chxtx.
469 1106 591 1161 Quod
614 1112 718 1151 vero
749 1106 838 1151 haee
874 1107 927 1150 de
965 1118 1049 1163 qua
1073 1104 1408 1163 loquimur-icon

163 1186 207 1226 et
228 1181 450 1236 sumet-tis,
474 1180 548 1235 qui
571 1179 807 1224 a'sinistris
829 1186 956 1223 sum:
984 1179 1030 1223 So·
1044 1181 1134 1235 quis
1149 1179 1236 1226 hoc,
1264 1177 1410 1220 veihos:

166 1253 321 1311 feccrit,
341 1260 470 1296 morte
488 1253 692 1295 moriatur
708 1249 866 1308 (Exod.
893 1262 984 1301 xxt,
1008 1249 1090 1307 18),
1113 1250 1214 1293 dicit
1231 1249 1270 1291 in
1287 1250 1408 1303 igne;
1435 1232 1469 1276 B

164 1334 208 1373 ct
241 1328 306 1371 bis
333 1327 404 1383 qui
429 1340 450 1369 a
475 1325 638 1370 dextris
671 1330 799 1369 sunt:
833 1323 932 1367 i'em‘
956 1336 1099 1366 vocare
1116 1331 1350 1378 peccatores
1370 1323 1411 1363 in

163 1401 446 1456 paem'tentiam
478 1397 648 1453 (Matelt.
681 1397 767 1455 tx).
804 1397 908 1442 dicit
939 1396 980 1439 in
1016 1396 1157 1440 unium
1185 1394 1292 1450 Quid
1317 1407 1413 1439 csse

167 1481 394 1531 putamus,
424 1471 506 1516 nisi
543 1472 657 1528 quod
689 1470 855 1528 praelati
888 1469 1092 1514 Ecclesiae
1116 1475 1156 1513 et
1180 1468 1413 1513 rebellibus

167 1545 374 1601 subjectis
399 1556 568 1601 poenam
591 1544 909 1588 comminantur
940 1554 1038 1585 cum
1064 1549 1244 1591 terrore,
1266 1546 1309 1583 et
1335 1539 1415 1583 bu-

168 1619 344 1664 milibus
359 1618 526 1662 veniam
543 1616 804 1672 pollicentur
822 1627 918 1658 cum
941 1615 1116 1658 lenitate
1129 1614 1146 1655 ’ἒ
1168 1611 1318 1656 Omnia
1342 1624 1414 1655 ve·

168 1704 218 1736 ro
244 1691 328 1742 illa,
349 1702 444 1748 quae
466 1689 518 1734 ad
538 1689 663 1731 aliam
683 1686 897 1744 pertinent
922 1687 1106 1735 iconem,
1124 1685 1194 1727 ubi
1214 1675 1265 1728 er
1279 1682 1414 1727 altera

171 1772 291 1820 parte
324 1769 366 1808 et
404 1762 584 1808 salvatio
607 1761 860 1825 eiectorum‚
885 1765 929 1804 et
951 1758 1135 1815 perditio
1172 1756 1416 1815 depingitur

171 1837 454 1895 reproborum
475 1852 484 1880 ε
505 1836 557 1881 si
581 1834 800 1879 subtiliter
821 1834 1089 1883 consideras,
1133 1832 1216 1883 bis,
1239 1831 1293 1875 de
1315 1828 1415 1886 ‹fui-

170 1913 253 1956 bus
273 1911 501 1969 loquimur,
527 1910 732 1968 praeiatis,
752 1907 1169 1965 velsubJectisjuxt‘a
1184 1907 1293 1950 hanc
1311 1906 1416 1950 duu-

163 1979 289 2027 'taxat
312 1982 671 2040 significationem
705 1992 943 2037 congruere
967 1980 1163 2032 videbis;
1190 1984 1235 2022 ut
1256 2010 1266 2027 .
1306 1978 1418 2021 sicut

172 2059 298 2114 paulo
321 2063 419 2102 ante
442 2058 485 2101 in
499 2055 884 2114 partepraecedenti
910 2054 1193 2106 ostendimus,
1219 2052 1309 2098 haec
1326 2065 1420 2097 om·

172 2133 260 2182 nia,
276 2144 370 2188 quat
387 2131 514 2175 modo
529 2144 582 2175 cx
600 2134 781 2186 utraque
795 2129 1059 2173 tabernaculi
1076 2134 1212 2188 parte,
1233 2131 1274 2172 in
1289 2128 1419 2186 plano

172 2210 366 2262 pieturae,
390 2202 443 2246 ab
464 2202 643 2246 invicem
670 2201 715 2244 in
739 2200 825 2244 imo
846 2201 991 2257 jacent
1028 2200 1167 2246 divisa
1189 2215 1198 2242 ι
1243 2199 1418 2255 quando

172 2290 303 2334 supra
327 2276 466 2334 ipsum
497 2275 820 2320 tabernaculum
854 2279 1043 2318 erectum
1071 2274 1264 2326 elevata,
1290 2278 1335 2318 et-
1365 2273 1418 2318 ad

172 2352 352 2395 invicem
369 2349 528 2394 suerint
542 2350 798 2405 conjuncta3
825 2355 1031 2408 quantum
1051 2348 1102 2391 ad
1127 2355 1301 2392 sensum
1321 2358 1418 2403 per-

173 2423 277 2467 tinet
304 2422 595 2479 allegoricum,
618 2427 663 2466 et
680 2422 947 2466 vocationem
972 2422 1178 2477 gentium,
1205 2427 1247 2464 et
1274 2422 1418 2477 repul-

172 2497 337 2540 sionem
365 2496 570 2540 denotare
597 2495 844 2539 Judaeorum
873 2511 881 2538 ε
919 2494 1123 2551 ita‘jitxta
1157 2495 1418 2539 intellectum

172 2560 345 2626 quoque
365 2570 570 2614 moialem
592 2569 682 2613 baec
705 2568 857 2613 eadem
879 2568 1114 2612 insimul'ln
1134 2579 1304 2613 summo
1316 2579 1422 2612 con-

170 2643 321 2699 iuncta
355 2648 398 2687 et
428 2642 612 2687 officium
638 2643 939 2698 praelatorum,
969 2631 1011 2685 et
1047 2642 1418 2687 conversationem

172 2718 288 2762 scias
310 2717 550 2773 exprimere
573 2716 881 2771 subjectorum.
903 2714 1033 2768 Quasi
1058 2715 1186 2766 enim,
1214 2721 1260 2758 ut
1280 2715 1421 2760 brevi-

175 2789 241 2834 ter
260 2779 454 2834 dicamus
469 2821 479 2841 ‚
505 2796 548 2834 et
560 2790 793 2839 damnatis,
818 2788 894 2845 qui
915 2800 938 2830 a
958 2786 1151 2833 sinistris
1173 2792 1304 2836 sunt',
1335 2786 1415 2839 Ite,

178 2863 403 2915 inntedicti,
430 2864 471 2906 in
496 2864 631 2918 ionem
647 2872 846 2906 aeternum
865 2862 1030 2918 (Martii.
1061 2875 1160 2914 xxv,
1178 2859 1264 2922 tt).
1291 2873 1334 2904 ιη
1358 2861 1423 2917 pi-

177 2945 297 2980 ctura
324 2940 471 2979 nostra
494 2936 593 2978 icon
622 2940 769 2978 nostra
796 2933 900 2977 dicit
923 2933 971 2977 'in
1005 2935 1100 2987 igne
1126 2949 1135 2976 :
1162 2940 1197 2977 et
1228 2932 1420 2983 salvatis,

179 3010 250 3066 qui
276 3021 299 3051 a
322 3007 486 3052 dextris
509 3012 610 3051 sunt
625 3010 641 3050 ε’
658 3006 814 3054 Venite,
830 3003 1028 3048 bertedicti
1048 3004 1191 3047 Patris
1212 3004 1307 3056 mei,
1327 3016 1424 3059 pos-

180 3080 305 3123 sidete
320 3092 488 3135 reqnum
506 3077 624 3136 (ibid.
650 3078 720 3133 54)
739 3109 752 3128 ‚
776 3078 924 3122 eadem
951 3077 1048 3120 icon
1082 3077 1187 3120 dicit
1214 3075 1257 3119 in
1282 3076 1422 3122 nube:

181 3153 306 3210 443
339 3151 512 3208 quando
533 3151 712 3207 quilibet
733 3158 894 3195 sancta:
925 3150 1128 3194 Ecclesiae
1156 3150 1358 3206 praelatus
1384 3156 1426 3194 et

183 3227 477 3270 inobedientes
512 3224 730 3279 subiectos
753 3224 807 3268 ob
836 3224 1080 3271 divinorum
1105 3222 1422 3275 mandatorum,

181 3311 275 3355 ‹qu-,e
291 3307 430 3343 mente
446 3311 470 3341 a
487 3310 534 3343 se
550 3297 766 3342 obstinata
789 3298 984 3352 ejiciunt,
1010 3302 1320 3353 contemptum,
1347 3302 1426 3340 ter-

1487 224 1720 279 Apostolus
1745 226 1804 268 ait
1831 242 1842 269 ;
1869 226 1921 269 Et
1939 227 2045 270 inter
2076 240 2119 271 se
2144 227 2319 274 {invicem
2337 227 2635 282 coyitattonum
2661 238 2732 269 ac-

1488 298 1724 340 cusantium
1744 329 1755 349 ,
1781 306 1855 340 aut
1887 300 2015 342 etiam
2038 299 2346 355 defendentium
2382 299 2395 344 ί
2403 298 2519 343 Rom.
2552 310 2606 350 tt,
2643 298 2737 353 15).

1450 404 1456 408 .
1487 368 1574 413 Cor
1590 378 1778 426 namque
1804 366 1999 415 nostrum
2025 372 2133 416 bene
2162 373 2244 417 sibi
2275 372 2497 418 conscium
2530 370 2734 428 cogitatio

1489 442 1705 496 defendit3
1748 445 1857 489 male
1897 458 1999 489 vere
2031 446 2254 488 conscium
2290 442 2615 488 ae‹:usat.1{inc
2637 449 2733 494 est,

1489 517 1621 573 quod,
1648 530 1745 562 cum
1770 530 1940 573 semper
1968 519 2060 580 paee
2082 519 2135 562 de
2152 530 2236 574 qua
2267 518 2500 574 loquimur,
2534 516 2734 560 columna

1491 600 1621 646 super
1652 591 1980 635 tabernaculum
1999 596 2139 642 esset,
2161 592 2205 635 in
2226 591 2294 635 die
2312 592 2481 647 quidem
2513 589 2663 641 nubis,
2690 589 2742 633 in·

1492 672 1617 707 nocte
1633 676 1735 707 vero
1752 664 1923 720 gerebat
1940 665 2124 721 speciem
2145 666 2272 721 ignis.
2289 664 2372 710 Per
2388 665 2527 721 ignem
2544 675 2735 721 quoque.

1490 744 1537 780 ut
1566 736 1827 782 sufficienter
1849 737 1891 781 in
1916 738 2213 793 superioribus
2238 740 2458 783 ostensum
2482 742 2576 790 est,
2616 738 2741 783 seve·

1491 811 1600 853 ritas
1624 812 1824 863 terroris:
1846 824 1922 866 per
1954 813 2130 863 nitbem,
2155 811 2495 855 blandimentum
2517 810 2734 858 lenitatis:

1492 890 1535 927 et
1575 897 1649 938 per
1677 891 1843 928 noctem
1886 884 1970 927 rita
2009 883 2276 940 peccatoris,
2315 890 2358 928 et
2403 896 2480 940 per
2505 884 2617 927 diem
2648 884 2734 927 vita

1487 956 1595 1012 justi
1628 957 1854 1013 accipitur.
1891 956 2029 1014 Super
2067 957 2391 1002 tabernaculum
2430 957 2574 1013 itaque
2605 957 2738 1002 in'dIe

1479 1029 1621 1075 ‘nubis
1637 1063 1648 1083 ,
1673 1037 1714 1075 et
1754 1032 1795 1074 ia
1826 1039 1954 1075 nocte
1977 1031 2175 1075 columna
2196 1032 2306 1088 ignis
2330 1036 2418 1084 est3
2441 1031 2540 1087 qula
2571 1030 2737 1074 interna

1492 1117 1567 1148 cor
1592 1111 1791 1150 nostrum
1813 1105 2034 1162 cogitatio,
2059 1111 2100 1149 et
2123 1118 2219 1148 cum
2249 1105 2349 1148 boni
2365 1117 2531 1155 sumus,
2557 1115 2635 1159 pro
2652 1103 2739 1147 cla-

1494 1180 1623 1223 ritate
1660 1180 1902 1224 sanctitatis
1923 1212 1934 1231 ,
1967 1192 2051 1236 qua
2085 1181 2372 1230 illustramur,
2401 1191 2477 1232 pet·
2521 1178 2738 1221 lenitatem

1493 1251 1805 1297 consolationis
1841 1252 2084 1306 demulcet;
2121 1259 2162 1297 et
2194 1264 2293 1295 enm
2325 1253 2425 1294 mall
2448 1263 2622 1301 smnus,
2662 1262 2741 1306 pro

1493 1325 1675 1382 caligine
1699 1325 1951 1382 pravitatis,
1983 1337 2066 1382 qua
2090 1325 2400 1373 obscuramur,
2424 1335 2503 1380 per
2531 1329 2739 1368 terrorem

1491 1398 1841 1454 reprehensionis
1878 1397 2079 1443 deterret.
2106 1397 2400 1454 Reprehensio
2425 1396 2570 1440 cordis
2604 1396 2741 1440 nostri

1493 1470 1648 1527 duplex
1671 1475 1769 1524 est;
1798 1471 1897 1527 quia
1918 1483 2017 1514 cum
2044 1472 2154 1515 male
2174 1471 2360 1526 agimus,
2385 1481 2471 1514 non
2497 1468 2638 1514 solum
2663 1467 2743 1512 tri-

1493 1542 1715 1588 bulatione
1737 1544 1992 1599 temporali;
2028 1544 2102 1589 scd
2140 1556 2237 1587 eum
2264 1543 2307 1587 in
2345 1543 2458 1587 malo
2494 1553 2743 1600 persevera·

1495 1627 1608 1664 mus,
1634 1620 1794 1659 aeterna
1812 1627 1893 1660 nos
1914 1615 2191 1659 danmatione
2209 1615 2374 1671 judicat
2391 1615 2560 1672 dignos.
2586 1613 2743 1672 Sicquo

1495 1686 1651 1743 duplex
1683 1688 1872 1732 animam
1894 1690 2182 1744 peccatricem
2221 1687 2501 1745 reprehensio
2527 1687 2657 1731 etiam
2698 1688 2743 1731 in

1495 1761 1696 1817 praesenti
1723 1774 1875 1819 aspere
1895 1763 2103 1807 concutit.
2129 1761 2223 1806 Una
2247 1762 2301 1807 de
2325 1762 2451 1819 culpa
2470 1795 2481 1813 ‚
2503 1774 2632 1819 quam
2659 1761 2742 1805 mi-

1497 1846 1593 1879 sere
1625 1840 1866 1891 perpetrat;
1901 1835 2035 1880 altera
2069 1836 2121 1880 de
2144 1848 2289 1892 poena,
2315 1848 2443 1893 quam
2466 1836 2632 1892 trepide
2656 1833 2744 1880 sor-

1497 1905 1645 1951 midat.
1674 1905 1883 1952 Similiter
1907 1913 1948 1952 et
1972 1907 2117 1953 cordis
2141 1909 2277 1954 nostri
2300 1909 2541 1955 consolatio
2575 1910 2745 1968 gemina

1497 1985 1590 2031 est;
1617 1978 1717 2034 quia
1741 1990 1836 2023 cum
1864 1979 2023 2023 bonum
2051 1987 2092 2024 et
2113 1993 2166 2027 ex
2189 1980 2342 2026 affeetu
2375 1982 2574 2027 ardenter
2600 1981 2746 2038 diligi-

1499 2070 1621 2110 mus,
1647 2064 1690 2102 ct
1730 2060 1772 2103 in
1808 2059 1960 2104 affectu
1998 2067 2328 2117 perseveranter
2363 2073 2631 2112 exercemus,
2656 2072 2740 2104 non

1499 2137 1668 2176 tantum
1693 2133 1909 2179 iumentis
1935 2136 2066 2180 cubili
2096 2138 2288 2181 suaviter
2310 2147 2568 2192 pausamus;
2593 2135 2668 2179 sed
2698 2142 2745 2179 ut

1500 2211 1540 2248 ct
1562 2205 1723 2252 mensis
1738 2219 1790 2250 ex
1814 2220 1978 2259 mense,
2002 2215 2042 2252 et
2059 2206 2297 2252 Sabbatum
2315 2220 2366 2252 ex
2392 2208 2581 2252 Sabbata
2613 2210 2668 2252 sit
2691 2208 2742 2251 ad

1501 2290 1698 2323 securam
1731 2282 1861 2324 ctiam
1893 2283 2196 2333 aeternitatem,
2233 2287 2275 2326 ct
2311 2288 2517 2326 aeternam
2549 2291 2746 2338 supernae

1500 2353 1658 2412 quietis
1677 2353 1951 2403 securitatem
1972 2366 2052 2398 nos
2078 2360 2282 2398 venturos
2307 2355 2572 2399 confidenter
2599 2367 2746 2411 spera-

1498 2439 1611 2471 mus.
1648 2425 1805 2481 Sicque
1829 2427 1928 2470 bina
1968 2439 2048 2470 nos
2091 2427 2330 2471 consolatio
2370 2428 2546 2484 recipit,
2588 2441 2671 2472 una
2693 2429 2746 2474 de

1499 2499 1671 2554 merito,
1698 2499 1812 2555 quod
1853 2500 1985 2542 estin
2026 2512 2099 2552 re3
2136 2500 2271 2543 altera
2310 2501 2363 2544 de
2393 2501 2594 2557 praetnio,
2627 2504 2743 2559 qnod

1499 2585 1614 2616 nunc
1640 2571 1811 2629 quidem
1852 2571 2031 2615 tirmiter
2053 2577 2119 2616 cst
2155 2573 2198 2615 in
2233 2585 2325 2628 spe,
2351 2574 2426 2617 scd
2452 2573 2495 2617 in
2532 2574 2677 2618 tuturo
2701 2576 2745 2618 in

1500 2658 1559 2689 re.
1590 2645 1687 2689 Haec
1710 2651 1851 2688 autem
1876 2644 2055 2688 feliciter
2073 2646 2155 2688 crit
2177 2646 2345 2701 gemina
2364 2646 2510 2691 cordis
2533 2654 2620 2691 tam
2638 2639 2743 2693 cou-

1500 2716 1669 2771 soiatio‚
1692 2729 1820 2773 qnam
1842 2717 2120 2772 reprehensio
2142 2733 2150 2761 ·.
2173 2730 2268 2774 quoe
2286 2719 2414 2762 etiam
2440 2732 2516 2775 per
2534 2720 2744 2774 picturas,

1501 2802 1595 2845 quae
1619 2801 1669 2833 ex
1697 2795 1876 2845 utraque
1900 2789 2166 2832 tabernaculi
2194 2795 2335 2845 parte,
2372 2789 2495 2846 juxta
2532 2791 2745 2847 geminam

1501 2862 1600 2908 hine
1626 2862 1724 2906 inde
1745 2862 1885 2918 ignis,
1913 2867 1955 2905 et
1987 2862 2113 2907 nubis
2134 2863 2377 2907 columnam
2411 2867 2528 2916 sunt,
2557 2862 2746 2919 figurali-

1502 2943 1583 2987 ter,
1613 2936 1655 2978 ni
1682 2935 1822 2986 fallor,
1842 2935 1981 2990 accipi
2006 2940 2164 2991 potest.
2204 2934 2286 2979 Per
2318 2933 2494 2991 Moysen
2530 2936 2716 2993 namque
2732 2968 2743 2988 .

1502 3011 1575 3067 qui
1599 3022 1651 3053 ex
1670 3021 1752 3052 una
1771 3009 2038 3055 tabernaculi
2057 3015 2195 3066 parte,
2213 3009 2337 3064 Juxta
2350 3007 2522 3054 Jndaeos
2541 3010 2624 3067 igni
2647 3022 2748 3067 pro·

1503 3083 1647 3127 ximus
1670 3081 1886 3139 flagellum
1911 3087 2080 3135 tenens,
2110 3088 2152 3125 ct
2175 3081 2382 3137 gladium,
2419 3081 2614 3138 depictus
2652 3090 2744 3138 est,

1504 3155 1632 3205 banc,
1657 3156 1708 3200 de
1741 3168 1823 3211 qua
1850 3155 2081 3211 loquimur,
2123 3154 2266 3199 cordis
2291 3155 2610 3199 accusationem
2632 3157 2746 3201 acci-

1507 3242 1668 3286 pimus;
1696 3241 1789 3285 quae
1807 3228 2010 3272 nimirum
2035 3227 2177 3273 cordis
2202 3229 2419 3272 accusatio
2440 3229 2670 3286 quemlibet
2703 3230 2747 3273 in

1508 3303 1598 3359 lege
1625 3303 1721 3346 {lete
1743 3302 1975 3352 viventem,
2014 3301 2086 3357 qui
2116 3300 2316 3345 videlicet
2353 3302 2397 3344 in
2422 3305 2648 3347 manitesto
2672 3302 2748 3347 Ju-

184 3373 363 3415 ribiliter
386 3373 430 3415 in
455 3371 595 3427 ignem
623 3377 830 3416 :eternum
865 3373 1021 3416 asserit
1053 3371 1221 3423 ituros3
1256 3377 1296 3413 ct
1321 3371 1422 3414 obe«
1449 3390 1486 3436 υ
1507 3376 1624 3418 (heus
1642 3380 1724 3427 cst,
1749 3375 1821 3430 qui
1846 3380 1887 3416 et
1912 3386 2005 3417 cam
2045 3374 2329 3425 solummodo,
2350 3388 2444 3431 quae
2472 3377 2515 3418 in
2540 3377 2628 3432 lego»
2652 3388 2745 3427 est,

182 3447 349 3490 dientes
372 3446 428 3488 ob
453 3452 759 3501 praeceptorum
788 3445 1045 3494 caelestium,
1071 3456 1164 3500 quae
1190 3445 1316 3486 corde
1345 3445 1426 3486 hu-

184 3519 273 3561 mili
311 3518 567 3575 suscipiunt,
607 3520 947 3563 exsecutionem.
986 3517 1322 3561 misericorditer
1359 3531 1426 3561 re·

185 3603 313 3639 enum
341 3593 517 3635 coeleste
537 3592 761 3635 denuntiat
780 3604 1074 3647 possessuros.
1101 3590 1199 3634 llaec
1221 3590 1273 3634 de
1294 3592 1428 3647 gemi-

187 3675 240 3704 na
262 3663 388 3719 ignis,
411 3669 454 3708 et
470 3663 599 3707 nubis
624 3665 822 3707 columna
850 3662 1042 3707 breviter
1061 3661 1248 3706 diximus

625 3754 729 3798 CAP
737 3754 805 3797 tJT
836 3751 980 3798 xvttl.

184 3823 285 3868 Atta
312 3825 360 3870 de
382 3826 526 3871 eodem
551 3829 685 3883 capite
706 3826 791 3870 alio
811 3825 932 3869 modo
944 3827 1071 3882 juxta
1094 3840 1257 3870 sensum
1290 3840 1429 3870 mora-

650 3883 730 3926 lem
751 3884 968 3938 expositio.

245 3950 446 3997 CLxxx.
471 3953 718 3999 Occurrunt
738 3955 880 3998 adbuc
897 3955 937 3998 iu
958 3967 1045 3999 uno
1063 3967 1199 4011 pauca
1215 3955 1426 4011 quzedam,

188 4035 286 4080 quae
304 4024 358 4068 de
387 4025 467 4069 bac
491 4025 602 4082 ignis
640 4031 682 4069 et
718 4026 846 4070 nubis
878 4028 1078 4074 columna
1117 4028 1428 4089 aliquantulum

189 4096 392 4141 subtilius
416 4098 727 4142 consideranda
751 4106 868 4150 sunt,
887 4113 983 4156 qna:
1007 4100 1134 4143 modo
1158 4101 1287 4157 digna
1319 4102 1430 4145 dixi·

190 4181 286 4214 iiius
305 4181 669 4216 commemorare:
695 4171 811 4228 quia,
838 4173 950 4217 sicut
975 4187 1058 4217 non
1082 4175 1211 4218 semel
1231 4175 1428 4230 superius

190 4239 350 4284 dictum
374 4248 461 4293 est,
483 4244 672 4287 exterius
696 4245 799 4288 illud
838 4244 973 4302 Moysi
1013 4245 1336 4290 tabernaculum
1364 4248 1431 4290 in·

191 4318 360 4355 ternum
390 4313 582 4370 designat
608 4316 736 4358 animi
771 4321 1001 4360 secretum.
1027 4316 1163 4373 Super
1186 4319 1264 4362 hoc
1284 4319 1426 4362 taber-

192 4385 392 4428 naculum
421 4378 616 4432 columna
630 4388 791 4445 jugiter
809 4390 962 4447 pendet
987 4407 995 4434 2
1016 4392 1209 4448 quiacer
1233 4398 1427 4436 nostrum

1505 3449 1876 3492 circumcisionem
1900 3460 1975 3504 per
1996 3449 2233 3492 exteriores
2256 3449 2553 3494 observantias
2586 3459 2627 3495 et
2652 3463 2749 3494 car-

1505 3521 1575 3564 nis
1609 3521 1825 3575 justitias,
1869 3521 2007 3563 ocuilis
2047 3519 2269 3563 bominum
2318 3522 2486 3578 placere
2529 3530 2716 3578 gesnens
2733 3558 2744 3576 ‚

1505 3599 1703 3643 exercet,
1729 3599 1769 3637 et
1795 3593 2007 3637 internam
2035 3594 2190 3638 mentis
2221 3594 2536 3646 sinceritatem,
2569 3596 2748 3652 ejusque

1506 3665 1825 3715 testimonium,
1847 3666 1918 3720 qui
1938 3666 2291 3710 absconditorum
2317 3670 2514 3722 cognitor
2544 3677 2578 3709 ct
2607 3670 2748 3712 inten-

1507 3739 1672 3780 tionum
1690 3744 1755 3782 est
1774 3738 1999 3788 discretor,
2021 3738 2196 3794 negligit
2218 3754 2225 3781 :
2249 3739 2534 3795 correptionis
2558 3742 2744 3790 lzesione,

1508 3813 1628 3867 quasi
1650 3811 1834 3867 quodam
1860 3812 1946 3854 ictu
1971 3811 2126 3867 flagelli
2148 3820 2191 3854 et
2214 3813 2561 3862 reprehensionis
2584 3827 2745 3864 iiiorsu,

1509 3886 1632 3941 quasi
1656 3886 1841 3942 quodam
1876 3886 2072 3929 acumine
2097 3886 2227 3942 gladii
2257 3899 2409 3943 aspere
2427 3886 2540 3931 serit.
2571 3889 2687 3932 i'u‘ic
2706 3898 2748 3932 et

1508 3970 1689 4001 numero
1711 3957 1767 4001 ibi
1787 3958 2040 4008 undenario,
2065 3959 2138 4013 qui
2160 3958 2266 4014 legis
2290 3959 2488 4016 designat
2505 3967 2746 4016 transgres-

1509 4031 1690 4083 sionem,
1714 4029 1849 4074 Judaei
1872 4030 2030 4086 depicti
2056 4038 2170 4074 sunt.
2199 4030 2317 4084 Quos
2336 4030 2507 4077 Judaeos
2531 4033 2623 4088 ipsa
2651 4036 2716 4077 lex
2733 4068 2743 4087 ,

1510 4117 1604 4160 qna>
1633 4115 1711 4159 per
1748 4103 1934 4159 Moysem
1974 4104 2202 4159 accipitur,
2228 4104 2280 4147 de
2313 4107 2653 4161 transgressione
2680 4120 2747 4150 rc·

1509 4174 1678 4230 dui-guil
1705 4189 1714 4217 ι
1742 4175 1853 4235 sicut
1881 4174 2117 4218 versiculus
2149 4187 2173 4217 a
2206 4174 2350 4231 Moyse
2386 4178 2549 4227 exiens,
2583 4184 2623 4220 et
2662 4179 2743 4221 sni)

1510 4247 1615 4303 ipsis
1633 4246 1791 4289 Just-aeis
1809 4248 2020 4302 scriptus,
2049 4246 2236 4290 ostendit
2258 4263 2266 4290 :
2294 4247 2458 4290 scilicet
2484 4263 2492 4290 ;
2519 4246 2743 4304 Reddi-qm

1510 4334 1534 4362 a
1556 4319 1653 4374 leffe,
1687 4319 1806 4375 quasi
1833 4326 2155 4375 lransqresaores
2184 4318 2293 4374 (Jac.
2321 4332 2378 4369 ιι,
2414 4319 2471 4374 9).
2500 4319 2629 4372 Quasi
2669 4320 2745 4364 Ju-

1509 4393 1623 4436 daeos
1643 4404 1828 4448 namque
1850 4398 1891 4435 et
1917 4390 2080 4448 flagello
2109 4390 2233 4435 ferire
2251 4423 2262 4443 ,
2284 4396 2323 4434 et
2361 4391 2499 4449 gladio
2536 4393 2742 4448 perimere
