2924 4588
257 160 390 210 *4223
410 194 417 199 ,
542 175 570 210 ο

276 263 353 307 per
390 247 789 302 recapitulatione·
836 246 918 290 boc
959 244 1061 296 dici,
1109 242 1272 293 saciant
1307 241 1379 284 tilii
1403 239 1534 283 lsrael
1559 242 1597 286 Α

277 323 414 367 Phase
439 330 629 374 tempore
646 331 741 371 sno,
756 319 926 362 decima
941 324 1094 371 quarta
1109 317 1179 359 die
1207 316 1371 358 mensis
1390 325 1529 369 usque

275 395 329 437 ad
350 399 605 448 vesperum
622 390 669 432 Et
703 389 903 433 fecerunt
918 388 1074 432 Pliase.
1111 388 1246 431 Erant
1265 394 1407 429 autem
1430 385 1530 439 qui-

274 467 372 509 dam
396 463 591 507 inmundi
617 475 747 518 super
781 462 926 506 anima
961 460 1208 512 hominis··‚
1246 459 1287 504 id
1309 467 1375 503 est
1400 470 1531 513 super

277 540 515 587 bominem,
538 541 613 592 qui
642 537 802 581 dicitur
821 535 985 591 anima,
1010 533 1136 586 eujus
1159 534 1340 576 cadaver
1363 531 1438 586 qui
1464 539 1527 574 te-

272 613 476 667 tigerant,
502 622 587 653 non
614 615 812 664 poterant
830 607 973 651 facere
1005 607 1162 652 Pliase.
1191 613 1234 649 ct
1251 605 1455 649 dixerunt
1476 604 1529 647 ad

272 685 446 741 Moysen
476 698 487 727 :
520 699 534 724 ι
572 683 714 735 Quare
739 683 1006 733 fraudamur,
1045 691 1099 722 ne
1122 680 1344 722 valeamus
1376 677 1530 722 utrm-re

271 758 382 800 inter
401 757 511 798 lilios
537 755 682 798 lsrael.
725 768 739 795 ι
788 753 916 795 Forte
953 752 1246 806 indignantes,
1291 751 1392 804 qnia
1433 750 1530 792 talis

277 827 558 872 immunditia·
599 826 844 869 necessaria
867 833 933 868 est
960 822 1239 882 quandoque.
1275 821 1328 865 Et
1357 821 1531 867 consul·

270 900 519 955 uitltloyses
537 911 665 953 super
687 898 769 940 hoe
796 896 1044 939 Dominum.
1076 894 1158 947 Qui
1197 895 1419 949 respondit
1439 894 1478 936 ei
1515 907 1526 936 :

270 972 407 1015 llomo
436 974 488 1014 de
508 979 633 1026 gente
657 977 814 1022 vestra,
840 968 915 1023 qui
944 967 1075 1012 suerit
1116 966 1370 1014 immundus
1395 978 1528 1019 super

270 1047 413 1088 anima
456 1044 663 1096 bominis,
705 1043 799 1086 sive
829 1042 967 1084 invia
1007 1038 1176 1096 procul,
1216 1039 1347 1082 saciat
1386 1038 1529 1082 Plias-e

269 1130 416 1161 mense
434 1116 643 1166 secundo,
681 1113 854 1158 decima
899 1120 1053 1169 quarta
1090 1111 1160 1156 die
1200 1121 1374 1155 omnem
1397 1111 1529 1155 ritum

268 1190 407 1233 Pliase
430 1191 674 1233 observans.
705 1188 748 1230 Si
791 1198 894 1231 vero
925 1188 1019 1230 sine
1059 1185 1308 1242 hujusmodi
1365 1185 1510 1229 causis

270 1270 461 1318 tempore
503 1274 583 1304 suo
616 1273 702 1304 non
748 1259 899 1303 fecerit
950 1247 1124 1311 Pliase,
1163 1257 1529 1301 exterminabitur

268 1334 413 1379 anima
449 1335 542 1389 ejus
584 1335 636 1378 de
677 1333 851 1389 populis
905 1331 1013 1375 suis.
1059 1329 1322 1387 Peregrinus
1356 1341 1528 1386 quoqne

269 1410 451 1462 advena,
474 1411 508 1452 si
537 1408 664 1451 suerit
689 1408 801 1463 apud
829 1418 919 1457 vos,
942 1404 1069 1449 saciet
1091 1403 1235 1448 Pliase
1264 1395 1455 1448 Domini.
1479 1406 1526 1448 Si

268 1490 504 1539 quzeratur,
535 1485 569 1527 si
591 1484 745 1525 iterum
772 1476 814 1523 i'n
842 1492 989 1523 mense
1024 1479 1215 1524 secundo
1247 1489 1421 1535 propter
1443 1479 1526 1520 iin-

268 1558 522 1600 munditiam
545 1569 627 1599 non
653 1562 801 1611 posset
825 1555 964 1598 facere
993 1554 1149 1605 Pliase,
1187 1553 1292 1609 quid
1331 1553 1530 1597 faceret?

278 1628 426 1671 Potest
454 1629 555 1682 dici,
594 1631 695 1683 quia
717 1629 843 1671 tertio
883 1626 1063 1679 faceret,
1086 1627 1187 1681 quia
1225 1627 1339 1681 quod
1366 1627 1409 1670 in
1441 1637 1527 1670 nno

268 1702 440 1744 dietum
467 1708 561 1754 est,
603 1701 802 1744 similiter
834 1701 961 1742 datur
1002 1696 1046 1742 in
1088 1699 1186 1743 aliis
1220 1698 1423 1752 intelligi,
1461 1698 1528 1742 vel

267 1774 376 1818 sorte
399 1774 434 1817 si
454 1774 656 1829 deinceps
675 1787 727 1818 eo
750 1786 864 1817 anno
884 1785 967 1815 non
999 1770 1177 1823 laceret,
1203 1784 1287 1815 non
1305 1780 1522 1827 peccaret.

321 1848 541 1891 ‘Addida
570 1849 757 1901 LQnasi'
773 1849 887 1890 dicat
911 1862 919 1890 :
942 1846 1024 1890 Pet·
1045 1845 1126 1890 hoe
1147 1848 1264 1901 quod
1284 1846 1344 1889 ibi
1367 1846 1528 1890 dicitur

267 1934 382 1965 anno
402 1922 595 1966 secundo
614 1954 624 1972 ‚
652 1929 767 1977 patet
788 1922 901 1983 quod
939 1921 1072 1975 istud,
1116 1921 1296 1964 scilieet.
1323 1935 1337 1961 ι
1366 1920 1529 1963 saciant

267 1996 341 2039 filii
367 1994 496 2039 lsrael
526 1996 680 2046 l’nase,
706 2003 790 2038 ete.
831 2010 845 2036 ›
891 1994 1052 2037 dicitnr
1091 2007 1167 2049 per
1205 1995 1529 2050 recapitulatio·

269 2082 384 2113 nem.
420 2069 556 2112 Debet
591 2068 705 2111 enim
743 2069 864 2123 prius
901 2067 1063 2112 dictum
1105 2066 1380 2123 fiiissc,.cuiit
1404 2066 1527 2121 prius

267 2141 428 2186 sactum
453 2142 508 2184 sit
530 2142 571 2184 in
593 2153 756 2193 mense,
791 2136 956 2185 seilicet
982 2127 1119 2192 primo
1142 2147 1241 2183 ante
1263 2139 1525 2187 oblationem

267 2216 541 2272 principum,
575 2228 673 2271 quae
713 2214 1003 2270 supraposita
1046 2222 1127 2257 est.

330 2290 366 2309 ''
397 2288 588 2331 Additio.
619 2290 662 2331 ἶ.
694 2287 729 2329 Α
755 2287 922 2329 meliori
965 2293 1087 2342 parte
1126 2293 1263 2328 totum
1306 2286 1524 2330 hominem

268 2361 499 2418 significat,
518 2359 745 2403 scilicetet
765 2359 984 2410 animam,
1006 2356 1120 2412 quod
1147 2363 1213 2399 est
1251 2353 1455 2410 frequens
1476 2354 1517 2396 in
1541 2376 1573 2421 C

270 2447 396 2479 sacra
426 2433 598 2491 pagina.

268 2508 372 2553 Cn.
388 2507 479 2550 xit.
501 2507 557 2551 De
579 2509 687 2550 tucis
713 2505 937 2562 arqemet‘s,
956 2511 995 2547 et
1011 2503 1133 2546 modo
1147 2501 1367 2556 clangendi
1382 2505 1421 2542 in
1441 2501 1515 2542 eis.

331 2597 346 2624 ι
384 2581 542 2625 lterum
568 2582 741 2624 loeutus
778 2588 845 2622 est
865 2578 1077 2622 Dominus
1117 2576 1172 2620 ad
1209 2574 1414 2632 Moysen:
1437 2571 1523 2616 fae

269 2657 347 2700 tibi
363 2655 472 2699 duas
497 2654 621 2698 tubas
641 2659 868 2712 argenteas
893 2651 1078 2696 ductiles
1102 2649 1255 2708 (Num.
1282 2648 1345 2703 x),
1381 2663 1397 2690 i
1423 2647 1522 2701 ‹iui-

269 2732 352 2774 lins
378 2717 638 2775 convocabis
661 2727 1001 2773 multitudinem.
1032 2724 1122 2770 Has
1152 2730 1261 2768 duas
1286 2723 1412 2768 tubas
1449 2724 1523 2765 ba-

268 2806 428 2849 bebant
464 2803 506 2846 in
536 2810 722 2859 quatuor
747 2815 869 2855 usus,
910 2802 962 2844 ad
1011 2799 1335 2844 convocandam
1374 2795 1522 2840 multi-

269 2879 481 2927 tudinem,
509 2877 560 2919 ad
583 2876 793 2919 movenda
826 2881 987 2926 castra,
1028 2873 1081 2916 ad
1110 2873 1238 2922 bella.
1279 2872 1331 2914 ad
1397 2869 1522 2913 festa.

271 2953 323 2996 Et
350 2959 457 3002 erat,
488 2949 658 2996 indicit
693 2947 925 3003 Joscplins,
968 2947 1069 2990 tuba
1099 2943 1240 2988 astuta
1266 2945 1523 2995 cantatoria,

271 3033 380 3077 pene
418 3019 714 3075 magnitudine
752 3016 915 3069 cubiti,
954 3015 1122 3060 calamo
1160 3018 1386 3071 capacior,
1416 3027 1527 3070 pr&-

272 3090 379 3133 liens
397 3090 438 3131 in
460 3089 669 3144 principio
695 3088 993 3139 latitudinem,
1017 3100 1112 3142 quae
1130 3084 1360 3130 conveniat
1376 3086 1445 3128 ori
1471 3086 1526 3130 ad

274 3165 591 3218 susceptionem
614 3162 812 3218 spiritus,
840 3174 938 3216 quae
965 3161 1174 3205 liebraiee
1192 3160 1350 3204 dicitur
1382 3174 1523 3204 asora.

272 3237 319 3281 ln
335 3237 650 3282 convocatione
671 3249 772 3280 vero
790 3235 1094 3287 multitudinis,
1115 3236 1258 3292 aliqua
1279 3245 1366 3279 crat
1390 3234 1527 3278 diver·

272 3311 396 3364 sitas,
423 3309 475 3353 ad
513 3309 842 3353 convocandum
870 3322 1045 3352 omnem
1086 3309 1312 3364 populum,
1344 3316 1527 3362 utraque

277 3387 406 3429 simul
459 3385 716 3439 clangebant
778 3384 1051 3440 simpliciter.
1105 3382 1168 3425 Ad
1221 3383 1527 3425 convocandos

1236 147 1239 150 ’
1273 141 1440 196 Parni
1469 146 1836 209 contestanis,

2753 151 2863 199 {22⁴

1751 237 1853 281 Csr.
1885 235 1994 281 xm.
2026 236 2088 280 De
2107 248 2268 280 recessu
2303 238 2438 282 Israel
2470 240 2527 282 ad
2547 248 2725 287 montem

2176 292 2314 339 Sinai.

1673 395 1688 423 ι
1725 381 1849 424 Anno
1868 379 2078 433 secondo,
2122 387 2275 426 mense
2306 383 2515 438 secundo,
2561 383 2770 440 vigesima
2795 389 2865 437 die

1611 452 1775 495 mensis
1795 454 1959 497 elevata
2002 459 2071 496 est
2094 454 2234 498 nubes
2255 455 2308 499 de
2348 456 2627 503 tabernaculo
2669 456 2866 514 soederis.

1610 531 1654 568 et
1674 524 1859 579 profecti
1884 532 1988 570 sunt
2022 526 2076 569 dc
2098 533 2245 570 monte
2272 526 2444 571 Domini
2468 532 2583 573 viam
2610 534 2738 574 trium
2764 530 2862 582 die-

1613 610 1711 641 rum
1737 596 1890 654 (Num.
1909 601 1971 655 x).
2017 614 2033 640 ι
2070 597 2231 644 Dicunt
2255 600 2423 645 Hebraei
2446 604 2559 658 qnod
2579 616 2677 647 area
2700 618 2877 659 przece->

1610 669 1736 713 debat.
1755 681 1830 714 eos
1876 670 2015 717 tribus
2057 673 2201 726 diem,
2249 685 2380 727 super
2397 686 2525 730 quani
2565 676 2679 720 nube
2701 674 2877 731 stante,

1610 749 1733 802 qnasi
1757 748 1810 791 ad
1827 755 1992 791 eertum
2019 749 2162 793 locum
2190 751 2505 795 conveniebant
2524 751 2746 808 paulatini,
2766 754 2866 810 qui-v

1610 820 1708 862 dam
1734 819 1880 874 eitius,
1900 820 2076 876 quidam
2104 821 2293 876 tardiusg
2320 823 2394 867 sed
2433 825 2589 868 melius
2625 835 2715 879 est,
2744 833 2791 870 nt
2809 827 2866 870 de

1611 892 1696 935 boe
1729 892 1881 936 itinere
1910 900 2076 936 tantuin
2105 900 2318 947 dicamus,
2344 898 2518 950 quando
2555 901 2719 959 egressi
2761 906 2867 947 sunt

1611 963 1664 1007 de
1682 971 1827 1008 monte
1851 962 1973 1018 Sina,
1999 972 2041 1008 et
2082 968 2300 1023 praecessit
2319 981 2393 1012 eos
2420 971 2574 1022 nubes,
2593 959 2676 1016 ⁴nec
2694 973 2861 1030 quievit

1608 1049 1687 1091 per
1709 1045 1796 1081 tres
1830 1039 1923 1082 dies
1945 1051 1988 1082 et
2018 1048 2187 1084 noctes.
2226 1037 2348 1084 Unde
2376 1044 2520 1085 statim
2563 1057 2864 1089 murmurare-

1611 1119 1711 1153 runt
1739 1122 1816 1166 pro
1839 1109 1987 1154 labore
2011 1116 2198 1166 itineris,
2244 1114 2346 1170 quia
2386 1128 2462 1160 nec
2483 1118 2682 1160 noctibus
2720 1125 2863 1162 castra

1614 1194 1887 1237 posuerunt,
1923 1192 1966 1228 ct
1993 1186 2095 1228 tune
2127 1187 2324 1230 recubuit
2366 1192 2502 1231 nubes
2549 1189 2588 1231 in
2629 1190 2862 1235 solitudine

1611 1254 1798 1306 Pharan,
1842 1258 1883 1300 id
1916 1265 1983 1301 est
2019 1258 2062 1301 in
2087 1259 2224 1314 prima
2255 1260 2480 1303 mansione
2505 1274 2633 1316 quam
2667 1261 2862 1310 fecerunt

1611 1327 1652 1370 in
1679 1327 1871 1372 Pharan.
1905 1329 1982 1372 Est
2007 1332 2121 1373 enim
2147 1327 2288 1374 Phara
2313 1334 2498 1376 maxima
2518 1335 2704 1378 solitudo
2730 1348 2860 1391 quant

1609 1402 1738 1445 inodo
1779 1402 1982 1446 Saraceni
2022 1405 2292 1456 inhabitant,
2335 1406 2434 1460 quia
2458 1418 2559 1461 ergo
2583 1419 2695 1450 anno
2722 1410 2861 1460 primo

1609 1471 1757 1519 mense
1783 1477 1910 1523 tertio
1939 1477 2078 1531 prima
2098 1477 2166 1520 die
2193 1479 2372 1531 mensis,
2404 1487 2617 1522 venerunt
2653 1482 2708 1523 ad
2731 1490 2858 1524 mon·

1611 1555 1693 1591 tem
1716 1548 1904 1602 Domini,
1931 1560 1972 1593 et
1989 1546 2044 1594 ab
2067 1549 2217 1594 eodem
2244 1552 2407 1607 egressi
2439 1560 2540 1594 sunt
2563 1563 2677 1597 anno
2703 1565 2860 1599 secun·-

1608 1625 1682 1676 do,
1706 1625 1916 1681 vigesima
1942 1625 2028 1679 die,
2069 1625 2231 1670 mensis
2255 1626 2451 1679 secundi,
2492 1634 2622 1682 patet,
2664 1623 2777 1683 qnod
2813 1627 2859 1672 in

1609 1698 1691 1741 liae
1712 1699 1955 1751 mansione,
1995 1710 2091 1754 quae
2116 1704 2159 1742 et
2197 1699 2454 1742 duodecima
2490 1700 2570 1743 tuit
2615 1701 2703 1744 sere
2735 1709 2859 1747 sede-

1610 1778 1711 1813 runt
1733 1783 1807 1824 pei·
1833 1784 2015 1815 annum.
2056 1770 2110 1814 Et
2150 1772 2254 1814 dicit
2295 1772 2599 1828 Hieronymus,
2641 1775 2742 1820 cuia
2783 1786 2860 1830 per

1608 1854 1771 1887 annum
1793 1851 1835 1887 et
1857 1852 2047 1899 quatuor
2071 1845 2164 1888 dies
2184 1845 2240 1888 ibi
2272 1842 2464 1888 fuerunt.
2508 1842 2630 1898 Quod
2651 1843 2858 1887 difficilli-

1606 1927 1726 1958 mum
1752 1922 1817 1960 cst
1838 1917 2048 1971 invenire,
2074 1917 2158 1961 nisi
2194 1918 2302 1962 torte
2336 1914 2466 1960 suerit
2491 1928 2633 1960 annus
2655 1916 2859 1961 embolis—

1608 1987 1751 2032 malis.
1778 1987 1924 2032 Potest
1953 1995 2094 2034 tamen
2118 1989 2202 2032 dici
2222 1989 2323 2044 quia
2347 1989 2501 2032 eadem
2521 1988 2590 2032 dle
2613 2001 2698 2045 qua
2719 1989 2857 2046 legem

1607 2065 1882 2115 acceperant,
1918 2059 2116 2103 ‘revoluto
2163 2073 2280 2105 anno
2315 2060 2519 2113 naturali,
2563 2069 2854 2104 recesserunt.

1606 2134 1715 2176 Cum
1737 2145 1839 2189 ergo
1864 2133 2084 2178 venissent
2106 2135 2243 2189 pridie
2267 2133 2481 2178 Kalendas
2498 2133 2615 2177 Iunii
2652 2134 2703 2175 ad
2730 2142 2860 2176 mon-

1608 2207 1709 2257 tem,
1730 2210 1772 2249 et
1793 2211 1948 2262 quart-a
1965 2205 2033 2248 die
2053 2204 2172 2248 Junii
2193 2207 2326 2261 legem
2351 2205 2628 2261 recepissent,
2655 2203 2690 2247 si
2707 2204 2856 2247 eadem

1606 2280 1676 2323 die
1701 2287 1858 2341 quai-to
1885 2281 2079 2323 revoluto
2109 2292 2242 2332 anno,
2273 2284 2568 2328 recesserunt,
2596 2283 2712 2334 patet
2754 2277 2855 2333 quia
2880 2266 2882 2270 ⁸

1607 2360 1794 2409 quatuor
1817 2353 1986 2406 diebus,
2005 2361 2047 2398 et
2078 2363 2202 2396 ann-o
2243 2353 2454 2398 sederunt>
2473 2351 2525 2395 ad
2563 2356 2780 2402 montem,
2812 2358 2858 2394 et

1607 2427 1814 2472 ita-tertio
1841 2439 1989 2470 mense
2031 2428 2133 2470 anni
2168 2426 2346 2484 legitimi
2389 2427 2454 2469 die
2479 2431 2633 2481 quarto
2666 2435 2858 2468 recesse-

1606 2509 1721 2546 runt.
1749 2500 2226 2545 Tainen'niliiloininus
2251 2511 2398 2543 rernm
2425 2507 2506 2551 est,
2536 2498 2638 2554 qnia
2666 2495 2856 2540 secundo

1606 2586 1771 2626 mense,
1802 2574 1904 2617 anni
1953 2574 2151 2626 secundi,
2190 2573 2400 2630 vigesima
2423 2571 2507 2620 die,
2533 2570 2694 2625 egi-essi
2735 2577 2854 2614 sunt.

1599 2647 1849 2704 'tripliciter
1901 2647 2022 2691 enim
2079 2646 2294 2702 aceipitui·
2324 2655 2466 2688 annus
2498 2642 2552 2687 ab
2589 2642 2670 2693 eis,
2705 2647 2858 2697 praeter

1606 2722 1862 2766 naturalem.
1886 2720 2226 2764 Annus-usualis
2248 2732 2270 2762 a
2295 2718 2521 2770 ianuario,
2544 2714 2671 2774 quem
2694 2717 2855 2759 liabent

1606 2798 1879 2841 communem
1901 2785 2126 2838 nobiseum
2152 2794 2198 2837 in
2219 2792 2516 2837 contractibus
2537 2791 2712 2843 suis-..et
2728 2796 2872 2846 tiegoa¹

1611 2868 1685 2914 tiis
1731 2868 2035 2914 communibus
2070 2867 2275 2924 agendis.
2318 2865 2462 2918 Quoto
2510 2871 2652 2908 autem
2707 2873 2856 2905 mense

1609 2946 1739 3000 liuius
1780 2943 1882 2987 anni
1929 2944 2084 2998 quinto
2122 2941 2192 2986 die
2230 2939 2395 2995 egi-essi·
2420 2944 2536 2989 sunt,
2563 2947 2646 2980 non
2678 2936 2851 2992 legitur.

1607 3016 1684 3062 Est
1705 3026 1750 3062 et
1768 3017 1883 3073 apud
1916 3026 1992 3060 eos
2037 3027 2178 3059 annas
2219 3014 2435 3069 legitimus
2481 3023 2568 3069 qno
2606 3011 2784 3057 utuntur
2808 3011 2862 3069 in*

1609 3091 1832 3149 legititnis,
1855 3091 1952 3146 qua}
1974 3096 2123 3145 agunt.
2172 3089 2216 3132 lu
2263 3093 2360 3140 noc,
2407 3092 2453 3131 υἱ
2493 3087 2699 3138 diximus,
2727 3084 2866 3134 terlio.

1607 3177 1756 3223 mense
1779 3170 1822 3207 et
1843 3163 1912 3206 die
1930 3169 2087 3218 quarto
2107 3161 2268 3218 egi-essi
2288 3166 2404 3204 sunt,
2443 3157 2529 3201 Est¹
2554 3165 2598 3202 et
2615 3159 2618 3163 '
2637 3158 2750 3214 apud
2775 3169 2854 3201 eos

1606 3239 1750 3281 annus
1771 3247 2013 3292 emergens.
2052 3234 2096 3277 ln
2142 3233 2392 3280 memoriam
2420 3233 2536 3276 enim
2583 3232 2852 3275 liberationis

1608 3322 1715 3360 suae,
1740 3315 1965 3364 coeperunt
2011 3319 2146 3350 annos
2171 3317 2280 3350 suos
2296 3316 2527 3348 numerare
2565 3304 2619 3347 ab
2657 3304 2773 3347 exitu
2797 3303 2853 3347 de

1609 3384 1814 3440 AEgypto,
1846 3382 1957 3426 sient
1992 3380 2154 3424 Graecia
2198 3381 2337 3435 prima
2375 3376 2851 3435 Olyinpiade,.Romani

273 3460 391 3503 solos
411 3459 643 3515 principes,
678 3460 809 3503 semel
833 3458 1107 3511 clangebant.
1138 3455 1260 3509 Quod
1296 3455 1526 3510 dupliciter
1553 3475 1585 3519 ῃ
1610 3459 1664 3503 ab
1703 3458 1807 3501 urbe
1843 3455 2033 3509 condita,
2067 3453 2302 3498 Christiani
2343 3453 2396 3495 ab
2440 3451 2739 3496 hicat-natione
2768 3449 2853 3494 Do-

276 3530 547 3587 intelligitur,
592 3532 632 3575 id
661 3538 727 3575 est
749 3544 833 3574 nna
870 3539 1056 3582 tantum,
1095 3532 1161 3574 vel
1189 3541 1275 3573 uno
1313 3530 1522 3585 impulsu.

276 3604 434 3658 Etiam,
466 3613 511 3648 ut
527 3606 641 3648 addit
665 3605 895 3661 lose-,pliusv
920 3613 1050 3649 semet
1069 3605 1339 3659 clangebant,
1361 3605 1527 3659 siprin·

278 3678 397 3733 cipes
420 3680 628 3733 populum
657 3693 784 3722 snum
814 3681 1000 3734 quisque
1024 3681 1067 3720 in
1087 3677 1267 3721 ccclesia
1287 3689 1526 3721 convocare

279 3752 498 3804 volebant,
529 3752 593 3795 iel
635 3750 805 3807 Moyses
836 3752 1044 3807 populum
1076 3763 1152 3806 per
1193 3750 1419 3794 ecclesias.
1460 3750 1526 3791 Ad

278 3832 421 3867 casti-a
446 3835 550 3867 vero
569 3833 795 3874 movenda,
824 3837 905 3865 non
928 3824 1196 3879 simpliciter,
1238 3823 1311 3866 sed
1337 3825 1527 3875 concise,

279 3906 323 3940 et
352 3897 564 3952 prolixius
602 3897 717 3939 uinis
739 3897 1010 3952 clangetant.
1060 3895 1111 3939 Et
1144 3897 1186 3939 in
1217 3896 1357 3951 primo
1381 3897 1526 3940 souitu

280 3969 510 4012 movebant
532 3977 673 4011 castra
712 3974 798 4011 tres
837 3968 990 4018 tribuS,
1035 3980 1130 4023 quie
1152 3973 1275 4010 erant
1314 3966 1367 4010 ad
1389 3967 1529 4011 orien-

282 4048 385 4092 tem,
407 4038 448 4083 in
472 4041 677 4094 secundo,
694 4052 790 4096 quae
807 4041 859 4084 ad
875 4041 1114 4093 meridiem,
1135 4042 1177 4084 in
1196 4042 1340 4094 tertio,
1359 4054 1456 4095 quae
1474 4054 1512 4084 ai

282 4114 567 4166 occidentem,
608 4113 651 4156 in
684 4122 856 4169 quarto,
896 4124 994 4169 quae
1015 4113 1068 4156 ad
1090 4113 1355 4168 aquilonem.
1372 4111 1514 4156 Modtn

282 4199 384 4229 vero
406 4185 636 4243 clangendi
658 4187 700 4230 iu
724 4186 849 4230 bellis
866 4199 952 4230 non
971 4187 1268 4242 distinguitur,
1283 4187 1384 4243 quia
1401 4186 1517 4231 torte.

282 4260 396 4302 sicut
419 4261 529 4315 apud
554 4259 662 4303 alias
686 4259 901 4312 nationes,
929 4259 1056 4303 tiebat
1089 4260 1203 4315 apud
1240 4272 1331 4310 eas,
1354 4259 1527 4316 quando

283 4331 411 4374 etiam
437 4333 653 4379 trabebant
677 4334 873 4376 solemne
902 4333 1096 4387 epulum,
1124 4340 1166 4376 ct
1184 4333 1278 4377 dies
1302 4332 1464 4385 festos,
1486 4341 1529 4376 et

283 4402 489 4448 kalendas
513 4406 782 4462 clangebant,
815 4405 889 4449 sed
910 4416 995 4447 uon
1022 4407 1412 4452 estdeteriniuatus
1434 4419 1528 4451 mo·

286 4476 368 4519 dus
390 4479 632 4522 sacerdotes
654 4487 794 4521 autem
815 4478 1084 4534 clangebant.

1611 3532 1734 3584 mini,
1758 3537 1798 3576 et
1820 3530 1951 3586 liujus
1974 3527 2098 3580 anni,
2124 3526 2315 3572 seeundo
2340 3534 2504 3576 mense,
2530 3525 2734 3582 vigesima
2782 3525 2852 3568 die

1608 3605 1769 3663 egressi
1793 3610 1907 3647 sunt.
1931 3602 2154 3645 Jamenim
2179 3611 2318 3645 annus
2335 3599 2472 3642 Pliase
2489 3598 2684 3654 usquein
2714 3597 2851 3658 Pliase

1610 3691 1723 3722 unus
1747 3676 1993 3727 transierat,
2016 3681 2059 3717 et
2079 3675 2130 3715 de
2152 3669 2342 3716 secundo
2379 3671 2535 3724 Plu-ase,
2571 3670 2750 3726 seilicet,
2773 3683 2846 3716 us-

1608 3764 1692 3807 qne
1729 3750 1770 3793 in
1802 3748 1943 3792 Pliase
1977 3747 2207 3800 fluxerant,
2249 3744 2562 3801 quinquaginta
2594 3743 2700 3788 dies.
2737 3742 2849 3806 Ergo

1610 3823 1773 3867 mensis
1794 3833 1923 3865 unus.
1953 3820 2128 3877 triginta
2152 3820 2318 3862 dierum
2349 3818 2547 3870 fluxerat,
2570 3823 2616 3861 et
2633 3815 2848 3861 secundas

1605 3889 1694 3952 jam
1742 3896 1903 3940 fecerat
1948 3895 2098 3951 viginti
2141 3894 2248 3937 dies.
2305 3891 2403 3936 Haec
2448 3900 2591 3935 autem
2636 3902 2847 3935 annorum

1609 3970 1835 4014 distinctio
1872 3969 1913 4011 in
1953 3967 2106 4011 multis
2144 3966 2518 4010 locisneeessaria
2563 3969 2645 4008 est.
2689 3966 2734 4008 ln
2769 3965 2848 4007 liae

1610 4043 1832 4087 mansione
1858 4042 1998 4084 media
2023 4052 2124 4096 pars
2169 4038 2321 4090 Exodi,
2345 4046 2386 4080 ot
2408 4045 2523 4082 totus
2549 4037 2782 4090 Leviticus,
2806 4042 2874 4080 et*

1609 4114 1896 4159 Numerorum
1924 4120 2132 4169 praecepta
2167 4125 2251 4155 non
2277 4112 2443 4167 modica
2466 4110 2679 4165 deseripia
2728 4116 2844 4153 sunt.

1607 4187 1714 4233 Nota
1736 4187 1851 4244 quod
1877 4186 2144 4242 quadruplex
2167 4192 2232 4229 cst
2259 4196 2414 4236 annus,
2440 4183 2672 4238 legitimus,
2701 4178 2847 4225 'einer-

1609 4273 1728 4318 gens,
1751 4259 1936 4311 usualis,
1956 4265 1998 4302 et
2020 4256 2248 4300 naturalis.
2273 4253 2423 4297 Annus
2448 4253 2682 4309 legitimus,
2717 4252 2846 4306 hujus

1611 4333 1712 4377 anni
1747 4331 1875 4376 tertio
1914 4342 2066 4375 mense>
2098 4328 2261 4380 Junio,
2289 4334 2332 4370 et
2364 4332 2517 4382 quarta
2540 4325 2612 4371 die
2651 4324 2843 4379 ejusdem

1609 4403 1778 4448 mensis.
1795 4401 1958 4458 egressi
1982 4407 2100 4447 sunt.
2123 4398 2278 4443 *istum
2300 4402 2504 4452 computa
2523 4409 2553 4456 a
2581 4394 2783 4439 Kalendis
2802 4394 2870 4444 inq
2893 4436 2896 4442 Δ

1611 4475 1844 4522 Kalendae.
1864 4474 2019 4518 Annus
2057 4483 2299 4529 emergens,
2339 4470 2468 4526 liujus
2491 4470 2608 4515 ‚anni
2654 4469 2869 4513 secundet
2908 4495 2912 4500 ·
