2924 4588
236 128 317 208 ῥυ
357 174 363 182 ,

296 274 337 315 4.
364 272 509 314 Virtus
547 266 795 311 bumilitafls
818 276 895 307 nos
933 262 1138 317 a0triplici
1164 261 1288 303 sorde
1319 271 1472 325 emun-

297 329 385 370 dat.
409 351 462 358 -—
485 327 525 368 5.
558 323 762 366 Pei-'roche
783 318 1028 372 evangelica
1052 317 1297 371 nuptiarum
1323 316 1365 356 in
1390 316 1472 355 La-

298 395 352 427 na
378 378 751 441 Caularem-quinus
773 375 873 418 Jesu
896 386 992 418 cum
1016 379 1167 420 matre,
1187 377 1227 413 et
1243 369 1470 434 discipulis

298 437 503 480 interfuit.
529 459 583 465 —
618 436 657 475 ti.
683 431 847 485 Nuptiae
871 433 970 472 sunt
1007 429 1093 470 veri
1118 438 1276 468 amoris
1301 424 1471 480 symbo-

298 495 400 543 lum,
424 502 508 545 quo
532 489 641 531 Deus
671 499 871 542 sponsus,
892 489 935 526 et
954 485 1094 525 anima
1113 494 1271 536 sponsa
1298 481 1471 534 copula-

298 556 381 590 tur.
405 570 458 577 —
485 547 521 587 7.
543 544 664 586 Circa
694 544 879 584 animam
896 550 1096 592 sponsam
1119 568 1130 586 ,
1162 543 1347 591 quatuor
1369 549 1472 590 ope-

297 610 415 644 ratur
438 600 656 643 Dominus.
694 594 838 639 Primo
865 597 976 637 lavat
1005 593 1267 636 immundam
1292 603 1367 646 per
1405 592 1471 635 sui

297 657 568 712 agnitionem.
587 678 640 684 —
657 652 698 695 8.
719 651 809 694 Vox
827 649 1073 706 poenitentis
1091 647 1257 693 animae.
1284 653 1326 689 et
1339 646 1470 689 Deum

296 714 375 755 sibi
402 709 666 754 conciliantis
683 707 906 751 ostensum.
922 729 976 735 —
1000 705 1039 747 9.
1068 702 1284 750 Secunde,
1302 707 1472 757 reparat

295 768 517 811 alisi-issam
534 776 608 819 per
622 775 749 818 opera
764 762 940 816 justitiae
959 773 970 812 ;
993 758 1359 801 subministrando
1375 770 1474 813 gra-

297 825 366 865 tiae
392 835 478 865 sua:
514 820 772 875 praesioium.
802 842 859 848 —
894 817 960 858 10.
996 814 1199 866 Quaenam
1230 814 1317 856 sint
1351 825 1473 856 novae

296 875 630 921 conversationis
654 874 851 923 insignia.
873 896 926 902 --
951 871 1018 913 tl.
1043 869 1203 921 Tertio,
1226 875 1396 922 coaptat
1418 868 1471 911 ad

295 935 506 976 decorem.
533 955 587 960 —-
615 930 679 971 12.
709 927 961 971 Sollicitudo
996 923 1396 968 servandi'ilecoris
1430 925 1471 967 in

296 990 450 1031 anima.
474 1010 528 1018 -
563 986 629 1027 15.
664 985 850 1035 Quarto,
877 986 1147 1024 consummat
1170 979 1222 1021 ad
1248 979 1472 1034 perlectio—

296 1057 407 1086 nem.
433 1041 633 1085 Perfecta:
655 1040 820 1090 animae,
853 1044 894 1080 et
914 1039 1154 1092 amplexum
1180 1036 1335 1091 Sponsi
1359 1036 1473 1079 desi·
1540 1059 1546 1062 -

295 1101 394 1143 dera
402 1098 486 1141 ntis
510 1096 777 1142 emblemata.

292 1217 324 1268 1.
342 1219 496 1264 Tenuit
515 1231 594 1262 nos
615 1218 774 1261 diutius
794 1227 920 1271 quam
941 1213 1256 1271 putavimus,in
1275 1225 1472 1259 sermone

241 1366 434 1415 militate.
457 1364 499 1405 in
516 1374 597 1417 qua
623 1361 883 1404 ablutionem
904 1364 1094 1401 nostram
1121 1357 1307 1401 diximus
1330 1357 1476 1400 consi-

241 1446 350 1482 stere
374 1435 635 1492 spiritualem
657 1450 665 1476 :
688 1434 808 1488 cujus
828 1443 981 1487 genera
1000 1443 1096 1473 cum
1116 1431 1239 1486 plura
1259 1430 1362 1480 sint,
1384 1432 1476 1486 se'p-

240 1519 325 1556 tem
356 1524 432 1554 nos
462 1509 779 1563 descripsimus.
807 1505 996 1547 Primum
1021 1510 1063 1547 et
1096 1503 1328 1548 secundum
1361 1503 1476 1546 dixi-

241 1597 336 1627 mus
360 1583 597 1626 babendum
619 1582 659 1622 in
675 1579 823 1631 coi·de;
843 1578 1014 1620 tertium
1038 1583 1290 1632 etquartum
1312 1576 1356 1618 iu
1374 1579 1474 1630 ore}

241 1658 436 1713 quintum
457 1662 497 1698 ct
520 1660 686 1697 sextum
723 1653 763 1694 in
797 1664 1005 1707 corpore3
1040 1651 1268 1704 septimum
1294 1663 1395 1693 vero
1433 1651 1476 1693 in

242 1728 406 1771 interna
422 1725 671 1771 intentione.
692 1724 740 1766 Ei
754 1724 907 1772 videte,
924 1735 975 1765 ne
992 1722 1199 1765 soricistae
1210 1722 1298 1765 sint
1314 1727 1475 1777 septem

240 1800 387 1844 vices,
425 1798 579 1852 quibus
607 1810 656 1840 ex
695 1803 905 1851 praecepto
948 1795 1086 1841 Etisaei
1130 1794 1172 1838 in
1210 1793 1394 1838 Iordane
1431 1807 1477 1838 sc

241 1872 350 1914 laval
375 1870 562 1912 Naaman
580 1902 590 1918 ,
616 1875 662 1910 ut
688 1868 864 1923 recipiat
897 1869 937 1909 in
972 1870 1196 1911 sanitatem
1224 1879 1324 1910 caro
1355 1867 1472 1922 ejus,

242 1941 658 1999 atqucmundeturss
674 1941 810 1997 t'neq.
827 1955 867 1991 v,
894 1940 975 1995 10).
998 1939 1382 1982 Naamandecorem
1407 1952 1477 1983 so-

241 2023 330 2065 nat,
358 2015 606 2070 etdesignat
625 2015 838 2056 bominem
865 2013 955 2068 qui,
980 2017 1183 2068 quantum
1202 2012 1252 2053 :ul
1277 2018 1475 2063 naturam

241 2087 408 2142 quidem
433 2086 614 2128 decorus
635 2092 726 2135 est,
756 2097 832 2139 pro
863 2096 913 2126 co
946 2083 1057 2138 quod
1095 2083 1145 2127 ad
1173 2083 1400 2138 imaginem
1435 2089 1478 2126 et

242 2158 561 2203 similitudinem
595 2158 669 2200 Dei
693 2157 892 2199 conditus
911 2162 992 2206 est,
1012 2156 1082 2210 qui
1106 2155 1204 2197 dum
1232 2156 1476 2211 superbiam

241 2238 433 2281 exercet,
459 2243 553 2286 quae
577 2230 860 2285 principatum
899 2230 1007 2284 gerit
1042 2229 1151 2271 inter
1177 2227 1276 2269 vitia
1308 2241 1402 2283 quae
1425 2228 1476 2270 ad

243 2304 432 2347 militiam
447 2303 656 2358 pertinent
677 2301 787 2356 regis
804 2302 927 2356 202
947 2300 1137 2355 pessimi,
1162 2300 1232 2355 qui
1259 2313 1384 2343 omne
1401 2314 1475 2344 su-

243 2378 372 2425 blime
394 2377 507 2419 videt
526 2408 537 2426 ,
567 2388 640 2432 pro
665 2387 715 2418 eo
738 2375 849 2434 quod
871 2373 957 2415 Rer-
980 2380 1039 2415 est
1060 2386 1182 2428 saper
1209 2386 1346 2415 omnes
1368 2373 1477 2427 filios

243 2449 439 2503 superbiae
466 2447 560 2505 (Job
586 2460 681 2497 xm,
702 2446 791 2502 25).
817 2448 940 2505 «nissi
975 2446 1043 2488 hic
1068 2446 1255 2488 Naaman
1281 2446 1478 2506 princeps

243 2531 309 2566 est
327 2521 486 2564 militiae
509 2521 620 2575 regis
643 2518 809 2575 Syriam
850 2520 949 2573 quia
976 2518 1098 2576 Syria
1133 2519 1320 2562 sublimis
1348 2510 1479 2565 inter—

246 2599 452 2651 pretatur.
483 2592 532 2634 lit
550 2593 647 2635 dum
668 2593 721 2642 ei,
746 2592 818 2653 qui
842 2593 922 2635 sibi
956 2592 995 2633 in
1017 2598 1193 2651 peceato
1216 2592 1476 2643 dominatur,

245 2673 329 2710 tam
354 2666 396 2708 in
417 2664 709 2720 magnitudine
743 2665 939 2712 tumoris,
966 2677 1092 2720 quam
1119 2665 1161 2707 in
1188 2665 1374 2720 appetitu
1398 2665 1482 2708 illi-

244 2737 317 2782 citi
343 2737 515 2788 favoris,
537 2738 704 2793 placet?
732 2737 855 2792 quasi
887 2748 1070 2791 magnus
1102 2736 1300 2792 est·apud
1342 2737 1482 2781 domi-

243 2822 347 2872 num
372 2823 510 2862 suuni,
535 2817 577 2853 et
602 2811 863 2862 honoratus,
888 2809 1073 2865 dumque
1095 2810 1147 2853 de
1176 2810 1388 2864 spirituali
1405 2821 1479 2852 ro·

248 2884 365 2933 bore,
392 2896 476 2938 quo
496 2884 622 2935 valet,
649 2890 689 2926 et
716 2884 768 2926 de
797 2883 937 2938 copia,
963 2895 1046 2938 qua
1073 2883 1274 2942 abundat,
1313 2888 1481 2939 stuper-

247 2954 323 3007 bit,
348 2955 390 2997 in
409 2955 695 3008 impuritatem
722 2966 1028 3009 nonnunquam
1058 2947 1239 2997 luxuriae
1262 2954 1406 2998 cadit:
1428 2954 1479 2998 ad

247 3026 358 3081 qitod
383 3027 595 3081 pertinere
614 3027 798 3078 videtur,
826 3027 938 3083 quod
964 3027 1014 3070 de
1037 3017 1131 3082 ipso
1161 3028 1333 3078 dicitur,
1365 3029 1480 3084 quod

248 3098 309 3138 nir
333 3097 412 3148 [uit
437 3097 572 3152 fortis,
598 3102 639 3139 ct
659 3097 785 3147 dives,
808 3097 877 3140 sed
902 3098 1085 3152 leprosus
1111 3098 1197 3154 (IV
1226 3098 1323 3154 Req.
1347 3113 1389 3151 v,
1419 3101 1479 3155 l).

250 3166 365 3214 Solet
388 3170 627 3223 enimjustu
654 3169 726 3213 Dei
749 3170 928 3224 judicio,
953 3171 1085 3226 quise
1109 3171 1151 3214 in
1168 3176 1379 3214 tumorem
1403 3175 1485 3216 eri·

251 3241 310 3295 git
331 3241 542 3292 elationis,
568 3242 609 3285 in
631 3242 874 3296 voraginem
895 3254 1199 3298 nunnunquam
1219 3244 1371 3286 cadere
1388 3255 1482 3286 cor-

252 3313 458 3368 ruptionis
479 3330 487 3357 :
519 3320 561 3355 ut
583 3314 801 3360 evidenter
823 3323 1024 3369 agnoscat
1049 3320 1307 3369 prostratus,
1327 3327 1402 3370 per
1419 3314 1485 3357 lu·

251 3398 432 3434 xurimn,
460 3386 660 3435 incarne,
679 3398 805 3440 quam
828 3385 1076 3428 immundus
1095 3392 1189 3430 erat
1214 3398 1360 3429 coram
1377 3385 1479 3434 Deo,

250 3466 414 3500 erectus
429 3470 501 3512 per
520 3458 759 3512 superbiam
776 3458 817 3499 in
835 3464 992 3502 mente.
1014 3457 1133 3501 Unde
1144 3456 1356 3514 Propheta
1369 3466 1479 3511 orat,

252 3534 298 3570 ut
320 3542 401 3572 non
428 3532 566 3571 veniat
586 3533 622 3572 ei
648 3543 722 3585 pes
746 3531 975 3586 superbiat,
1001 3544 1079 3574 nec
1109 3544 1262 3576 manus
1280 3538 1483 3587 peceato-

252 3601 311 3645 ris
338 3610 499 3644 moreat
537 3615 631 3645 eum
659 3602 795 3659 (Psal.
828 3617 953 3655 xxxv,
981 3604 1079 3661 1⁹2),
1108 3618 1184 3660 pro
1215 3602 1398 3660 eo‘quod
1427 3606 1485 3648 ibi

252 3674 420 3719 cadant.
446 3676 515 3727 qui
545 3683 774 3731 operantur
793 3677 1079 3732 imquitatem,
1100 3679 1386 3734 expelluntur,
1408 3691 1487 3721 nec

254 3752 433 3799 possunt
456 3751 566 3788 stare
589 3763 596 3788 z
633 3749 876 3796 ‹›sten«lens,
903 3750 945 3791 ni
970 3749 1120 3800 l'allor,
1155 3751 1198 3792 in
1224 3749 1366 3802 verbis
1392 3751 1486 3796 istis

255 3829 339 3857 non
364 3830 408 3860 se
434 3820 605 3860 multum
628 3822 860 3874 approbare
886 3823 928 3863 in
945 3821 1151 3873 Naaman,
1172 3824 1237 3866 vel
1252 3823 1383 3867 robur
1402 3824 1488 3868 sor-

255 3889 464 3937 titudinis,
492 3892 553 3932 rel
579 3891 819 3935 divitiarum
848 3894 1166 3947 abundantiam,
1198 3909 1321 3951 quem
1353 3896 1487 3939 l'oeda·

259 3966 346 4001 tum
370 3973 463 4003 csse
494 3965 698 4016 conspicit
721 3979 795 4019 per
814 3967 989 4021 lepram.

313 4027 360 4072 ll.
387 4030 488 4073 Nam
509 4033 607 4086 quid
629 4042 692 4075 est
718 4037 966 4081 inhonestas
991 4039 1133 4094 leprae,
1160 4040 1242 4083 nisi
1267 4048 1487 4095 peecatum

260 4103 467 4145 luxuriae?
505 4105 599 4147 ldeo
628 4119 649 4147 a
676 4110 827 4151 castris
858 4109 1148 4154 Israelitarum
1175 4113 1340 4169 Moyses
1362 4115 1489 4170 ejecit

260 4177 450 4230 leprosos
475 4177 620 4223 (Num.
654 4194 692 4230 v,
717 4181 777 4235 2).
818 4183 917 4236 quia
944 4196 965 4225 a
997 4186 1214 4228 consortio
1240 4193 1487 4230 sanctorum

261 4246 324 4287 lex
350 4248 537 4288 eliminat
564 4248 820 4313 luxuriosos.
847 4253 921 4295 Est
952 4255 1095 4310 itaque
1117 4257 1240 4299 lzomo
1265 4270 1338 4312 per
1361 4264 1488 4301 natu-

261 4329 351 4359 tain
389 4319 567 4362 ‹lm-orm
599 4321 812 4374 Naaman,
847 4330 889 4367 et
912 4338 987 4381 per
1012 4328 1316 4372 sublimitatem
1340 4343 1490 4386 super-

263 4385 344 4432 biae
373 4391 567 4447 princeps
598 4395 759 4439 militia:
789 4399 900 4454 regis
925 4398 1082 4454 Svriae‚
1115 4409 1152 4445 et
1182 4415 1256 4460 per
1279 4409 1488 4448 tumorem

1125 114 1291 161 Anam
1319 105 1914 156 PRAEMONSTRATENsts
2095 172 2098 174 -

298 225 368 259 tur
386 185 620 263 voluntarie
644 213 769 255 bomo
798 210 849 252 ad
880 208 1032 251 animae
1052 218 1139 255 sua:
1169 205 1397 248 medicum.
1418 203 1472 233 -“
1496 205 1530 251 Α
1554 205 1596 242 et
1624 196 1932 247 xenodoxiam,
1965 195 2011 239 in
2039 195 2198 254 quibus
2221 195 2433 251 pessimo,
2455 196 2526 240 cui
2549 199 2700 251 servit,
2721 199 2802 244 do-
2866 247 2867 254 χ

2714 109 2805 154 ⁴¹2-

1551 271 1669 314 mino
1694 271 1850 326 placet,
1875 280 2058 325 magnus
2081 273 2150 312 est
2167 269 2279 322 apud
2303 267 2523 312 dominum
2547 278 2590 315 et
2611 272 2800 318 honora-

1552 351 1637 386 tus.
1664 341 1746 394 Qui
1773 341 1901 385 etiam
1928 341 1972 383 in
1997 352 2050 383 eo
2097 339 2291 405 quotide
2313 340 2475 384 virtute
2491 347 2536 386 et
2565 343 2689 400 copia
2711 345 2802 400 spi·

1550 414 1695 457 rituali
1718 414 1858 457 elatus
1876 418 1960 464 est,
1990 413 2066 456 sed
2092 412 2372 463 luxuriosus,
2401 413 2468 456 vir
2496 413 2645 470 utique
2675 416 2801 462 tortis

1551 491 1633 536 est,
1652 491 1695 529 et
1715 486 1851 534 dives,
1879 485 1954 528 sed
1981 484 2193 542 leprosus.
2212 483 2458 529 Procedunt
2478 492 2623 531 autem
2648 489 2702 532 ab
2718 489 2804 540 hae
2868 479 2869 483 ¹

1551 558 1758 614 praedicta
1779 557 2060 609 sublimitate,
2092 557 2255 603 occulti
2279 557 2564 605 tentationum
2586 562 2799 606 motusad

1553 632 1740 674 animam
1765 637 1806 674 et
1828 619 2058 682 rationem,
2075 642 2159 689 qua
2175 628 2310 676 Deum
2327 630 2472 675 videre
2489 631 2672 685 solebat,
2696 633 2801 686 dun
2835 638 2839 640 ’

1551 715 1646 747 eam
1681 702 1909 747 delicatam
1938 702 2234 759 conspiciunt,
2262 703 2337 747 sed
2357 704 2646 760 negligentem
2676 705 2802 751 inve·
2839 714 2843 726 ²

1553 775 1702 825 niunt;
1727 774 1808 818 sub
1823 773 1988 830 peccati
2000 774 2292 829 captivitatem
2316 774 2535 830 redigunt,
2557 776 2805 827 etimmune·

1553 846 1617 888 dae
1638 845 1848 896 voluntati
1879 845 2044 891 servire
2071 843 2354 902 compellunt.
2387 842 2478 888 Hoc
2504 849 2571 889 est
2593 845 2708 901 quod
2729 845 2809 898 hie

1553 919 1759 972 liabetur,
1783 919 1884 974 quia
1909 916 1959 960 de
1981 916 2108 974 Syria
2126 949 2135 967 ,
2161 917 2313 972 eqressi
2340 923 2461 959 erant
2488 917 2814 971 lacrumans&

1554 992 1758 1046 capte'vam
1775 990 1982 1033 duxerunt
1996 989 2177 1046 puellam
2197 988 2419 1046 parvulam
2449 988 2500 1031 de
2521 998 2633 1034 terra
2646 989 2804 1048 lamaci·²

1552 1078 1642 1123 quoe
1659 1071 1750 1107 erat
1773 1064 1816 1106 in
1834 1062 2026 1118 obsequio
2049 1062 2194 1104 uxoris
2220 1060 2420 1104 Naaman
2445 1060 2487 1119 (1
2501 1061 2531 1105 V
2545 1061 2644 1120 Περ.
2662 1075 2714 1120 v,v
2735 1057 2801 1123 2),

1553 1135 1658 1179 Nam
1686 1134 2021 1185 uxor-Naaman,
2041 1133 2263 1176 immunda
2287 1138 2353 1177 est
2376 1134 2576 1178 voluntas
2598 1135 2803 1189 hominis.

1554 1221 1627 1264 per
1650 1214 1848 1255 naturam
1873 1206 2048 1262 quidem
2066 1204 2244 1258 decori,
2270 1206 2343 1250 sed
2361 1217 2438 1261 per
2456 1207 2698 1264 superbiam
2715 1205 2809 1254 ela-
2851 1214 2857 1260 ζ

241 1292 513 1351 pra-cedenti,
539 1291 713 1335 verbum
739 1288 852 1343 quod
876 1288 927 1330 ad
958 1300 1035 1331 vos
1068 1287 1297 1332 habuimus
1317 1285 1370 1330 de
1393 1286 1467 1328 bu·
1497 1281 1530 1323 Β
1555 1282 1601 1334 ιί,
1618 1286 1660 1325 et
1682 1278 2088 1337 perimmunditiam
2105 1278 2283 1335 leprosi.
2309 1278 2387 1322 Cui
2402 1279 2811 1337 obsequiturpuella.

1555 1354 1608 1397 de
1636 1361 1750 1396 terra
1774 1351 1903 1395 lsrael
1929 1351 2115 1407 captiva,
2139 1351 2327 1394 adducta
2349 1363 2375 1395 a
2399 1352 2656 1414 latrunculis
2682 1365 2826 1411 egre-⁸,

1555 1422 1772 1469 dientibus
1794 1424 1846 1468 de
1869 1423 2023 1482 Syria:
2052 1423 2154 1479 quia
2183 1422 2573 1469 immundae-sewu
2595 1426 2818 1475 voluntati·
2840 1412 2859 1476 ,Ὗ
2920 1454 2922 1458 .

1556 1501 1668 1544 ratio
1693 1502 1850 1545 misera
1873 1500 2084 1544 translata
2107 1512 2132 1542 a
2157 1506 2271 1545 statu
2297 1500 2524 1544 luminosae
2541 1499 2823 1556 contempla-v.

1557 1575 1690 1619 tionis
1714 1575 1768 1619 ab
1790 1576 1972 1619 occultis
2002 1574 2193 1618 motibus
2222 1573 2556 1622 procedentibus
2579 1573 2631 1619 de
2654 1585 2819 1632 super*
2854 1587 2857 1589 ·

1557 1648 1646 1693 bia.

1612 1719 1680 1764 ill.
1706 1719 1842 1777 llujiis
1858 1727 2002 1766 tamen
2018 1723 2170 1778 puella:
2193 1722 2424 1779 aliquando
2446 1721 2655 1766 instinctu
2679 1732 2826 1776 supet

1557 1793 1766 1836 munditia
1784 1794 1942 1851 leprosi
1962 1794 2054 1852 ipsa
2078 1794 2276 1838 voluntas
2299 1794 2568 1846 convenitur,
2585 1797 2820 1842 asserente»

1556 1877 1605 1909 ea
1639 1865 1778 1922 ipsum
1801 1866 1956 1910 debere
1986 1866 2049 1910 ire
2082 1866 2134 1909 ad
2157 1865 2415 1923 Prophetam
2431 1866 2565 1923 gilium
2586 1877 2807 1926 magnum,

1556 1944 1774 1993 potentem
1805 1940 1850 1981 in
1873 1950 2002 1994 opere
2024 1946 2066 1981 et
2089 1949 2288 1982 sermone
2321 1937 2441 1994 (Luc.
2466 1949 2587 1989 xxiv,
2598 1932 2707 2001 -ζ19)ξ,
2731 1935 2807 1993 qui

1558 2017 1623 2056 est
1647 2011 1688 2054 in
1713 2011 1910 2054 custodia
1935 2012 2171 2059 electorum
2211 2023 2388 2059 suorum
2427 2009 2546 2068 (quia
2567 2009 2808 2055 custodiam

1560 2083 2098 2144 Samariaintcrpretatur)
2125 2091 2170 2128 ut
2189 2097 2288 2129 eum
2323 2088 2445 2127 curet
2465 2095 2490 2126 a
2512 2083 2646 2139 lepra,
2678 2094 2809 2139 quam
2844 2115 2847 2118 ι

1558 2157 1700 2200 babet.
1727 2156 1834 2200 Nam
1862 2157 1963 2213 quid
1989 2164 2056 2202 est
2078 2158 2266 2215 puellam
2293 2156 2406 2199 hanc
2433 2155 2610 2200 dicere:
2638 2153 2809 2205 Utinam

1558 2231 1702 2285 [uisset
1726 2229 1917 2273 dominus
1932 2243 2045 2274 meus
2081 2229 2134 2273 ad
2152 2229 2408 2285 proplietam,
2427 2229 2496 2285 qui
2512 2235 2574 2272 est
2599 2227 2643 2272 in
2657 2227 2812 2273 Sama-

1561 2305 1653 2346 ria:
1684 2304 1866 2359 profecto
1891 2311 2078 2347 curasset
2096 2316 2194 2348 ¹eum
2219 2316 2243 2346 a
2269 2303 2383 2358 lepra
2398 2315 2478 2346 sua
2501 2300 2587 2360 (lv
2617 2295 2718 2358 Rea.
2762 2314 2807 2354 v,

1562 2378 1588 2419 3
1607 2382 1648 2420 et
1674 2377 1832 2434 seqq.),
1852 2377 1936 2420 nisi
1959 2377 2171 2420 rationem
2197 2375 2410 2420 affirmare
2434 2374 2660 2420 luxurioso
2682 2386 2811 2431 pero-

1562 2451 1740 2505 ptimum
1763 2462 1874 2501 csse,
1902 2457 1947 2493 ut
1969 2462 2043 2505 per
2070 2449 2371 2502 mutationem,
2408 2446 2463 2491 ad
2486 2446 2706 2492 Christum
2730 2458 2807 2490 ac·

1562 2523 1701 2573 cedat,
1729 2524 1798 2578 qui
1821 2513 1923 2567 suos
1945 2535 2114 2579 semper
2135 2521 2355 2575 custodit;
2381 2521 2483 2578 quia
2508 2521 2601 2577 ipse
2620 2532 2718 2564 eum
2745 2518 2813 2563 l'a-

1561 2599 1677 2634 ceret
1697 2593 1903 2636 mundum
1928 2593 1981 2636 de
2002 2593 2227 2636 immundo
2251 2597 2506 2647 conceptum
2531 2589 2815 2646 semine,=qui

1562 2664 1681 2710 solus
1696 2666 1762 2707 esl-
1783 2664 1878 2721 (Job
1899 2678 1986 2716 xiv,
2011 2665 2054 2721 4)
2072 2665 2089 2708 ¹?
2109 2664 2144 2707 A
2169 2677 2254 2722 qua
2277 2664 2451 2724 quidem
2474 2663 2592 2719 lepra
2616 2669 2662 2710 ut
2683 2674 2810 2709 cure-
2881 2653 2883 2700 ἶ

1563 2744 1646 2787 tur,
1674 2737 1763 2793 ipse
1781 2737 1908 2781 etiam
1924 2738 2099 2797 iniquus
2117 2750 2191 2781 rex
2208 2737 2344 2794 Syri-‘e
2364 2748 2411 2782 sc
2433 2735 2680 2780 intromittit
2693 2750 2707 2790 ;
2722 2722 2813 2780 non
2882 2779 2883 2787 ,

1561 2811 1677 2863 quod
1709 2811 1920 2855 castitalis
1944 2810 1987 2853 in
2014 2811 2189 2855 bomine
2213 2809 2469 2857 munditiam
2494 2808 2586 2865 ipse
2607 2808 2811 2865 antiquus
2835 2837 2838 2842 ·

1563 2884 1700 2927 hostis
1718 2883 1868 2939 diligat
1886 2897 1899 2933 ,·
1919 2883 1995 2927 sed
2016 2883 2072 2927 ad
2095 2884 2177 2927 boc
2199 2883 2292 2927 vult
2315 2893 2431 2934 eum,
2452 2882 2519 2926 vel
2544 2882 2599 2925 ad
2623 2889 2808 2937 tempus,
2882 2880 2884 2914 ἓ

1562 2955 1758 2999 mundari
1780 2969 1800 2998 a
1822 2957 2033 3012 contagiis
2056 2956 2220 3007 earnis,
2246 2961 2292 2999 ut
2317 2955 2440 3012 pejus
2459 2959 2502 3000 et
2522 2954 2812 3000 damnabilius
2839 2979 2842 2986 ν

1564 3030 1806 3074 sordidetur
1827 3043 1901 3086 per
1917 3031 2124 3074 elationes
2137 3029 2309 3074 mentis.
2331 3028 2448 3073 Solet
2468 3028 2582 3073 enim
2609 3024 2831 3073 seductor-

1565 3103 1634 3146 ille
1656 3102 1896 3160 versipellis
1918 3103 2136 3146 bominem
2161 3115 2250 3146 non
2268 3100 2379 3145 bona
2396 3100 2635 3145 intentione
2656 3101 2709 3146 ad
2725 3101 2812 3146 vir-

1563 3181 1696 3218 tutem
1724 3175 1910 3231 aliquam
1933 3176 1998 3220 vel
2023 3175 2076 3218 ad
2101 3175 2408 3220 abstinentiam
2435 3173 2551 3218 verbi
2570 3173 2724 3230 gratia,
2743 3185 2816 3218 ex·
2856 3165 2866 3198 3

1564 3247 1712 3299 citare,
1745 3249 1814 3291 vel
1836 3248 1890 3291 ad
1922 3250 2193 3302 castitatem;
2227 3254 2275 3292 ut
2295 3247 2584 3304 perniciosius
2607 3258 2703 3291 eum
2727 3245 2815 3294 sibi
2860 3238 2868 3263 ³

1565 3320 1736 3372 subdat,
1757 3320 1811 3364 de
1834 3321 1992 3364 virtute
2018 3320 2290 3376 gloriantem.
2317 3318 2402 3364 Sed
2415 3331 2543 3363 verus
2563 3324 2712 3364 noster
2726 3317 2815 3363 Eli·-
2883 3311 2885 3315 ’

1566 3405 1676 3436 saeus
1697 3392 1916 3448 leprosum
1939 3393 1991 3436 de
2014 3404 2092 3436 sua
2117 3390 2398 3435 mundatione
2429 3390 2663 3437 sollicitum
2690 3388 2814 3434 beni-
2880 3414 2882 3418 ·

1566 3477 1646 3520 gne
1676 3464 1871 3518 suscipit,
1906 3471 1948 3507 et
1974 3464 2037 3508 sie
2060 3476 2158 3507 eum
2192 3462 2366 3507 sanitati
2391 3461 2613 3512 restituit,
2649 3466 2697 3504 ut
2721 3472 2815 3518 ipsa
2854 3457 2860 3507 ζ

1566 3537 1701 3592 gratia
1723 3538 1922 3580 sanitatis
1955 3542 2235 3592 augmentum
2256 3535 2312 3579 sit
2338 3534 2607 3578 humilitatis.
2642 3531 2817 3576 Mandat
2854 3551 2856 3555 >

1566 3623 1750 3666 namque
1775 3611 1831 3662 ei,
1857 3618 1903 3653 ut
1925 3610 2084 3665 septies
2102 3621 2148 3653 se
2169 3607 2282 3653 lavet
2303 3608 2345 3651 in
2363 3607 2566 3656 Jordanc,
2591 3611 2634 3650 et
2657 3606 2720 3650 sic
2742 3616 2816 3651 re·-

1567 3683 1700 3739 cipiat
1733 3683 1962 3726 sanitatem
1986 3695 2088 3726 earo
2121 3682 2216 3738 ejus
2237 3714 2247 3732 ,
2275 3687 2404 3737 atque
2424 3679 2671 3723 mundetur.
2705 3676 2815 3731 Quia
2856 3699 2863 3717 .-

1568 3755 1769 3798 nimirum
1796 3763 1898 3798 tunc
1921 3768 1944 3798 a
1973 3756 2139 3807 morbo,
2162 3767 2289 3811 quem
2308 3755 2352 3797 in
2373 3765 2519 3805 carne,
2544 3765 2619 3809 per
2640 3762 2814 3795 carnem

1569 3816 1866 3872 contraximus
1890 3829 2011 3884 plene
2036 3839 2260 3879 sanamus,
2286 3832 2330 3870 et
2349 3825 2490 3870 sanati
2511 3823 2814 3876 emundamur,
2863 3828 2873 3876 ‘j

1569 3912 1666 3943 cum
1688 3900 1731 3942 in
1744 3900 2024 3944 descensione
2035 3912 2149 3944 verae
2161 3898 2434 3948 humilitatis,
2462 3897 2531 3942 liis
2543 3901 2706 3952 septem
2719 3906 2816 3940 mo·

1569 3973 1650 4024 dis,
1681 3987 1789 4029 quos
1808 3974 2007 4028 superius
2030 3973 2340 4030 expressimus,
2369 3971 2600 4034 abluimur.
2636 3969 2816 4014 Descea-
2854 3995 2864 4002 2
2885 3977 2887 4008 i

1568 4042 1644 4094 dit,
1673 4046 1731 4087 ait
1755 4043 1978 4099 Scriptura
1997 4075 2008 4096 ‚
2035 4051 2075 4087 et
2106 4044 2206 4086 lavit
2229 4044 2375 4098 septies
2394 4043 2437 4085 in
2465 4040 2668 4092 Iordane,
2685 4040 2815 4096 juxta
2880 4045 2889 4078 Ἰἓ

1571 4113 1733 4156 verbum
1751 4115 1827 4157 viri
1853 4115 1958 4157 Dei:
1978 4124 2016 4158 et
2042 4116 2236 4158 restituta
2254 4122 2314 4158 est
2336 4127 2435 4157 caro
2458 4113 2565 4169 ejas,
2592 4113 2698 4156 sicat
2715 4114 2813 4161 caro
2882 4104 2889 4150 ῥ’

1568 4187 1731 4239 purvuli
1749 4189 1882 4241 paeri,
1903 4195 1941 4231 et
1957 4195 2126 4230 curatus
2142 4194 2203 4230 est
2230 4185 2271 4245 (Ι
2283 4186 2315 4230 V
2329 4185 2429 4242 Req.
2450 4199 2494 4238 v,
2516 4185 2603 4242 Η).
2630 4183 2815 4228 Descen·
2854 4219 2872 4242 s,

1570 4257 1631 4300 ‹lit
1653 4263 1694 4300 et
1714 4259 1840 4309 lavit,
1865 4260 1966 4315 quia
1989 4260 2072 4304 nisi
2096 4259 2394 4303 descendisset
2415 4270 2493 4314 per
2508 4257 2814 4310 humilitatem.
2857 4244 2871 4315 ζ,

1572 4330 1621 4371 :ul
1646 4331 1916 4385 spiritualem
1932 4344 2153 4388 nunquam
2175 4331 2421 4388 pertigisset
2445 4330 2726 4389 ablutionem.

1626 4402 1694 4447 lV.
1721 4405 2192 4464 Consideratc,quaeso,
2217 4417 2312 4461 quae
2324 4403 2376 4448 ad
2401 4401 2812 4456 commendationem
2860 4399 2873 4454 ς

2855 4457 2891 4538 ἑ
