2924 4588
18 355 22 400 l

52 51 55 53 ’
105 45 215 87 Ηῦδ

102 211 282 253 haberet
302 222 474 259 exosos,
494 209 652 254 Tobias
675 211 982 256 consolabatur
1009 225 1101 266 eos,
1125 221 1167 257 ct
1190 215 1339 269 egenis

105 280 391 324 ministrabat.
416 280 612 337 Cumque
640 294 840 326 reversus
863 292 978 327 esset
997 282 1292 329 Sennacherib
1315 297 1339 328 a
1379 280 1403 293 ”

99 349 261 403 Judaea,
288 352 564 396 multitudine
579 355 799 398 exercitus
829 362 954 399 nocte
978 356 1032 399 ab
1063 358 1216 411 angelo
1243 370 1340 412 per·-

99 433 252 469 cussa,
283 422 450 477 fugiens
481 435 653 466 manum
685 423 873 477 Domini,
897 427 1035 471 iratus
1069 430 1228 472 multos
1252 429 1339 473 He-

36 542 38 549 l
98 493 309 536 braeorum
330 495 431 537 fecit
453 495 607 546 occidi,
635 509 818 552 quorum
843 510 1026 554 corpora
1043 500 1200 545 Tobias
1218 514 1340 558 sepe-

99 563 246 608 liebat.
272 563 395 616 Quod
421 578 520 608 cum
560 569 806 612 nuntiatum
838 576 954 615 esset
979 573 1086 628 regi,
1110 573 1207 615 tulit
1245 587 1353 618 orn--

60 664 62 666 v
97 647 195 680 nem
217 637 505 680 substantiam
525 639 637 693 ejus,
668 647 710 684 et
735 642 978 697 eumjussit
996 644 1151 688 occidi.
1179 645 1338 689 Tobias

96 719 199 750 vero
221 707 388 764 fugiens
415 723 512 752 cum
537 723 668 755 uxore
691 718 734 755 et
757 714 861 766 filio,
903 715 1044 767 latuit,
1069 718 1172 774 quia
1210 719 1336 761 multi

39 813 43 838 5
97 778 327 835 diligebant
351 795 464 826 eum.
489 782 590 827 Post
610 786 894 841 quadraginta
918 790 1107 844 quinque
1129 791 1221 834 dies
1238 787 1343 834 cum¹

97 858 210 894 esse-t
230 853 402 897 occisus
428 866 500 897 rex
535 867 558 897 a
588 856 687 907 liliis
707 858 811 902 ‘suis
837 859 962 902 rediit
997 859 1155 906 Tobias
1190 863 1235 905 in
1261 863 1336 906 do·

99 935 212 966 mum
254 938 391 972 suain.
420 932 461 970 et
485 930 684 972 restituta
712 938 812 974 sunt
852 932 890 976 ei
926 934 1084 978 ablata.
1121 933 1255 979 Porro
1293 938 1338 981 in

95 996 282 1051 quodam
322 998 392 1043 die
435 998 562 1052 sesto,
602 1013 700 1045 cum
738 1008 933 1058 pai-atum
960 1013 1076 1050 esset
1110 1010 1336 1063 prandium

95 1069 431 1127 apud-Tobiam,
456 1073 564 1115 dixit
593 1074 679 1116 lilio
697 1088 778 1119 suo
800 1089 809 1117 ε
835 1092 848 1117 e
882 1077 1013 1131 Vade,
1037 1085 1079 1123 et
1099 1079 1236 1124 adduc
1259 1083 1338 1124 ali-

94 1134 282 1206 quosde
306 1145 421 1193 tribu
445 1151 594 1190 nostra
631 1148 831 1194 timentes
853 1150 1004 1202 Deum,
1038 1159 1086 1201 ut
1109 1156 1337 1198 comedant

94 1210 321 1276 nobiscum
351 1217 480 1274 (To'b',⁸
505 1217 578 1266 rii.
605 1235 620 1262 ι
646 1220 727 1274 Qui
750 1235 948 1268 reversus
967 1218 1182 1271 nuntiavit
1201 1241 1335 1271 unum

93 1289 147 1332 de
171 1285 618 1350 liebraeisjugulatum
647 1293 796 1347 jacere
818 1295 862 1338 in
883 1298 1040 1351 platea,
1058 1304 1101 1342 et
1131 1299 1336 1344 exsiliens

96 1358 256 1415 Tobias
292 1361 500 1419 jejunus,
524 1356 647 1413 ‘tulit
679 1369 846 1410 occulte
883 1381 1042 1423 corpus
1080 1371 1123 1413 in
1162 1371 1335 1415 domum

94 1430 247 1484 suam,
287 1442 345 1478 et·
367 1436 553 1478 cmnedit
592 1449 749 1491 panem
781 1438 824 1480 in
849 1439 968 1481 luctu
991 1446 1035 1482 et
1062 1446 1265 1492 tremore,
1295 1447 1338 1485 et

94 1519 193 1550 cum
218 1507 285 1550 sol
313 1508 614 1566 occubuisset,
641 1512 838 1567 sepelivit
878 1512 1010 1565 illud;
1037 1520 1077 1556 et
1103 1514 1338 1570 arguebant

94 1591 191 1623 eum
214 1580 395 1635 proximi
416 1573 699 1627 sui'dicentes
727 1602 735 1626 :
760 1598 774 1624 ι
799 1583 938 1642 lluJ'us
967 1586 1031 1628 rei
1051 1573 1339 1630 causa‘i'nter-

96 1652 339 1708 ficivjnssus
364 1666 427 1704 es,
459 1661 501 1698 et
532 1656 688 1699 iterum
714 1658 870 1712 sepelis
897 1664 1105 1703 mortuos.
1130 1658 1215 1702 Sed
1253 1659 1337 1702 Tc·

93 1725 204 1775 bias,
229 1726 368 1782 magis
395 1727 551 1772 timens
586 1727 720 1773 Deum
741 1741 872 1784 quam
912 1742 1052 1786 regem
1070 1762 1082 1782 ‚
1107 1730 1337 1785 sepultura„¹

93 1797 341 1843 occisorum
380 1800 595 1845 sollicitus
626 1802 833 1845 instabat.
872 1801 1066 1859 Contigit
1104 1809 1248 1846 autem
1271 1812 1334 1855 ut,

93 1868 276 1924 quadam
303 1869 390 1920 die,
421 1871 625 1926 fatigatus
656 1885 678 1915 a
707 1873 931 1929 sepultura
955 1874 1130 1917 domum
1165 1875 1335 1920 rediens

88 1935 274 1996 jactaret
291 1938 474 1994 se'juata
501 1942 725 1995 parietem,
746 1949 787 1985 et
804 1943 1080 1997 obdormivit,
1105 1951 1146 1988 et
1166 1959 1216 1989 ex
1236 1947 1337 1990 nido

92 2009 369 2053 hirundinum
395 2012 532 2055 calida
557 2021 748 2059 stercora
771 2029 900 2071 super
918 2018 1066 2061 oculos
1100 2018 1195 2074 ejus
1227 2020 1338 2062 inei-

93 2080 260 2131 derent,
289 2089 331 2126 et
358 2082 496 2128 factus
523 2091 589 2130 est
616 2098 772 2131 caecus.
807 2103 820 2129 ι
843 2086 943 2134 Haec
965 2095 1109 2133 autem
1140 2092 1336 2145 permisit

93 2152 209 2197 Deus
235 2155 326 2198 lieri
358 2156 411 2199 ad
448 2158 544 2213 eius
579 2159 897 2214 probationem,
923 2168 965 2206 et
1002 2162 1056 2205 ad
1090 2164 1335 2220 exemplum

769 43 1030 91 HISTORIA
1060 45 1457 94 SCHOLASTICA.
1487 73 1543 81 —-
1576 50 1739 93 LIBER
1779 51 1982 98 TOBlAE.

52 167 58 175 ,,
104 136 393 188 salmanasar,
406 148 503 180 eum
524 134 636 186 tilius
654 137 748 191 ejus
768 129 1070 184 Sennacherib
1081 141 1191 186 tilios
1209 140 1340 185 lsrael
1363 143 1401 188 A
1421 147 1653 201 conspectu
1677 141 1863 191 Domini.
1889 143 1941 187 Et
1963 144 2122 187 nilssus
2151 152 2221 190 est
2248 148 2423 203 angelus
2442 148 2644 205 Rapbael,

2547 62 2654 106 1454

1421 217 1467 255 ut
1485 206 1654 256 curaret
1678 225 1769 258 eos.

1479 282 1651 339 «igitur
1675 296 1772 327 cum
1801 283 1968 328 '‘robias
2011 292 2180 340 putaret
2211 301 2258 331 se
2292 289 2558 340 exauditum,
2602 298 2647 334 ut

1419 362 1675 406 moreretur,
1697 357 1866 399 dicebat
1893 358 1944 400 ad
1978 359 2109 401 lilium
2144 373 2268 403 suum
2294 375 2302 400 :
2329 361 2456 411 Audi,
2488 363 2543 404 lili
2572 364 2645 413 mi,

1419 429 1548 473 verba
1582 441 1693 478 mea,
1731 436 1772 471 et
1797 441 1845 471 ea
1879 430 2002 484 quasi
2045 430 2321 475 fundamenta
2346 433 2388 474 in
2421 435 2648 477 cordetuo

1419 501 1648 544 constitue.
1670 500 1774 543 Cum
1800 502 1958 545 moriar
1975 504 2155 558 sepelies
2179 517 2262 553 me,
2289 514 2329 547 et
2346 506 2547 550 honorem
2572 507 2649 550 ha-

1418 572 1540 615 bebis
1567 573 1691 615 matri
1734 579 1832 623 tuae,
1871 574 1970 616 dum
2003 575 2171 618 vixerit.
2198 576 2407 619 Mor-tuam
2445 579 2557 620 circa
2581 591 2649 622 me

1421 644 1600 699 sepelies
1623 656 1741 695 eam;
1768 657 1938 700 semper
1968 646 2009 689 in
2044 654 2185 690 mente
2218 649 2370 691 habeto
2405 649 2647 704 Dominum,

1420 717 1478 759 sni
1511 717 1586 767 mi,
1612 722 1654 759 et
1693 729 1814 760 serva
1843 717 2040 760 mandata
2064 720 2183 774 ejus,
2210 721 2262 763 de
2298 721 2534 764 substantia
2573 727 2648 765 tua

1419 787 1485 829 sac
1513 788 1826 843 eleemosynas,
1849 789 1950 842 quia
1967 790 2235 845 eleemosyna
2265 791 2318 833 ab
2340 792 2453 834 omni
2473 798 2649 846 peccato

1419 861 1639 910 liberat,et
1650 874 1844 917 magnam
1859 867 2030 917 praestat
2050 862 2242 905 fiduciam
2262 875 2403 905 coram
2417 864 2503 906 Deo
2517 866 2650 907 omni-

1417 933 1499 976 bus
1519 932 1774 976 facientibus
1798 945 1908 976 eam.
1925 932 2119 981 Attende,
2146 933 2200 974 sui
2226 933 2494 983 mi,abomni
2514 934 2649 976 sorni-

1418 1006 1603 1055 catione,
1624 1011 1666 1048 et
1693 1018 1714 1047 a
1735 1006 1936 1060 superbia
1960 1018 1982 1047 a
2009 1018 2092 1060 qua
2111 1007 2292 1060 sumpsit
2316 1007 2482 1048 initium
2507 1007 2648 1050 omnis

1417 1076 1617 1131 perditio.
1643 1076 1880 1118 Consilium
1906 1088 1928 1118 a
1952 1077 2143 1131 sapiente
2166 1077 2379 1131 perquire,
2404 1089 2427 1118 a
2453 1086 2645 1131 peccato-

1419 1148 1538 1190 ribus
1558 1146 1741 1190 declina.
1768 1146 1930 1190 Merces
1953 1147 2204 1189 mercenarii
2231 1159 2314 1189 non
2345 1155 2512 1189 mancat
2537 1147 2650 1202 apud

1365 1209 1395 1250 Β
1420 1225 1475 1261 te.
1504 1217 1599 1259 Noli
1633 1218 1798 1269 timere,
1834 1217 1890 1258 fiii
1916 1217 1990 1267 mi,
2014 1218 2113 1272 quia
2149 1229 2373 1271 pauperem
2406 1219 2536 1260 vitam
2559 1221 2650 1273 egi-

1419 1303 1533 1338 mus,
1576 1290 1649 1332 sed
1694 1290 1827 1331 multa
1865 1289 1978 1331 bona
2013 1289 2280 1339 habebimus,
2309 1291 2347 1332 si
2383 1292 2648 1334 timuerimus

1418 1362 1568 1405 Deum.
1589 1361 1798 1404 Praeterea
1822 1363 1946 1412 scito,
1977 1361 2077 1416 quia
2102 1361 2197 1404 dedi
2235 1361 2392 1404 Gabelo
2415 1363 2559 1405 decem
2585 1369 2650 1405 ta·

1418 1437 1531 1478 lenta
1555 1435 1721 1490 argenti
1750 1436 1793 1476 in
1818 1434 1969 1490 Rages,
2003 1435 2128 1489 cujus
2167 1435 2494 1492 chirographum
2520 1450 2648 1493 penes

1418 1521 1486 1551 me
1510 1508 1660 1551 babeo.
1698 1507 1904 1563 Perquire
1939 1519 2040 1562 ergo
2072 1508 2148 1550 tibi
2185 1507 2346 1551 fidelem
2380 1510 2513 1552 virum
2534 1542 2544 1559 ,
2576 1511 2648 1565 qui

1417 1586 1560 1624 tecum
1585 1586 1668 1632 eat,
1691 1581 1808 1623 salva
1839 1580 2035 1622 mercede
2060 1591 2152 1630 sua,
2183 1587 2228 1622 ut
2258 1581 2459 1623 restituas
2493 1579 2648 1624 Gabelo

1418 1655 1754 1710 chirographum
1778 1666 1920 1705 suum,
1956 1659 1998 1697 et
2020 1655 2112 1709 ipse
2145 1654 2340 1697 restituet
2367 1654 2440 1696 tibi
2476 1654 2648 1708 deposi-
2684 1659 2687 1661 '

1419 1736 1507 1771 tum
1534 1727 1655 1784 (Tob.
1682 1727 1756 1783 lv).
1792 1743 1807 1768 »
1827 1751 1881 1759 -—
1900 1741 1915 1768 ‹
1939 1725 2058 1770 Tunc
2083 1739 2280 1782 egressus
2299 1726 2469 1778 Totins,
2491 1727 2652 1772 invenit

1414 1803 1618 1857 iuvenem
1655 1802 1952 1851 succinctum,
1990 1807 2031 1843 et
2065 1800 2189 1854 quasi
2225 1800 2277 1842 ad
2317 1801 2397 1842 iter
2436 1808 2647 1854 paratum,

1419 1876 1622 1932 ignorans
1641 1875 1754 1931 quod
1781 1876 1958 1930 angelus
1977 1873 2048 1917 Dei
2067 1879 2181 1917 esset
2204 1873 2324 1930 (Tob.
2344 1875 2403 1929 v).
2430 1888 2443 1913 »
2460 1871 2652 1927 Cumque

1419 1949 1655 2005 accepisset
1683 1948 1736 1990 ab
1758 1960 1809 1990 eo
1842 1941 1957 2003 quod
1988 1958 2157 1990 omnem
2183 1945 2402 1990 Medorum
2435 1946 2650 2001 regionem

1418 2023 1626 2072 novisset,
1652 2026 1695 2076 et
1731 2019 1870 2076 stages
1900 2019 2134 2068 civitatem,
2161 2026 2201 2061 et
2223 2017 2425 2060 Gabelum
2453 2017 2652 2059 habitan-

1419 2101 1502 2138 tem
1522 2095 1568 2137 in
1590 2106 1655 2145 ea,
1677 2091 1913 2136 introduxit
1937 2103 2032 2134 eum
2053 2091 2105 2134 ad
2127 2096 2291 2145 patrem
2311 2102 2452 2140 suum,
2473 2098 2513 2131 et
2537 2090 2652 2132 salua

1418 2170 1524 2212 tavit
1547 2181 1644 2212 eum
1667 2164 2030 2223 juvenis,''d‘icens
2057 2177 2067 2205 ε
2094 2181 2107 2205 ς
2131 2163 2341 2207 Gaudium
2367 2163 2420 2206 sit
2441 2161 2518 2204 tibi
2539 2174 2648 2205 sem·

94 2227 313 2282 patientiae
335 2229 380 2274 in
413 2239 652 2286 posterum.
691 2232 798 2276 Nam
837 2241 880 2278 et
911 2236 956 2279 in
981 2237 1182 2282 omnibus
1206 2238 1335 2281 bene·
1358 2264 1391 2310 C
1419 2255 1508 2299 per.
1529 2242 1612 2295 Qui
1631 2239 1888 2297 respondit}
1909 2232 2043 2297 Quale
2083 2237 2282 2294 gaudium
2309 2237 2391 2279 erit
2424 2235 2552 2285 mihi,
2578 2236 2649 2289 qui

93 2300 371 2354 dixit‘Deum,
400 2305 512 2348 sicut
532 2306 684 2351 beatus
710 2306 805 2356 Iob,
829 2315 872 2352 ct
895 2310 1117 2366 proximos
1140 2324 1243 2356 suos
1269 2311 1338 2355 in-

94 2375 304 2421 sultantes
329 2377 368 2420 ei
401 2373 651 2436 increpabat
686 2381 867 2426 dicens:
893 2399 906 2425 ‹
936 2383 1079 2428 Nolite
1112 2386 1171 2428 ita
1200 2386 1334 2441 loqui,

93 2446 169 2490 filii
190 2449 305 2491 enim
340 2457 590 2496 sanctorum
614 2466 780 2507 sumus,
806 2462 848 2499 et
883 2456 1013 2499 vitam
1039 2457 1155 2499 illam
1185 2470 1338 2513 exspe-

94 2525 262 2589 ctamus
280 2535 408 2579 quam
426 2524 539 2570 Deus
569 2527 754 2573 daturus
776 2537 842 2573 est
863 2530 1060 2574 fidelibus
1082 2531 1189 2574 suis.
1213 2531 1337 2574 Anna

94 2608 204 2639 uxor
225 2597 321 2652 eJ'us
350 2598 438 2642 ibat
473 2601 527 2645 ad
562 2603 796 2646 textrinum
833 2616 942 2659 opus
981 2604 1188 2659 quotidie,
1210 2610 1252 2648 et
1285 2604 1337 2649 de

93 2669 240 2713 labore
258 2683 463 2717 manuum
481 2686 677 2734 suarum,
701 2675 816 2732 quod
841 2678 1047 2733 consequi
1073 2682 1241 2734 poterat
1262 2677 1339 2720 de·

34 2808 38 2812 y
93 2742 276 2788 serebat.
311 2744 488 2790 Factum
530 2753 595 2791 est
633 2755 776 2792 aulem
817 2754 863 2792 ut
897 2750 1065 2794 haedum
1093 2751 1334 2805 accipiens,

93 2814 316 2862 detulisset
351 2820 485 2871 domi,
521 2822 646 2877 eujus
673 2822 862 2865 balatum
903 2822 970 2866 vir
994 2822 1203 2872 audiens,
1239 2822 1334 2864 ait:

35 2941 38 2943 v
97 2904 113 2931 ι
140 2887 290 2935 Videte
323 2905 377 2936 ne
406 2892 592 2938 furtivus
628 2894 700 2938 sit.
734 2910 747 2935 ι
776 2893 838 2948 Ad
880 2895 971 2938 haec
995 2895 1105 2937 irata
1137 2904 1246 2936 uxor
1268 2906 1335 2937 re.-

93 2965 301 3020 spondit:
333 2981 346 3006 c
378 2966 604 3011 Manifeste
644 2980 753 3011 vana
795 2968 907 3011 sacta
939 2975 1006 3012 est
1038 2974 1135 3024 spes
1161 2974 1259 3017 tua,
1294 2973 1338 3011 et

94 3035 380 3097 eleemosynae
405 3048 488 3085 tuae
521 3044 759 3098 perierunt.
784 3060 797 3084 ›
819 3067 873 3075 —-
900 3058 914 3084 ‹
942 3043 994 3086 Et
1023 3045 1231 3100 ingemuit
1250 3043 1336 3085 To-

95 3112 190 3158 bias
213 3125 310 3158 cum
345 3115 547 3172 lacrymis
579 3116 727 3160 dicens
753 3130 761 3157 :
792 3117 843 3159 Et
881 3129 1013 3168 nunc,
1039 3117 1234 3167 Domine,
1266 3129 1335 3159 sc-

93 3186 281 3230 cundum
305 3188 566 3231 voluntatem
585 3194 702 3231 tuam
728 3188 796 3232 sac
822 3201 1003 3239 mecum,
1029 3194 1070 3231 et
1093 3188 1275 3243 praecipe
1294 3187 1338 3229 in

92 3269 199 3315 pace
237 3259 367 3314 recipi
401 3259 599 3315 spiritum
636 3273 794 3304 meum.
842 3260 1024 3315 Expedit
1065 3263 1179 3303 enim
1230 3259 1338 3302 mihi

1420 2316 1561 2357 lumen
1587 2314 1685 2356 coeli
1706 2325 1792 2356 non·
1821 2306 1945 2355 rideo‘
1957 2298 2092 2353 ‘sieut
2125 2309 2295 2363 invenis
2321 2307 2465 2350 :Forti
2497 2298 2651 2349 ¹animo

1417 2392 1537 2438 csto;
1571 2386 1615 2427 in
1637 2385 1836 2440 proximo
1855 2388 1922 2426 est
1956 2388 2002 2425 ut
2045 2394 2070 2423 a
2099 2380 2185 2423 Deo
2211 2381 2390 2423 cureris.
2416 2378 2468 2420 Et
2495 2378 2552 2419 ait
2571 2377 2653 2419 To-

1417 2462 1511 2505 bias
1528 2456 1717 2504 :Poteris
1738 2455 2122 2513 perduceretilium
2141 2466 2282 2497 meum
2309 2453 2361 2495 ad
2383 2451 2584 2494 Gabelum
2599 2451 2616 2492 ’.Ρ
2631 2466 2647 2491 ι

1417 2524 1500 2586 Qui
1540 2520 1793 2587 respondit:
1824 2544 1838 2569 c
1866 2527 1955 2584 Ego
1987 2526 2140 2587 ducam
2164 2538 2286 2576 etun,
2312 2530 2353 2568 et
2379 2524 2578 2567 reducam
2598 2522 2651 2566 ad

1418 2615 1473 2650 te.
1502 2621 1516 2645 ›
1537 2604 1733 2660 Cumque
1758 2594 1969 2657 quoereret
1999 2599 2156 2642 Tobias
2191 2598 2245 2641 ab
2273 2609 2324 2640 eo
2352 2596 2510 2638 tribum
2537 2595 2648 2648 ejus,

1417 2689 1459 2726 et
1475 2682 1674 2731 domum,
1718 2685 1760 2722 et
1783 2689 1958 2726 nomen,
1985 2672 2238 2729 respondit:
2267 2687 2281 2711 t
2307 2670 2369 2713 Ex
2403 2670 2500 2712 liliis
2523 2667 2651 2712 lsrael

1417 2769 1496 2813 ego
1515 2768 1629 2807 sum‚·
1655 2752 1850 2804 Azarias,
1878 2739 2052 2792 Ananiae
2072 2746 2213 2802 magni
2246 2746 2383 2796 lilius;
2416 2759 2430 2784 ι
2456 2740 2567 2798 quod
2587 2749 2653 2785 to-

1418 2836 1508 2872 tum
1546 2825 1781 2877 secundum
1814 2821 2211 2877 'interpretationem
2246 2817 2466 2860 nominum
2501 2827 2651 2858 verunt

1415 2908 1523 2946 erat.
1548 2899 1650 2941 Erat
1673 2897 1787 2940 enim
1811 2895 1864 2938 de
1884 2894 2045 2949 angelis
2062 2891 2304 2935 videntibus
2328 2887 2476 2938 Deum,
2496 2894 2536 2928 et
2559 2891 2651 2929 erat

1417 2973 1611 3022 Azarias,
1651 2970 1694 3012 id
1719 2974 1785 3012 est
1819 2967 2018 3022 adjutor,
2057 2970 2099 3007 et
2141 2964 2252 3005 filius
2292 2960 2483 3010 Ananiae,
2510 2958 2552 3000 id
2586 2962 2651 3000 est

1417 3045 1564 3102 gloriae
1594 3041 1685 3084 Dei.
1713 3039 1833 3082 Tunc
1858 3037 2017 3093 paratis
2039 3035 2252 3083 omnibus,
2278 3044 2370 3088 quae
2400 3035 2520 3073 erant
2543 3040 2675 3096 opus*v

1419 3121 1462 3162 in
1495 3114 1931 3165 vim-ambulaverunt
1958 3109 2081 3152 ambo
2105 3107 2248 3157 simul,
2282 3119 2295 3145 t
2320 3110 2360 3148 et
2386 3103 2504 3146 canis
2528 3113 2651 3145 sccu—

1419 3200 1487 3236 tus
1523 3197 1586 3234 est
1614 3188 1688 3233 eos
1725 3180 1848 3244 (Tot,
1875 3182 1999 3240 vi).³''›
2021 3181 2153 3223 Mater
2183 3184 2323 3220 autem
2345 3175 2477 3223 flevit,
2504 3173 2649 3216 dicens

1419 3267 1472 3309 ad
1515 3266 1651 3308 virum
1677 3257 1729 3303 τ’(
1773 3247 2247 3302 Baculum³senectutis
2282 3256 2438 3298 nostrae
2468 3244 2607 3291 ‘tulisti
2636 3262 2647 3289 :

93 3332 220 3383 mori,
245 3333 383 3388 magis
414 3346 544 3388 quam
563 3333 723 3377 vivere.
749 3350 763 3374 r
794 3333 952 3377 Eadem
977 3333 1047 3376 die
1069 3333 1262 3389 contigit,
1287 3337 1335 3374 ut
1360 3338 1394 3380 D
1419 3344 1639 3388 nunquam
1662 3337 1775 3374 esset
1793 3327 1974 3384 pecunia
2006 3325 2094 3375 illa,
2123 3325 2304 3379 proflua
2342 3319 2492 3362 missffli
2520 3330 2614 3361 eum
2636 3331 2647 3369 ἱ

69 3402 218 3458 Sara,
257 3405 343 3449 lilia
383 3405 651 3461 [taguelsin
687 3406 863 3453 civitate
897 3406 1134 3457 Medorum,
1167 3405 1334 3449 audiret

92 3478 402 3534 improperium
421 3479 476 3523 ab
494 3492 578 3525 una
608 3481 859 3523 ancillarum
885 3484 1089 3532 suarum,
1108 3492 1237 3534 quam
1269 3479 1335 3522 in-

91 3551 320 3605 crepabat,
350 3552 521 3595 dicente
561 3552 643 3594 sibi
671 3567 681 3595 :
709 3551 976 3595 interfectrix
1015 3551 1203 3594 virorum
1237 3557 1334 3593 tuo-

90 3635 205 3675 rum,
229 3624 425 3684 nunquid
446 3624 644 3667 occidere
670 3636 737 3667 me
769 3625 849 3674 vis,
894 3624 1006 3668 sicut
1039 3622 1237 3666 occidisti
1260 3634 1323 3666 sc-

91 3684 217 3754 ptem>
241 3697 390 3742 viros?
421 3696 542 3753 (Tob.
570 3697 655 3755 iu.)
687 3697 785 3740 Fuit
825 3697 939 3741 enim
975 3696 1133 3739 tradita
1171 3701 1333 3751 septem

20 3765 22 3767 ’
91 3769 217 3824 viris,
238 3776 280 3813 et
318 3770 574 3819 daemonium
615 3771 790 3814 nomine
831 3770 1070 3813 Asmcdcus
1109 3768 1332 3812 occidebat

90 3857 182 3894 eos,
212 3857 313 3888 mox
347 3850 393 3891 ut
428 3845 610 3904 ingressi
638 3850 737 3888 sunt
764 3844 817 3886 ad
848 3856 957 3887 eam.
991 3842 1195 3886 Ascendit
1232 3853 1333 3897 ergo

93 3917 201 3960 Sara
226 3917 270 3961 in
310 3918 509 3975 superius
531 3918 778 3968 cubiculum
815 3917 968 3959 domus
1001 3927 1104 3965 suae,
1133 3921 1174 3957 et
1194 3915 1331 3957 tribus

92 3988 245 4041 diebus
278 3994 321 4032 et
353 3976 554 4042 noctibus
576 4002 663 4035 non
699 3988 982 4038 manducans,
1005 3999 1085 4029 nec
1108 3987 1259 4029 bibens
1288 3987 1331 4029 in

92 4061 288 4104 oratione
317 4061 555 4116 persistens
589 4061 767 4104 aIebat:
801 4074 814 4099 ι
850 4059 969 4109 Peto,
1003 4057 1182 4100 Domine
1219 4055 1331 4099 Deus

94 4136 265 4189 patrum
287 4141 553 4188 nostrorum,
576 4141 627 4183 ut
654 4133 708 4177 de
735 4133 907 4176 vinculo
931 4129 1180 4186 improperii
1203 4128 1332 4183 hujus

93 4205 292 4266 absolvas
309 4219 394 4259 me,
419 4213 493 4257 aut
514 4212 630 4257 certe
645 4206 698 4251 de
717 4217 845 4260 super
869 4211 1023 4247 terram
1042 4203 1200 4258 eripias
1217 4214 1326 4245 me.»

94 4277 144 4326 1³
170 4278 244 4324 illo
265 4286 456 4329 tempore
490 4281 700 4327 exauditae
730 4284 829 4323 sunt
857 4289 1004 4334 preces
1037 4276 1257 4321 amborum
1286 4276 1328 4318 in

1418 3405 1654 3450 sufficiehat
1677 3403 1801 3445 nobis
1827 3404 2056 3455 paupertas
2081 3400 2245 3444 nostra,
2266 3398 2310 3436 ut
2334 3391 2504 3434 divitias
2531 3399 2648 3430 coin-

1416 3488 1683 3536 putaremus,
1715 3478 1814 3532 quia
1836 3472 2088 3518 videbamus
2120 3469 2252 3511 lilium
2276 3471 2488 3508 nostrum.
2515 3462 2564 3502 Et
2590 3461 2648 3502 ait

1415 3553 1572 3597 Tobias
1598 3567 1606 3594 :
1637 3550 1729 3592 Noli
1752 3546 2004 3598 ssere‚lilius
2029 3549 2176 3586 noster
2203 3542 2438 3582 revertetur
2480 3534 2530 3576 ad
2569 3545 2647 3575 nos

1416 3626 1559 3668 salvus
1580 3621 1740 3676 ,credo
1757 3621 1889 3670 enim,
1913 3615 2028 3672 quod
2046 3608 2225 3669 angelus
2244 3607 2319 3654 nei
2344 3608 2483 3652 bonus
2513 3603 2648 3648 comi-

1415 3698 1527 3736 tetur
1545 3703 1640 3736 eum
1669 3689 1787 3746 (Τοῦ.
1814 3687 1872 3743 v).
1898 3703 1914 3728 ι
1949 3686 1954 3692 ’
2556 3750 2564 3758 .

1470 3765 1605 3808 Porro
1630 3763 1688 3805 'rui
1709 3762 1794 3804 duo
1821 3767 1956 3814 pruna
1989 3757 2210 3800 mansione
2242 3756 2493 3795 manserunt
2530 3760 2645 3791 circa

1413 3836 1589 3880 fluvium
1612 3834 1774 3890 Tigrim
1800 3831 1920 3888 (Tot.
1947 3831 2024 3884 vi).
2048 3844 2063 3869 ι
2087 3827 2280 3870 Etexivit
2304 3824 2457 3867 Tobias
2476 3854 2485 3871 ,
2512 3829 2557 3864 ut
2581 3823 2643 3863 la-

1414 3915 1531 3951 varet
1563 3906 1693 3962 pedes
1724 3915 1841 3955 suos,
1873 3907 1915 3946 et
1943 3901 2074 3956 piscis
2099 3898 2296 3940 immanis
2327 3893 2640 3950 egrediebatur,

1414 3989 1459 4027 ut
1495 3982 1719 4025 devoraret
1751 3990 1877 4027 eum,
1911 3982 1953 4019 et
1987 3975 2142 4017 timens
2173 3972 2330 4016 Tobias
2352 3969 2550 4012 clamavit
2576 3968 2643 4009 di-

1413 4068 1514 4100 cens
1537 4070 1546 4097 t
1569 4053 1760 4102 Domine,
1789 4049 1953 4093 invadit
1978 4061 2059 4091 me.
2086 4046 2138 4088 Et
2158 4045 2216 4087 ait
2235 4043 2411 4098 angelus
2440 4053 2449 4080 ε
2475 4040 2642 4094 Appre-

1410 4116 1549 4170 hende
1566 4123 1815 4169 branchiam
1841 4122 1951 4176 eJ'us,
1986 4127 2026 4162 et
2047 4117 2168 4160 trahe
2202 4127 2296 4157 eum
2328 4106 2477 4160 ad'te‚
2502 4117 2544 4154 et
2565 4123 2642 4153 ex-

1411 4198 1542 4240 traxit
1565 4209 1661 4240 eum
1682 4196 1725 4238 in
1749 4194 1882 4243 sicco,
1902 4197 1944 4235 et
1966 4189 2198 4246 palpitabat
2224 4192 2321 4228 ante
2342 4183 2470 4240 pedes
2487 4182 2597 4236 ejus.
2619 4195 2634 4220 ι

1412 4271 1548 4328 Super
1571 4270 1685 4312 hunc
1709 4268 1848 4311 locum
1880 4264 1981 4308 dicit
2007 4262 2117 4306 Beda
2154 4259 2280 4316 quod,
2310 4258 2411 4301 dum
2439 4254 2636 4299 Christus
