2924 4588
78 93 163 138 aas

830 86 900 139 ΒΕ
929 86 1131 135 ΟῐὶῡῙΝΕ
1159 85 1224 154 ΕΤ
1257 85 1458 131 HABlTU
1490 83 1749 143 CANONIC.
1777 83 1962 133 PRAEM

2564 81 2650 130 tat

76 194 199 227 ovem
221 181 380 227 offerro
400 180 603 236 &prosus
622 176 768 234 (Levit.
796 190 885 230 xiv,
909 179 1008 236 ‹10ss
1033 179 1135 234 quia
1158 179 1321 235 absque
1341 181 1378 226 A
1402 190 1529 233 opera
1550 189 1628 220 sua
1640 176 1820 232 faciunt,
1843 182 1888 219 ut
1905 175 2191 220 videantumalz
2206 173 2439 218 hominibus
2473 171 2646 231 (Metili.

0 241 15 315 ,ζ
77 253 368 311 simplicitatis
394 251 567 315 unitata
582 256 627 299 ct
651 250 827 299 unimus
841 251 1154 306 simplicitate,
1178 263 1203 294 a
1226 251 1320 306 pol-

0 327 4 334 '
76 323 258 372 lotionis
277 324 423 369 scabie
446 322 647 367 mundari
667 334 756 378 uon
776 323 887 368 valet
911 323 1175 367 luxuriosus.
1203 323 1323 367 Unus

14 439 16 441 ,
75 410 247 455 quoque
282 398 374 441 erat
399 391 524 452 panis
548 394 601 439 de
621 394 749 451 255
774 393 942 439 duabus
967 395 1147 439 decimis
1172 394 1319 452 (Lavit.

75 483 201 522 xxiv,
227 468 304 527 5);
329 468 430 525 quia
457 467 504 511 in
529 466 693 510 unitate
714 467 916 511 consistit
938 467 992 516 ad
1015 467 1334 523 perlectionem-

22 590 23 594 ,
75 541 232 586 animae
271 538 546 599 etcorporis
586 538 809 603 pertinens
850 538 1028 582 resectio
1066 539 1319 594 spiritualis.

75 613 216 665 Unam
250 607 381 657 etiam
419 611 669 655 obtulerunt
704 615 856 664 sancto
893 609 977 659 Job
1013 609 1107 654 noti
1145 610 1240 664 cius
1281 614 1324 653 et

3 673 5 689 ¹
74 684 262 742 cognati,
288 696 418 736 ovem,
452 690 493 726 et
525 693 696 728 auream
730 683 916 732 inaurem
940 680 1047 739 (aab
1078 694 1182 732 xm,
1217 681 1321 738 11);

1 749 11 824 ’ξ
74 759 176 815 quia
206 758 453 822 quicunque
484 754 547 804 illi
584 762 702 807 sunt,
734 755 808 811 qui
834 755 1006 800 dolores
1028 762 1325 811 nostrospor-
1355 815 1358 817 -

0 825 10 834 ’
74 836 183 882 taut,
206 830 274 874 vel
297 827 543 886 cognitione
563 826 663 874 fidei
688 826 1051 884 appropinquant,
1070 827 1138 872 vel
1159 839 1322 884 cogua-

2 891 10 896 '¹
75 904 194 946 tione
216 901 316 946 vitae
337 898 560 956 conjuncti
586 896 715 945 Sunt:
732 905 839 943 tunc
861 901 969 944 eiin
989 900 1206 944 oblatione
1224 901 1325 945 sim-

19 987 21 1010 ι
74 974 297 1030 plicitatis,
317 978 358 1016 et
375 972 628 1027 ohedientia!
642 976 891 1032 spontaneae
907 973 1094 1029 placent,
1108 985 1210 1016 cum
1228 973 1318 1017 uni·

0 1055 1 1059 ’
73 1052 206 1090 tatem
235 1045 479 1090 concordiae
502 1051 663 1089 tenent.
700 1044 841 1088 Unum
871 1046 916 1089 in
939 1045 1101 1102 templo
1124 1044 1322 1090 Salomo-

74 1120 143 1163 nis
169 1125 263 1169 erat
294 1130 404 1175 opus
438 1118 482 1161 in
517 1118 688 1162 duobus
715 1118 956 1171 cherubim,
985 1107 1088 1174 quia
1117 1118 1324 1163 unitatem

5 1250 8 1256 .
72 1192 216 1241 nostri
235 1190 404 1251 pacifici
426 1190 472 1248 ip
494 1190 688 1235 Ecclesia
710 1191 914 1247 praedicat
939 1192 1166 1247 utriusque
1188 1192 1326 1234 inten-

1402 262 1528 300 xxnr,
1554 249 1628 305 5).
1655 248 1792 292 Totus
1820 249 1966 305 itaque
2008 247 2053 291 in
2092 237 2185 292 hoc
2217 246 2387 294 fructus
2425 259 2649 302 pomorum

1401 327 1580 375 tuorum,
1598 321 1821 372 consistit,
1849 320 2067 366 silnanus
2101 325 2199 364 tuas
2233 319 2290 363 ab
2323 319 2440 364 omni
2475 333 2652 366 munere

1401 392 1640 443 excutiens,
1656 391 1796 449 ipsum
1811 391 1949 436 solum
1975 390 2021 433 in
2044 391 2123 442 eis,
2136 403 2189 434 ex
2201 391 2327 447 cujus
2342 403 2518 436 munere
2530 399 2648 444 sunt,

1401 471 1444 509 et
1487 456 1654 519 expetis
1700 469 1873 516 testem,
1920 468 2213 521 elexspectas
2260 469 2647 509 remuneratorem.

1403 536 1613 579 Malorum
1667 535 1800 591 igitur
1841 534 2095 592 punicorum
2132 535 2362 592 paradisus
2391 537 2651 582 emissiones

1403 615 1487 652 tuae
1510 607 1624 653 sint:
1652 607 1728 656 sed
1751 607 1892 664 pomis
1916 606 2003 651 tuis
2027 608 2195 651 fructus
2233 606 2423 662 ipsorum
2454 609 2572 668 apud
2610 615 2652 654 te

1403 693 1492 724 non
1515 681 1684 724 desint:
1707 688 1752 724 ut
1777 680 1840 726 sic
1863 680 2073 736 quidquid
2106 681 2160 725 de
2176 686 2218 725 te
2241 680 2485 726 lorinsecus
2503 683 2652 739 proxi-

1404 765 1502 797 mus
1521 752 1719 809 percipit,
1747 753 1792 796 in
1815 754 2060 798 ostensione
2083 752 2272 809 pacificae
2292 749 2663 808 conversationis,

1403 823 1608 868 fraternae
1641 825 1796 870 militet
1837 825 2010 869 unitati.
2045 826 2267 878 Quatenus
2303 827 2348 870 in
2382 834 2423 871 te
2448 827 2552 872 illud
2585 815 2654 874 iu·

1403 897 1619 952 trinsecus
1642 897 1686 939 in
1710 896 1968 941 rectitudine
1996 897 2176 942 internae
2197 898 2466 953 intentionis,
2496 899 2654 951 divinae

1404 974 1572 1029 placeat
1585 972 1760 1024 visioni.

1461 1046 1514 1091 X.
1539 1046 1586 1089 ln
1609 1047 1678 1092 his
1701 1046 1911 1102 siquidem
1945 1046 2070 1103 plena
2103 1058 2273 1090 morum
2304 1052 2492 1097 tuorum,
2525 1059 2654 1102 quam

1405 1119 1664 1176 promisisti,
1686 1119 1914 1169 conversio
1931 1119 2150 1172 consistit,
2192 1120 2229 1163 si
2252 1127 2294 1163 et
2328 1133 2473 1164 coram
2509 1121 2653 1163 homi--

1406 1191 1534 1235 nibus
1571 1191 1766 1247 placidus
1789 1203 1971 1247 appares
2003 1205 2049 1234 ιιι
2082 1191 2414 1237 couversatione
2447 1198 2650 1243 externa,

0 1270 8 1315 f
72 1263 134 1306 tio
157 1249 541 1318 Testamenti‘UH
556 1261 654 1319 Περ.
673 1276 734 1314 vi,
751 1263 841 1321 25).
874 1261 1004 1306 Urtius
1041 1263 1326 1309 nihilominus
1352 1257 1384 1299 B
1407 1269 1451 1306 et
1472 1275 1620 1307 coram
1643 1263 1732 1307 Deo
1759 1270 1902 1307 rectus
1916 1263 1958 1306 in
1978 1263 2218 1308 intentione
2233 1265 2430 1309 interna:
2457 1265 2654 1321 ibiquid-

0 1320 8 1348 ι’
43 1387 52 1395 ,-
71 1344 162 1380 crat
192 1334 321 1393 cubiti
354 1348 400 1379 os
435 1333 582 1379 luteris
607 1333 706 1396 (ΠΙ
735 1334 835 1391 Rey.
863 1349 938 1388 vu,
965 1335 1068 1389 51);
1095 1335 1197 1392 quia
1231 1336 1326 1380 siae

44 1403 237 1469 „unitate
259 1408 450 1454 'sufficere
473 1408 528 1452 ad
551 1398 733 1465 salutem
766 1421 852 1452 non
880 1414 1037 1465 potest,
1064 1418 1195 1466 quam
1230 1408 1320 1452 sor-

3 1475 6 1481 ¹
42 1469 162 1542 “mat
190 1482 315 1528 dolor
342 1474 566 1535 internus,
596 1482 815 1527 consessio
846 1483 1084 1539 spiritualis
1111 1497 1321 1541 compun-

0 1557 5 1565 '
42 1554 49 1569 '
71 1545 246 1612 ctiouis.
265 1551 396 1599 Unius
414 1557 542 1600 moris
561 1556 795 1600 inhabitare
807 1556 909 1611 facit
925 1556 1132 1602 Dominus
1149 1558 1325 1602 indomo

0 1630 4 1647 ¹
73 1627 212 1686 (Psoi.
242 1641 376 1680 van,
401 1629 467 1688 7);
492 1629 595 1686 quia
618 1631 662 1673 in
688 1631 816 1674 unius
839 1631 1079 1675 secundum
1103 1644 1150 1678 se
1172 1633 1326 1677 volun-

0 1695 4 1702 '
72 1701 178 1757 tatis
204 1714 442 1755 consensu,
467 1703 630 1748 clectos
647 1715 751 1748 suos
783 1704 1041 1748 commorari
1063 1705 1110 1750 in
1132 1704 1326 1750 Ecclesia

0 1766 4 1777 '
65 1772 193 1832 ⁴fucit.
218 1773 341 1819 Unus
375 1780 575 1818 curat-um
613 1787 661 1818 se
696 1773 861 1826 videns,
888 1776 1051 1831 gratias
1085 1776 1196 1832 agit;
1223 1777 1326 1834 quia

0 1838 6 1895 [a
73 1845 112 1904 si
139 1845 250 1890 sorte
271 1846 438 1890 unitate
454 1851 589 1900 caret,
607 1846 761 1891 devota
778 1847 906 1890 etiam
927 1848 1211 1902 omnipotenti
1237 1847 1325 1893 Deo

72 1919 308 1974 gratiarum
332 1919 443 1964 actio
466 1932 554 1969 non
571 1920 726 1976 placet.
745 1919 873 1964 Unus
892 1920 1078 1978 denique
1095 1921 1138 1981 in
1158 1921 1326 1977 piscina

14 2041 15 2048 ἵ
73 1991 302 2036 sanitatem
336 1991 518 2049 percipit
555 1990 700 2051 (loun.
743 2006 786 2047 v,
813 1993 886 2048 4);
923 1994 1026 2049 quia
1071 1994 1108 2038 si
1135 1994 1252 2046 haec,
1272 1994 1326 2039 de

14 2108 15 2113 ,
73 2074 159 2118 qua
194 2063 326 2105 multa
359 2063 573 2116 diximus,
596 2064 742 2107 unitas
779 2063 994 2116 desuerit,
1036 2065 1211 2113 sanitati
1245 2077 1326 2110 nec

0 2126 42 2148 ’·
75 2134 169 2191 ipsa
213 2148 386 2193 quoque
431 2136 652 2193 passionis
698 2135 805 2182 tides
861 2136 1093 2180 Dominicae
1137 2137 1325 2195 aliquem

6 2209 15 2231 ³
73 2209 284 2252 restituet.

127 2265 199 2323 iX.
221 2278 710 2337 Merito,-prout-claret
734 2294 788 2325 ex
805 2281 890 2333 his,
919 2293 1089 2337 sponsae
1122 2281 1322 2338 emissio·

5 2379 7 2382 <
66 2365 152 2398 ‘nes
175 2353 384 2405 malorum
407 2344 667 2418 punicorum
691 2359 792 2399 sunt
808 2353 1062 2410 paradisu53
1096 2354 1198 2411 quia
1217 2360 1321 2400 tuuc

1 2436 7 2462 ÷
76 2421 247 2470 deliciis
287 2425 587 2482 spiritualibus
631 2425 836 2479 abundat,
870 2439 979 2484 quas
1000 2440 1053 2471 ex
1089 2439 1137 2471 se
1171 2435 1321 2472 sancta

12 2514 13 2518 ¹
76 2490 221 2540 anima
246 2496 300 2540 ad
325 2497 507 2541 aliorum
533 2499 599 2542 vel
622 2505 864 2555 aspectum,
887 2501 956 2551 vel
980 2499 1173 2543 auditum
1197 2501 1323 2545 emit-

0 2615 12 2624 ¹
79 2569 149 2620 tit,
177 2581 275 2612 cum
294 2569 406 2613 nihil
427 2570 470 2613 in
489 2569 553 2614 eis
570 2571 744 2627 penitus
767 2578 1008 2624 exercetur,
1028 2584 1103 2628 per
1117 2573 1234 2629 quod
1246 2572 1323 2616 ho-

68 2652 141 2706 ·na
159 2647 204 2685 et
220 2641 414 2697 jucunda
438 2642 668 2687 charitatis
698 2644 897 2689 fraternae
915 2646 1059 2694 unitas
1084 2645 1320 2691 dividatur.

0 2724 1 2732 ¹
79 2712 163 2757 Sed
184 2726 362 2760 necesse
380 2721 447 2760 est
470 2716 567 2769 tibi,
583 2722 631 2759 ut
655 2716 698 2760 id
716 2717 831 2773 quod
849 2718 901 2762 de
919 2723 961 2761 tc
978 2718 1171 2762 exterius
1193 2718 1324 2763 homo

0 2811 3 2830 ι
57 2791 59 2795 ’
79 2788 288 2844 approbat
301 2789 355 2833 ad
373 2791 634 2845 exemplum,
660 2791 703 2834 in
730 2798 771 2835 te
786 2805 956 2849 quoque
971 2793 1155 2838 interius
1177 2794 1325 2838 occui-

0 2879 2 2890 ν
76 2861 317 2910 toi-umille
340 2862 559 2918 inspector
581 2870 772 2920 acceptet
806 2865 859 2909 ad
883 2866 1100 2918 meritum,
1139 2878 1192 2911 ne
1214 2866 1326 2911 sorte

10 2931 11 2942 ³
79 2932 132 2985 si,
152 2934 268 2989 quod
291 2934 423 2987 absit,
448 2936 571 2980 aliter
594 2937 670 2980 tilii
695 2937 939 2995 contigerit,
955 2940 1130 2984 semines
1153 2940 1325 2996 quidem

11 3057 12 3060 Ἴ
80 3005 355 3059 neuttam‚sed
372 3007 545 3064 colliqes
562 3022 711 3064 parum
726 3010 848 3067 (1199.
882 3024 912 3063 1,
943 3011 1004 3069 6).
1028 3011 1250 3058 Seminarc
1273 3014 1325 3056 ad

10 3083 12 3091 ¹
80 3081 391 3134 operationem,
406 3081 606 3139 colligere
619 3095 721 3126 vero
735 3084 919 3138 pertinet
933 3085 987 3127 ad
1011 3086 1323 3128 remuneratio·

3 3139 13 3164 *
83 3163 199 3194 uem.
218 3150 270 3193 Et
291 3152 392 3207 quid
416 3147 591 3207 prodest
606 3154 707 3197 illud
722 3155 978 3209 praecedere,
999 3156 1035 3200 si
1051 3156 1166 3201 istud
1183 3170 1328 3202 suece-

13 3221 15 3228 ‘
81 3221 182 3266 dere
191 3236 276 3266 non
289 3225 534 3280 contingat?
546 3223 651 3268 Nam
663 3227 742 3269 etsi
754 3227 872 3269 labor
886 3228 1060 3279 multus,
1074 3229 1147 3271 sed
1156 3227 1178 3270 's
1179 3234 1325 3272 ructus

17 3285 19 3309 ³
83 3295 240 3338 nullus.
270 3293 432 3338 idcirco
455 3295 741 3354 insistendum
766 3298 842 3340 tihi
869 3311 1158 3354 summopere,
1177 3308 1223 3342 ut
1246 3299 1326 3343 hoc

82 3514 169 3552 tem
187 3509 315 3553 saciet
352 3511 566 3554 rectitudo
590 3511 870 3563 intentionis,
893 3515 936 3555 in
962 3514 1067 3570 ipsis
1100 3504 1326 3570 profundis

83 3583 377 3638 penetralibus
409 3583 571 3634 cordis,
612 3582 712 3639 quia
741 3583 937 3629 homines
968 3585 1139 3641 quidem
1172 3587 1214 3630 in
1248 3599 1328 3629 no-

84 3653 149 3698 bis
184 3655 411 3710 compositi
436 3667 579 3699 mores
616 3655 877 3709 demulceam
902 3657 976 3700 sed
1008 3657 1148 3712 ipsum
1191 3658 1327 3702 Deum

84 3734 211 3771 rectae
233 3728 492 3773 intentiones
509 3727 797 3772 demerentur.
822 3728 944 3772 Unde
979 3742 1150 3785 sponsae
1172 3730 1327 3773 dicun.-

83 3805 153 3842 tur
176 3801 426 3845 emissiones
445 3803 654 3844 malorum
668 3802 938 3856 punicorum,
950 3813 1035 3845 non
1056 3808 1220 3846 tantum
1234 3815 1329 3848 esse

85 3872 328 3928 paradisus3
355 3873 429 3917 sed
456 3874 669 3929 extemplo
686 3874 950 3928 adJungitur‚
987 3886 1084 3917 cum
1102 3886 1328 3930 pomorum

86 3943 311 3990 fructibus.
350 3946 453 3999 Quae
484 3958 611 4001 poma
641 3946 742 3994 ista,
765 3946 849 3988 nisi
875 3957 1006 4001 opera
1029 3952 1131 3990 sunt
1153 3948 1329 3991 nostra?

87 4012 172 4060 Sed
188 4018 339 4062 horum
363 4018 528 4062 fructus
551 4029 791 4073 pomorum,
820 4017 1032 4061 rectitudo
1060 4014 1328 4061 internarum

87 4085 391 4133 intentionum.
417 4087 581 4140 Quibus
604 4088 809 4131 nimirum
833 4087 973 4143 pomis
1011 4094 1116 4132 tunc
1154 4090 1191 4133 is
1237 4089 1326 4135 sru-

15 4162 17 4171 '
89 4162 184 4203 ctus
216 4160 426 4204 veraciter
449 4159 589 4210 inest,
620 4170 720 4202 cum
755 4159 881 4204 bonis
921 4159 1126 4215 operibus
1161 4163 1326 4205 nostris

14 4251 17 4291 3
89 4237 206 4275 recta
239 4233 419 4277 intentio
451 4245 538 4275 non
572 4232 708 4276 deest.
758 4231 879 4276 Unde
912 4239 1087 4288 apparet
1133 4235 1249 4290 quod
1284 4236 1328 4278 hi

13 4295 17 4315 ⁴
92 4317 215 4361 poma
244 4308 338 4352 sine
369 4306 616 4352 eorumdem
635 4290 871 4362 'pomorum
898 4305 1112 4353 fructibus
1142 4307 1325 4359 habent,

94 4376 320 4435 dequibus
348 4379 555 4423 Dominus
585 4378 629 4420 in
663 4377 894 4434 Evangelio
918 4378 1022 4423 dicit
1049 4379 1165 4437 quod
1190 4380 1329 4423 onmia

1406 1335 1511 1393 quid
1537 1336 1657 1392 pacis
1685 1342 1727 1380 et
1750 1335 1908 1395 quietis
1932 1341 1997 1380 est
2019 1349 2257 1389 exercens,
2279 1349 2328 1380 ac
2355 1350 2431 1393 per
2448 1338 2529 1382 hoc
2551 1338 2653 1381 dum

1406 1407 1515 1451 nihil
1529 1419 1757 1464 perperam
1774 1408 1867 1464 agis
1895 1407 1996 1451 dum
2010 1407 2117 1451 nihil
2132 1408 2248 1463 quod
2263 1414 2387 1452 tuum
2397 1414 2463 1453 est
2477 1411 2652 1465 quteris,

1408 1479 1486 1522 soli
1502 1477 1590 1522 Deo
1614 1465 1805 1534 placens.
1823 1477 1936 1522 Bene
1959 1478 2091 1534 igitur
2115 1484 2158 1522 et
2185 1491 2375 1536 congrue
2391 1512 2402 1531 ‚
2429 1480 2577 1523 oblato
2590 1487 2655 1525 te·-

1406 1552 1502 1608 ipso
1537 1564 1560 1594 a
1584 1557 1627 1595 te
1662 1557 1703 1595 et
1733 1542 1891 1595 tradito
1920 1551 2124 1597 Ecclesiae
2153 1552 2257 1605 Dei,
2283 1566 2454 1598 morum
2482 1567 2654 1610 (pioque

1406 1631 1579 1669 tuorum
1613 1625 1944 1669 conversionem
1979 1626 2222 1681 promittis;
2255 1633 2472 1682 quatenus
2498 1616 2651 1679 alico,

1405 1698 1522 1754 quod
1545 1703 1645 1742 aute
1664 1697 1776 1741 hanc
1791 1699 1852 1741 tui
1869 1699 2006 1754 ipsius
2029 1699 2290 1744 oblationem
2314 1705 2358 1743 et
2376 1699 2654 1744 traditionem

1406 1771 1544 1823 suisti,
1571 1771 1615 1814 in
1638 1770 1792 1816 melius
1813 1777 1855 1815 te
1879 1770 2135 1824 transferas,
2163 1778 2203 1816 et
2228 1783 2387 1824 mores,
2439 1785 2549 1828 quos
2578 1773 2655 1814 ha·-

1407 1853 1561 1888 ctenus
1588 1855 1768 1899 asperos
1815 1844 2005 1887 habuisti
2038 1850 2081 1889 et
2105 1856 2352 1900 perversos,
2389 1845 2431 1888 in
2462 1845 2656 1902 placidos

1405 1923 1449 1961 et
1483 1916 1749 1973 compositos
1789 1922 2041 1960 convertas..
2077 1916 2142 1960 Ad
2183 1917 2274 1961 haec
2297 1929 2397 1961 reor
2437 1918 2655 1973 pertinere

1406 1988 1599 2045 legaliter
1621 1989 1755 2039 illam,
1782 2000 1911 2043 quam
1934 1987 2143 2032 Dominus
2166 1989 2210 2032 in
2233 1989 2343 2033 libro
2357 1988 2549 2042 Numeri,
2577 2002 2657 2041 su·⁴

1406 2055 1483 2119 per
1511 2060 1728 2105 Nazaraeis
1770 2059 2058 2116 promulgavit
2092 2062 2436 2114 institutionem,
2481 2075 2575 2116 quae
2595 2068 2657 2106 ta·

1405 2136 1459 2179 lis
1477 2140 1565 2178 est:
1597 2132 1686 2185 Vir,
1712 2134 1796 2176 sive
1829 2132 1982 2176 mulier
2012 2123 2302 2189 cumfecerint'
2321 2142 2457 2177 votum
2481 2145 2525 2177 ut
2551 2149 2655 2178 san·

1405 2209 1654 2263 ctilicemun
1681 2213 1721 2249 ct
1755 2219 1798 2250 se
1830 2206 2036 2249 voluerint
2067 2206 2246 2250 Domino
2271 2219 2513 2250 consecrare
2531 2241 2541 2259 ,
2560 2209 2655 2254 vino

1403 2280 1572 2325 etoaenni
1601 2279 1711 2336 quod
1740 2278 1945 2322 inebriare
1964 2286 2097 2334 potest
2133 2278 2395 2323 abstinebunt
2428 2279 2653 2336 (Numfft,

1400 2355 1452 2405 2,
1487 2353 1547 2410 5).
1572 2352 1649 2396 Vir
1684 2364 1856 2408 quoque
1884 2353 1967 2397 istc
2000 2351 2217 2409 perfectus
2248 2359 2290 2397 et
2314 2353 2657 2414 sortis;bmulier

1402 2437 1528 2477 vero,
1549 2424 1828 2480 imperfectus
1851 2429 1918 2468 cst
1950 2425 2132 2481 quilibet
2148 2428 2190 2469 et
2215 2425 2429 2469 infirmus.
2447 2426 2525 2479 Qui
2551 2433 2655 2471 tunc

1403 2504 1567 2551 votum,
1592 2505 1640 2541 ut
1658 2485 1996 2550 sanctificentur,
2013 2497 2194 2555 faciunt,
2223 2511 2405 2554 seseque
2428 2512 2656 2544 consecra-

1404 2585 1450 2616 rc
1472 2570 1654 2615 Domino
1679 2571 1845 2622 volunt,
1863 2582 1962 2614 cum
1984 2569 2190 2615 Ecclesiae
2212 2571 2287 2615 Dei
2302 2584 2348 2616 se
2364 2579 2407 2614 et
2437 2571 2656 2616 offerendo

1405 2643 1596 2693 tradunt,
1622 2648 1664 2686 et
1686 2641 1893 2686 tradendo
1923 2641 2128 2686 offerunt.
2157 2643 2239 2687 Sed
2266 2651 2368 2686 tunc
2389 2645 2658 2702 hocvelegan-

1405 2725 1471 2762 ter
1498 2725 1645 2762 votum
1673 2717 1922 2772 adimplent,
1947 2716 2174 2760 eteffectui
2222 2718 2486 2773 voluntatem
2527 2718 2654 2761 istam

1405 2791 1681 2845 mancipant,
1719 2801 1818 2832 cum
1853 2802 1876 2832 a
1911 2789 2011 2832 vino
2049 2795 2091 2834 et
2135 2790 2251 2834 omni
2290 2791 2405 2846 quod
2442 2792 2657 2835 inebriare

1405 2868 1548 2919 potest
1583 2861 1831 2914 abstinent,
1877 2859 1978 2917 quia
2010 2867 2115 2905 tunc
2168 2863 2307 2906 solum
2345 2859 2586 2907 salubriter
2609 2876 2658 2923 se

1406 2934 1610 2979 Ecclesiae
1632 2935 1708 2978 Dei
1740 2933 1924 2977 offerunt
1947 2940 1989 2982 et
2023 2935 2227 2988 tradunt,
2254 2948 2353 2979 cum
2380 2927 2526 2981 'mores
2552 2928 2664 2981 suosr

1408 3012 1685 3052 convertunt.
1731 3006 1859 3063 256
1894 3006 2001 3049 Nam
2028 3008 2152 3064 quasi
2173 3008 2388 3064 quoddam
2420 3015 2503 3060 cst,
2530 3010 2654 3064 juxta

1407 3080 1522 3124 huuc
1559 3091 1753 3129 sensum,
1780 3080 1942 3122 malum
1978 3080 2126 3126 vinum
2173 3082 2436 3136 perversitas
2467 3094 2651 3127 morum.

1406 3153 1509 3205 Quae
1531 3152 1723 3208 profecto
1747 3164 1915 3195 morum
1940 3152 2216 3209 perversitas,
2250 3166 2338 3198 non
2364 3155 2406 3198 in
2434 3156 2524 3199 sola
2551 3169 2655 3199 con-

1407 3227 1521 3271 sistit
1541 3226 1818 3271 detractionis
1832 3226 2078 3282 asperitate,
2105 3226 2180 3270 sed
2196 3226 2239 3270 in
2253 3227 2345 3282 ipsa
2362 3240 2531 3283 quoque
2547 3230 2654 3270 adu-

1407 3301 1581 3344 lationis
1606 3301 1811 3344 vanitate.
1845 3298 1968 3362 Nunc
1993 3299 2040 3343 in
2062 3299 2338 3355 asperitatem
2374 3301 2653 3344 detractionis

0 3375 20 3424 3
67 3377 227 3423 ‚coram
251 3365 338 3409 Deo
361 3366 622 3410 intrinsecus
650 3366 809 3424 fulgeat
831 3369 874 3411 iu
899 3371 1182 3422 conscientia,
1208 3371 1324 3427 quod
1350 3383 1384 3429 ι)
1407 3387 1483 3431 per
1507 3373 1816 3429 impatientiam
1842 3372 2226 3428 prosiliunt;nunc
2236 3385 2337 3417 vero
2360 3374 2406 3416 in
2422 3375 2652 3418 vanitatem

0 3448 19 3472 ν
83 3450 228 3494 coram
254 3438 500 3482 hominihus
527 3441 797 3484 extrinsecus
819 3442 923 3485 nitet
945 3443 987 3484 in
1008 3446 1108 3486 vita.
1135 3442 1228 3486 Hoc
1250 3456 1327 3487 au-

1408 3446 1671 3490 adulationis
1695 3444 1820 3501 quasi
1847 3445 1900 3488 ad
1923 3445 2106 3501 gratiam
2132 3458 2178 3489 se
2210 3444 2447 3488 inflectunt.
2472 3445 2570 3488 Hccc
2585 3452 2651 3489 est

1408 3519 1685 3576 Egypt-iorum
1706 3530 1806 3562 esca
1835 3517 2007 3572 bifaria,
2042 3530 2170 3573 quam
2194 3518 2278 3562 sibi
2298 3519 2342 3561 in
2373 3525 2560 3561 mentem
2579 3511 2653 3562 ve·-⁴

1407 3595 1501 3635 nire
1523 3597 1735 3642 asserunt,
1758 3589 1832 3645 qui
1859 3590 1902 3632 in
1931 3601 2025 3632 eam
2046 3590 2263 3644 regionem
2289 3589 2419 3633 corde
2441 3590 2646 3633 redeunt:

1408 3677 1592 3722 quorum
1628 3676 1710 3707 vox
1735 3662 1829 3706 haec
1857 3667 1921 3706 est
1951 3677 1959 3704 :
1990 3661 2042 3705 In
2065 3669 2238 3704 meatem
2261 3661 2376 3705 uobis
2400 3664 2562 3705 veniunt
2583 3676 2650 3705 ca-

1407 3749 1587 3793 cumeres
1603 3742 1640 3778 el
1652 3747 1823 3790 pepones
1839 3733 1986 3791 (Num.
2002 3746 2051 3784 11,
2062 3733 2127 3789 5).‚5
2137 3742 2179 3777 et
2191 3734 2234 3776 in
2247 3734 2316 3777 his
2328 3733 2508 3778 dulcedo
2526 3742 2650 3778 nota·

1408 3815 1479 3851 tur
1499 3807 1774 3865 adulationis.
1796 3805 2000 3862 Pori-aque
2018 3813 2057 3848 et
2080 3818 2188 3860 cepe,
2214 3813 2253 3848 et
2278 3806 2382 3849 allia
2407 3806 2576 3864 (ibid.);
2607 3814 2649 3851 et

1408 3877 1454 3919 in
1483 3875 1554 3918 his
1573 3874 1815 3917 amaritudo
1827 3874 2083 3928 exprimitur
2095 3874 2390 3919 detractionis,
2408 3874 2648 3931 Utrumque

1408 3958 1510 3990 vero
1541 3946 1702 3988 malum
1743 3946 1874 3996 istud,
1908 3951 1950 3988 et
1987 3947 2136 3988 vinum
2179 3947 2310 3998 istud,
2330 3947 2382 3990 de
2405 3959 2489 4003 quo
2521 3949 2648 3991 modo

1410 4019 1592 4075 agimus,
1637 4025 1778 4060 innuit
1804 4025 1850 4060 ut.
1878 4019 1930 4061 ab
1958 4019 2029 4061 illo
2054 4021 2295 4064 abstineant
2315 4019 2521 4072 Nazaraei,
2537 4023 2649 4065 sicut

1409 4094 1474 4135 lex
1502 4091 1721 4146 praecipit3
1743 4100 1954 4146 quatenus
1977 4104 2058 4135 nec
2086 4105 2161 4147 per
2191 4093 2498 4137 detractionem
2531 4094 2649 4138 insa-

1409 4165 1544 4207 niaut
1575 4163 1812 4217 furibundi,
1834 4176 1914 4214 nec
1936 4177 2011 4219 per
2045 4165 2330 4209 adulationem
2363 4178 2408 4209 se
2431 4167 2649 4209 resolvant

1409 4238 1604 4281 emolliti.
1632 4237 1710 4282 Est
1731 4237 1845 4281 enim
1880 4238 2026 4282 riflum
2056 4239 2334 4283 detractionis
2384 4247 2459 4283 *est
2494 4244 2535 4282 et
2579 4240 2645 4282 vi-

1413 4322 1517 4353 num
1542 4309 1819 4354 adulationi-s.
1841 4310 1898 4353 De
1923 4312 2059 4366 primo
2084 4314 2239 4367 quippe
2261 4311 2445 4361 dicitur:
2473 4311 2529 4364 fe!
2546 4311 2650 4354 dra·

1408 4395 1555 4439 conum
1593 4382 1730 4426 vinum
1747 4395 1885 4427 eorum
1908 4382 2046 4438 (Dent.
2074 4371 2211 4438 xxxii,
2237 4384 2322 4435 55),
2347 4396 2496 4429 eorum
2519 4383 2645 4431 vidc-
