2924 4588
40 94 43 95 ⁷
60 47 140 95 193

837 39 1142 87 SERMONES.
1173 59 1230 87 -ε-
1256 38 1313 86 IN
1341 41 1601 86 ADVENTU
1632 39 1838 86 DOMINI.

2550 48 2629 96 196

58 141 140 199 geli
176 137 335 188 saneti,
361 136 435 192 qui
468 135 514 178 in
538 133 834 191 superioribus
864 139 1108 184 versantur,
1128 132 1304 176 laudent
1326 139 1363 183 A
1385 138 1427 176 et
1464 132 1628 177 assidui
1661 137 1781 185 sunt,
1817 145 1932 189 saepe
1967 134 2191 190 contingit.
2217 133 2303 179 Eos
2339 147 2524 193 namque
2562 140 2630 182 in-

58 222 212 256 nomen
226 208 424 254 Domini*
439 206 534 251 lstae
558 212 660 250 suut
692 217 820 262 aquae·
837 205 1147 261 redemptionis
1162 203 1299 256 Judae,

0 324 1 329 ,
57 284 156 340 quia
179 281 422 325 liberationi
454 287 498 323 et
527 277 766 323 defensioni
801 278 1197 322 sanctae'Ecclesiae
1230 290 1304 320 an-

0 433 5 483 i

0 490 15 570 lt

0 706 14 854 εἰ.

0 861 14 937 i}

0 950 16 984 ι..

0 1044 2 1071 Ι

57 356 138 413 geli
172 365 343 409 semper
363 352 587 396 insistunt.
613 350 824 395 insistunt
858 356 901 395 et
933 351 1088 394 animae
1127 362 1303 395 aearne

57 427 222 476 solutae‚
263 436 342 481 pro
371 423 567 467 Ecclesia
602 428 751 468 sancta
787 422 1082 466 indesinenter
1107 429 1299 475 orantes,

55 511 150 556 quae
159 503 201 542 et
223 498 329 553 ipsae
345 508 466 552 aquae
485 496 661 548 sunt,de
672 496 830 552 quibus
853 500 1030 540 sanctus
1046 495 1206 539 David:
1231 496 1302 552 qui

57 571 157 627 lepis
182 602 193 622 ,
243 570 414 626 inquit,
439 570 557 626 aquis
596 571 810 624 superiora
853 568 944 624 ejus
976 568 1135 625 (Psal.
1189 581 1298 621 cui,

56 642 116 700 5).
141 643 249 696 Quia
268 654 351 686 nos
372 643 418 686 in
440 642 697 698 quibusdam
719 642 893 698 quidem
911 654 1080 686 sacram
1099 638 1300 698 Scriptu-

56 726 147 759 ram
166 715 466 772 intelligimus;
494 715 570 760 sed
590 715 748 759 animae
774 715 911 759 beatae
938 716 1063 772 plene
1091 716 1186 771 ejus
1201 727 1302 772 pro-

58 788 189 833 funda
222 789 610 844 comprehendunt.
647 787 855 834 lusistunt
874 790 1002 833 etiam
1019 789 1184 840 sancti,
1226 790 1300 846 qui

57 861 101 905 in
123 874 172 905 ea
200 861 326 904 modo
349 868 474 911 sunt,
503 862 615 905 sicut
635 861 747 905 idem
777 862 1008 905 Psalmista
1031 863 1158 914 dicit,
1184 862 1299 918 quod

55 935 205 990 stramen
243 934 321 977 Dei
363 933 561 990 repletum
594 941 653 976 est
695 936 815 990 aquis
849 934 985 991 (I'sal.
1032 942 1156 986 thv,
1210 935 1295 989 10).

0 1005 3 1038 ³
55 1009 139 1052 Pro
171 1018 223 1050 eo
267 1005 381 1062 quod
420 1005 612 1061 quotidie
642 1006 686 1048 in
725 1012 875 1048 saneta
917 1006 1109 1065 Ecclesia
1138 1011 1181 1049 et
1209 1019 1300 1051 me-

57 1080 139 1124 rito
160 1085 202 1122 et
220 1091 400 1122 numero
440 1079 625 1134 populus
650 1078 736 1123 Deo
773 1087 956 1135 augetur
981 1081 1190 1124 serviens.
1222 1079 1299 1123 La-

54 1158 196 1195 menta
216 1162 386 1206 quoque
410 1151 664 1194 humilitatis
689 1163 811 1206 aquae
834 1157 959 1205 sunt,
982 1164 1077 1207 quae
1090 1151 1201 1194 hanc
1218 1151 1300 1196 t're·

1382 211 1574 251 tentores
1611 218 1762 249 eorum
1805 205 1995 252 intentos
2028 206 2208 258 faciunt,
2249 209 2294 251 in
2310 221 2362 252 eo
2400 210 2515 266 quod
2544 211 2629 267 ipsi

1382 278 1536 320 intenti
1560 283 1719 321 suntet
1741 277 1842 320 dum
1858 279 2033 334 pulsant
2062 280 2115 322 ad
2137 292 2230 331 eos,
2249 281 2389 337 aperit
2404 281 2470 326 eis
2489 282 2634 327 Domi·

1382 363 1464 394 nus
1508 350 1623 405 quod
1644 363 1718 395 eos
1730 349 1851 406 prius
1865 351 2012 394 latuit:
2031 364 2292 407 proeparam,
2319 359 2362 397 ut
2378 355 2468 410 ipse
2490 356 2550 399 ait
2575 356 2629 400 ad

1381 427 1577 465 sanctum
1592 421 1700 466 Job:
1726 435 1847 466 corvo
1864 436 2000 465 escam
2012 437 2150 476 stiam,
2170 424 2335 479 quando
2347 427 2452 480 pulli
2467 428 2556 482 ejus
2573 435 2628 471 aa

1380 493 1515 537 Deum
1547 495 1731 537 clamant
1759 482 1978 551 vagantes,
1996 508 2043 538 eo
2065 495 2175 551 qued
2194 509 2276 538 non
2304 497 2481 540 habeant
2515 500 2627 544 cibos

1382 565 1486 623 (1011
1507 579 1689 615 xxxviii,
1705 566 1754 608 tt
1773 567 1804 622 ).
1829 565 1881 607 Et
1910 568 2162 622 plerumque
2184 566 2385 611 fortassis
2414 578 2627 625 praeparat

1380 649 1523 680 escam
1549 637 1663 679 illam
1689 648 1838 690 corvo,
1864 638 1999 692 inagis
2024 643 2201 693 propter
2222 639 2363 693 pullos
2391 641 2561 686 clamari
2580 654 2629 686 es

1380 722 1508 766 quam
1535 715 1710 765 propter
1732 710 1872 767 ipsam
1899 711 2630 769 corvum,tribuensdispeixsatori-

1377 782 1460 826 bus
1475 782 1669 826 fidelihus
1683 788 1724 825 et
1739 783 2028 838 prudentibus
2045 797 2154 840 quos
2172 786 2397 828 constituit
2420 800 2549 843 super
2565 788 2629 831 sa-

1381 858 1543 899 miliam
1571 869 1714 909 suam,
1733 859 1907 914 quando
1926 861 2091 915 parvuli
2115 873 2262 904 eorum
2285 869 2434 917 petunt
2452 877 2626 919 panein;

1379 942 1464 972 non
1483 932 1622 974 solum
1644 944 1771 987 quem
1791 932 1855 976 eis
1880 933 2126 989 frangerent
2148 934 2319 991 (Thi-en.
2340 948 2399 988 1v,
2412 938 2474 995 4),
2489 939 2564 981 scd
2586 945 2629 982 et

1379 1002 1595 1055 quemodo
1608 1002 1883 1058 frangi-nune
1897 1005 1939 1046 in
1954 1005 2157 1059 petitione
2184 1008 2395 1060 tamjusta
2412 1015 2632 1064 patiantur

1381 1076 1616 1130 repulsam.
1658 1075 1802 1119 Ardor
1841 1077 1971 1132 igitur
1993 1090 2121 1133 quem
2147 1079 2190 1120 in
2215 1080 2428 1124 audiendo
2450 1083 2629 1126 verbum

1380 1149 1547 1192 lia'l2'et3s
1565 1161 1657 1196 vos,
1678 1161 1879 1205 magnum
1903 1150 2031 1195 nobis
2049 1151 2170 1194 affert
2187 1154 2459 1196 commodum
2476 1168 2487 1207 ;
2507 1160 2630 1211 tepor

55 1230 233 1280 quenter
253 1222 406 1266 sudam
434 1223 666 1267 redimunt.
697 1222 773 1269 De.
790 1225 949 1280 quibus
983 1229 1161 1268 sanctus
1182 1223 1290 1268 Job:
1324 1203 1355 1245 B
1381 1231 1482 1266 vero
1502 1235 1588 1265 non
1611 1224 1755 1267 minus
1800 1223 2093 1279 dispendium.
2135 1224 2242 1276 Quia
2263 1238 2362 1270 cum
2382 1240 2467 1270 non
2491 1240 2628 1284 pauca

56 1297 93 1340 si
124 1297 254 1347 lotus,
289 1296 456 1351 iuquit,
489 1297 607 1350 [uero
642 1298 764 1352 quasi
785 1298 903 1352 aquis
933 1297 1036 1339 nivis
1068 1295 1163 1354 (lob
1189 1309 1293 1347 vin,

52 1365 142 1423 50),
187 1366 230 1409 id
281 1373 347 1410 est
381 1369 416 1411 si
465 1367 669 1422 perfusus
713 1368 837 1411 suero
879 1368 1079 1412 lamentis
1125 1369 1299 1411 humili-

53 1441 168 1487 tatis.
194 1439 258 1483 Ad
281 1441 528 1495 hujusmodi
559 1453 661 1484 vero
691 1441 908 1496 pertinent
937 1453 1072 1496 aquas
1090 1449 1133 1486 et
1167 1443 1298 1486 devo-

14 1562 15 1572 *
55 1514 194 1558 tiones
223 1519 488 1562 sanctorum,
521 1513 573 1556 de
595 1513 752 1568 quibus
771 1514 870 1556 item
904 1514 1055 1558 beatus
1078 1513 1159 1557 ¹lob
1183 1515 1297 1569 quod

0 1891 10 1935 ³}

0 1983 3 1995 l

0 2042 10 2101 i

0 2291 8 2360 ζ

13 1575 15 1633 i
54 1597 183 1640 aquas
210 1583 404 1639 appendic
434 1585 477 1625 in
508 1597 704 1627 mensura
735 1584 838 1639 (Job
869 1598 1029 1635 xxvm,
1057 1585 1154 1643 25).
1189 1586 1297 1638 Quia

52 1658 178 1705 modo
196 1656 447 1701 admirando
471 1656 719 1701 devotiones
735 1659 968 1701 electorum
988 1670 1166 1703 suorum
1185 1659 1298 1703 Deus

53 1731 300 1785 moderatur
317 1745 327 1783 3
347 1736 495 1773 utnon
511 1730 679 1785 possint
691 1736 860 1774 tantum
883 1731 1116 1788 aliquando
1127 1733 1298 1788 explere

53 1803 96 1847 in
118 1803 268 1850 effectu
295 1835 304 1854 ‚
330 1811 538 1859 quantum
563 1804 931 1860 comprehendere
958 1813 1142 1860 possunt
1165 1805 1208 1848 in
1233 1805 1298 1848 as-

53 1875 178 1919 sectu.
198 1875 347 1932 Populi
370 1877 498 1919 etiam
516 1877 588 1932 qui
614 1877 806 1933 quotidie
826 1878 870 1921 in
890 1877 1128 1922 Ecclesiam
1147 1890 1170 1920 a
1185 1879 1298 1920 malo

6 1980 9 2004 ζ
53 1949 311 2000 liberantur,
338 1963 459 2005 aquae
488 1957 588 1994 sunt
614 1951 925 2007 redemptionis
948 1950 1086 1995 Judae..
1118 1949 1178 1994 De
1200 1952 1296 2007 qui·

51 2021 132 2066 bus
155 2019 384 2066 Psalmista
403 2023 631 2067 Dominum
650 2025 890 2080 alloquens,
912 2024 1118 2073 viderunt,
1135 2026 1292 2082 inquit,

53 2101 90 2136 te
107 2107 224 2150 aquoe
245 2103 284 2138 e!
304 2097 528 2140 timuerunt
549 2096 684 2152 (Psal.
708 2110 852 2148 Lxxvt,
876 2099 963 2154 Π),
990 2099 1030 2141 id
1061 2105 1128 2143 cst
1151 2099 1296 2143 intuiti

0 2175 1 2178 ’
52 2171 145 2210 sunl
178 2167 322 2221 populi
348 2168 576 2219 eredendo,
602 2175 644 2212 ct
663 2168 900 2212 timuerunt
918 2170 1183 2226 poenitendo.

1378 1296 1635 1340 desideratis
1655 1308 1750 1347 vos,
1777 1296 1849 1339 dat
1875 1296 2000 1340 nobis
2023 1302 2173 1352 pastor
2195 1300 2386 1342 omnium
2412 1307 2625 1354 nostrum,

1378 1382 1464 1412 non
1490 1370 1627 1412 solum
1651 1370 1762 1413 unde
1786 1382 1862 1413 vos
1881 1382 2126 1425 mascarum,
2155 1371 2229 1418 sed
2248 1372 2360 1416 unde
2382 1386 2465 1416 una
2484 1376 2629 1419 vobis·

1379 1452 1475 1482 euni
1515 1452 1760 1495 pascamur.
1788 1440 1895 1484 Cum
1927 1453 2030 1484 vero
2053 1454 2206 1497 panem
2236 1443 2354 1485 illum
2385 1444 2482 1486 vitaz
2513 1445 2631 1490 sasti-

1379 1513 1481 1556 ditis
1498 1523 1591 1565 vos,
1620 1515 1756 1565 illum,
1782 1514 2021 1559 obsistente
2047 1515 2222 1558 fastidio
2245 1523 2404 1569 vestro,
2423 1530 2509 1562 non
2533 1531 2628 1564 me-

1379 1598 1524 1630 remur
1543 1586 1739 1642 accipere
1763 1599 1857 1630 nos.

1434 1660 1504 1705 lX.
1539 1660 1590 1703 Et
1608 1662 1710 1705 inde
1733 1662 1928 1718 estquod
1947 1675 2061 1719 saepe
2084 1665 2260 1720 quando
2276 1666 2394 1723 loqui
2412 1669 2535 1713 vobis
2551 1669 2629 1715 dc·

1378 1736 1544 1783 bemus.
1556 1737 1718 1781 debiles
1728 1743 1770 1781 et
1789 1738 1940 1794 inopes
1956 1739 2164 1783 efficimur
2174 1742 2226 1784 ad
2237 1742 2514 1798 loquendum,
2525 1745 2628 1800 quia

1377 1822 1454 1853 vos
1475 1810 1632 1852 infirmi
1652 1816 1694 1854 ct
1712 1811 1876 1855 debiles
1901 1811 2000 1854 sacti
2033 1814 2140 1857 estis
2161 1815 2216 1856 ad-
2232 1816 2509 1860 audiendum.
2538 1817 2625 1862 Nec

1377 1884 1463 1927 nisi
1475 1884 1692 1927 modicum
1709 1885 1811 1940 quid
1828 1893 1930 1929 tune
1942 1887 2010 1930 vel
2024 1893 2149 1930 acute
2173 1890 2336 1933 sentire
2351 1891 2416 1933 vel
2430 1895 2627 1946 prompte

1377 1958 1571 2014 proferre
1596 1970 1845 2015 possumus,
1887 1960 2125 2004 obsistente
2154 1966 2475 2017 teporex'estro,
2506 1977 2559 2007 ne
2583 1963 2627 2007 id

1378 2032 1612 2088 possimus.
1630 2031 1817 2075 Econtra
1832 2045 1934 2076 vero
1946 2045 2044 2076 cum
2070 2034 2296 2090 loquentes
2317 2036 2440 2079 robis
2459 2037 2625 2080 alacres

1374 2117 1453 2147 vos
1490 2105 1643 2161 signis,
1659 2106 1750 2149 sive
1779 2106 1921 2149 modis
1939 2105 2156 2162 aliquibus
2181 2106 2235 2149 ad
2273 2107 2554 2162 audiendum,
2571 2115 2624 2153 *et

1377 2179 1525 2222 avidos
1547 2211 1558 2230 ‚
1585 2191 1700 2222 vcum
1726 2179 1971 2223 humilitate
1994 2185 2138 2224 tamen
2162 2191 2262 2224 vera
2286 2213 2296 2232 ‚
2323 2187 2365 2223 et
2389 2181 2625 2228 intentione

103 2237 190 2294 86
218 2236 303 2281 Vll.
335 2239 556 2290 Quomodo
574 2245 717 2283 autem
739 2241 785 2284 in
812 2241 881 2285 his
904 2246 946 2285 et
974 2241 1018 2284 in
1044 2241 1291 2297 hujusmodi
1315 2269 1346 2313 C
1375 2249 1596 2305 profectus
1630 2251 1872 2307 spiritualis
1909 2250 2289 2307 deprehendimus,
2318 2253 2624 2297 ministrantur

51 2312 171 2365 aquis
188 2312 396 2356 consistat
416 2312 651 2368 redemptio
669 2313 804 2366 Judae,
821 2321 1018 2359 nostrum
1044 2317 1150 2359 satis
1170 2317 1297 2360 vobis

0 2381 5 2391 “
52 2385 262 2440 ingenium
281 2386 574 2443 dictat.Super
590 2388 667 2432 has
691 2389 999 2446 redemptionis
1017 2390 1137 2436 Judae
1159 2405 1293 2448 aquas

49 2456 235 2510 quotidie
252 2457 458 2503 Dominus
483 2460 689 2510 ambulat,
719 2461 894 2506 veniens
919 2462 963 2505 in
981 2475 1105 2507 suam
1129 2463 1295 2508 Bethle-

51 2529 159 2578 ltem,
183 2543 258 2585 per
277 2544 351 2574 eas
376 2533 647 2577 incessanter
678 2547 802 2579 suam
826 2535 1066 2580 Ecclesiam
1089 2539 1289 2583 visitans.

13 2664 15 2678 J
51 2599 132 2647 Sed
157 2614 251 2658 quae
271 2605 437 2648 utilitas
466 2606 508 2648 in
527 2606 608 2649 hoe.
631 2607 749 2663 quod
770 2610 995 2664 egrediens
1013 2610 1220 2656 Dominus
1240 2613 1293 2658 de

51 2673 242 2718 Samaria
275 2677 327 2719 ad
361 2684 527 2733 portam
551 2693 647 2735 qnae
669 2682 848 2737 respicit
874 2682 928 2726 ad
949 2683 1194 2737 Orientem,
1218 2699 1292 2730 re·-

48 2748 111 2790 nit
133 2749 175 2791 in
200 2749 462 2803 Bethlehem,
483 2753 711 2798 ambulans
727 2767 856 2811 super
882 2769 1016 2812 aquas
1033 2757 1293 2814 redemptio-

49 2820 116 2866 nis
138 2821 281 2866 Judae?
302 2822 432 2867 Multa
450 2827 640 2880 quidem,
661 2833 704 2872 et
727 2828 957 2871 admodum
977 2843 1148 2887 magna.
1182 2831 1291 2876 Nam

50 2893 240 2948 sequitur
265 2910 274 2937 ε
301 2894 423 2939 Tune
448 2898 594 2942 salvus
615 2899 698 2942 crit
719 2901 862 2945 omnis
878 2902 1024 2954 bomo,
1055 2905 1159 2959 quia
1189 2916 1291 2952 eece

14 2987 15 2991 =
49 2964 202 3009 veniet.
242 2965 393 3010 Merito
430 2969 619 3024 quidem.
654 2970 820 3017 Nomen
851 2974 1010 3031 quippe
1033 2975 1127 3032 ejus
1146 2975 1286 3022 iesus„

14 3064 15 3085 2
50 3036 154 3089 Quia
173 3039 215 3082 id
238 3046 442 3094 operatur
455 3042 569 3096 quod
593 3051 786 3098 vocatur,
816 3046 998 3090 salutem
1021 3047 1218 3093 videlicet
1246 3051 1288 3093 in

49 3110 185 3154 medio
208 3117 334 3155 terrae
359 3112 494 3169 (Psal.
537 3127 688 3167 cxxiii,
716 3116 802 3174 Η).
829 3116 1001 3163 Salvum
1027 3120 1190 3166 faciens
1212 3136 1289 3179 po-

51 3183 195 3236 pulum
235 3197 359 3228 suum
383 3197 406 3227 a
432 3188 620 3242 peccatis
653 3201 803 3232 eorum
838 3189 1007 3248 (Manli.
1030 3205 1059 3244 i,
1084 3193 1173 3252 21).
1193 3194 1289 3239 Non

51 3255 160 3298 enim
185 3257 301 3301 misit
335 3258 566 3304 eum-Deus
582 3259 775 3306 Peterin
796 3264 1021 3315 mundum,
1049 3271 1096 3308 ut
1123 3267 1289 3321 judicet

52 3329 269 3382 mundum,
284 3331 360 3375 scd
375 3337 422 3374 ut
446 3334 636 3377 salvetur
657 3337 845 3379 mundus
869 3350 945 3393 per
967 3340 1108 3394 ipsum
1139 3338 1287 3397 (Joan⁴>
1310 3350 1344 3393 Ι)

50 3410 116 3452 ru,
137 3402 224 3458 17).
238 3403 458 3455 Quatenus
479 3417 626 3448 verum
651 3407 724 3457 sit,
741 3409 855 3463 quod
878 3408 950 3453 hic
965 3409 1148 3454 dicitur:
1179 3413 1291 3468 quod

51 3477 142 3517 tunc
157 3474 294 3518 salvus
305 3476 385 3519 erit
408 3467 691 3530 omnishomo,
713 3481 810 3535 quia
834 3494 922 3524 ecce
944 3483 1089 3526 reniet.
1118 3482 1203 3528 Sed
1222 3485 1292 3528 liis

51 3548 281 3592 secundum
303 3562 475 3594 sensum
505 3551 780 3606 allegoricum
809 3554 966 3599 auditis
980 3589 993 3609 ,
1013 3556 1229 3609 ardenter,
1246 3566 1293 3602 ut

49 3618 150 3662 milii
171 3621 356 3672 videtur,
380 3624 576 3677 expetitis
593 3656 603 3674 ‚
630 3636 709 3668 nec
734 3626 826 3669 sine
844 3640 921 3681 spe
943 3630 1218 3683 exspectatis,
1246 3638 1292 3673 ut

51 3689 205 3746 aliquid
229 3694 352 3738 vobis
368 3694 420 3737 de
441 3695 522 3738 hoc
539 3695 707 3740 Domini
734 3710 909 3752 egressu
927 3702 1161 3745 seeundum
1192 3715 1289 3745 sen-

51 3774 140 3816 sum
157 3766 359 3809 moralem
378 3767 617 3830 loquamur.
638 3767 690 3809 Et
706 3770 878 3824 quidem
897 3771 1047 3819 deesse
1063 3773 1184 3816 vobis
1200 3786 1288 3816 non

51 3835 197 3900 audeo,
223 3839 350 3885 etiam
375 3851 472 3900 cum
508 3841 667 3896 aliquid
699 3841 807 3884 sorte
829 3844 990 3898 petitis,
1018 3844 1131 3900 quud
1157 3856 1286 3901 supra

50 3916 117 3948 me
128 3913 208 3951 est.

102 3974 204 4030 vul.
240 3979 361 4036 Sensi
400 3983 514 4027 enim
551 3982 813 4038 frequenter,
848 3993 888 4028 et
922 3995 1123 4043 expertus
1169 4002 1282 4043 suni,

50 4044 357 4107 quiapulsatus
379 4067 473 4110 ego,
494 4067 543 4098 ac
567 4068 643 4110 per
660 4055 742 4099 hoc
764 4058 938 4112 pulsare
954 4062 1220 4116 compulsus,
1241 4070 1283 4106 et

52 4121 138 4185 ipse
161 4125 263 4168 mihi
282 4128 477 4172 nonnihil
498 4133 641 4183 patere
657 4128 761 4182 vidi,
782 4131 896 4184 quod
917 4144 983 4176 me
1000 4133 1118 4187 prius
1140 4134 1280 4178 latuit.

27 4182 168 4252 stood
211 4199 405 4252 prolecto
446 4207 547 4245 tunc
591 4212 677 4243 non
703 4204 1006 4255 pateret,.nisi
1048 4207 1286 4260 puisarem,

52 4266 123 4309 sed
139 4281 224 4333 ¹nec
246 4272 473 4326 pulsarem,
501 4273 582 4317 nisi
607 4276 801 4328 pulsatus
827 4275 1018 4321 fuissem.
1045 4277 1165 4331 Quod
1183 4291 1279 4322 eer-

52 4341 92 4381 te
122 4336 206 4396 [al.
246 4343 458 4403 profecto}
498 4345 579 4395 iiis,
606 4346 677 4402 qui
713 4360 813 4404 erga
853 4360 961 4401 opus
984 4351 1101 4396 verbi
1136 4351 1277 4400 devoti

1376 2323 1501 2368 nobis
1523 2324 1568 2366 in
1593 2324 1685 2378 ipsa
1710 2324 1943 2378 locutione,
1968 2325 2162 2381 qiiaedam
2181 2334 2308 2369 antea
2328 2336 2414 2370 non
2451 2328 2622 2384 cognita

1375 2408 1397 2437 a
1422 2395 1548 2438 nobis
1583 2407 1679 2451 quae
1697 2396 1819 2440 vobis
1859 2408 2143 2453 apponamus.
2163 2397 2218 2441 Ut
2242 2400 2466 2454 repentina
2506 2400 2622 2444 desi-

1373 2469 1482 2512 derii
1506 2469 1640 2513 vestri
1677 2470 1856 2526 agnitio,
1884 2471 2027 2515 subita
2065 2471 2124 2515 sit
2155 2473 2298 2522 nobis,
2320 2486 2440 2517 norae
2474 2477 2622 2530 grat'ae

1373 2545 1705 2591 administratio.
1750 2545 1833 2590 Sed
1860 2547 1976 2590 hunc
2023 2547 2149 2591 modo
2189 2560 2428 2592 sermonem
2471 2550 2618 2592 termi-

1371 2625 1540 2669 nantes,
1567 2619 1609 2661 in
1633 2619 1762 2662 alium
1788 2620 1902 2676 quod
1930 2618 1981 2662 ad
2005 2632 2180 2664 sensum
2199 2620 2384 2676 pertinet
2414 2622 2618 2665 moralem

1371 2689 1637 2744 differamus,
1680 2692 1800 2734 illum
1844 2692 2070 2735 laudantes
2093 2692 2167 2748 qui
2205 2699 2271 2736 est
2294 2693 2547 2737 benedi‹tus
2575 2695 2618 2737 in

1371 2763 1543 2807 saecula.
1571 2764 1723 2809 Amen.

1787 2937 1791 2940 γ
1809 2871 1994 2916 SERMO
2024 2871 2172 2916 xvm.

1556 2973 1664 3004 tren
1690 2970 1892 3009 ”dulmen
1925 2975 1957 3006 u
1988 2976 2031 3008 m
2061 2975 2257 3009 mvsa-'ru
2289 2976 2453 3010 nomm.

1636 3039 1696 3082 De
1711 3040 1865 3096 triplici
1878 3040 2022 3085 ordine
2036 3042 2353 3089 coenobitarum.

1370 3139 1562 3173 srnorsis
1594 3139 1815 3176 snauotus.
1837 3133 1876 3175 l.
1907 3131 1970 3176 Ex
1985 3133 2231 3184 coenobitis,
2248 3134 2320 3176 alii
2348 3133 2616 3179 obedientia-

1421 3186 1493 3236 rii,
1515 3187 1796 3240 claustrales,
1818 3189 1987 3232 novitii.
2005 3213 2061 3222 --
2077 3189 2119 3232 2.
2150 3189 2366 3246 Designati
2389 3202 2464 3246 per
2483 3190 2617 3235 Abra-

1425 3240 1540 3291 ham,
1572 3241 1709 3294 isaac,
1742 3242 1897 3288 Jacob:
1924 3251 1966 3288 et
1986 3251 2165 3289 vocatos
2205 3247 2388 3289 diversis
2416 3247 2535 3289 horis
2559 3249 2613 3292 ad

1422 3299 1589 3340 vineam
1603 3298 2053 3344 Pati-issamilias.-5.
2067 3299 2149 3344 Per
2168 3300 2300 3344 David
2324 3303 2611 3357 egredientem

1423 3357 1465 3396 et'
1487 3355 1795 3409 ingredientem
1809 3357 1862 3400 ad
1875 3358 2100 3412 imperium
2129 3357 2260 3411 regis.
2291 3357 2404 3400 -4.
2441 3357 2486 3400 ln
2511 3359 2614 3403 obe-

1430 3409 1672 3454 dientiariis
1697 3417 1859 3466 quanta
1874 3413 2101 3468 prudentia
2114 3418 2157 3455 et
2179 3413 2361 3456 fidelitas
2384 3414 2609 3469 requisita.

1427 3467 1535 3509 ——5.
1560 3467 1606 3509 ln
1629 3468 1804 3512 novitiis
1822 3470 1879 3512 sit
1901 3468 2048 3512 mundi
2071 3475 2362 3524 contemptus,
2381 3478 2420 3513 et
2438 3471 2612 3526 religio·

1427 3522 1496 3565 nis
1513 3522 1693 3566 affectus
1718 3541 1726 3567 :
1754 3527 1812 3569 sit
1831 3525 2099 3574 humilitatis,
2127 3530 2169 3568 e:
2193 3526 2455 3580 poenitcntiae
2490 3527 2612 3570 antor

1426 3590 1730 3633 perseverans.-
1755 3604 1811 3611 —
1837 3581 1878 3624 6.
1911 3579 2224 3624 claustralibus
2269 3582 2391 3636 quies
2414 3582 2544 3624 animi
2568 3586 2618 3626 et

1428 3635 1621 3690 corporis
1637 3637 1957 3679 neeessaria.-
1976 3637 2023 3681 7..
2045 3636 2387 3680 obedientiarius
2412 3640 2514 3681 vitet
2536 3638 2611 3682 de-

1429 3691 1601 3746 sidiam,
1645 3693 1838 3736 novitius·
1875 3693 2020 3736 saeculi
2064 3697 2338 3743 vetustatem.
2364 3693 2609 3738 claustralis

1421 3747 1688 3802 vagati0nem
1710 3749 1942 3792 curiosam.
1960 3773 2017 3779 -—
2036 3749 2078 3792 8.
2106 3748 2392 3804 Fi’equcntent
2414 3756 2607 3793 sanctam

1423 3805 1656 3854 actionem,
1685 3816 1850 3847 sacram
1889 3805 2113 3847 lectionem
2137 3838 2148 3855 ‚
2175 3818 2324 3860 puram
2350 3807 2603 3850 orationem.

1419 3880 1476 3888 ——-
1498 3858 1539 3902 9.
1573 3859 1880 3904 Monasterium
1913 3873 2063 3904 career
2091 3862 2374 3910 voluntarius,
2411 3874 2606 3916 quaenam

1423 3915 1671 3967 spirituales
1701 3917 1944 3970 compedes.
1973 3916 2113 3958 -40.
2138 3917 2250 3964 Deus
2285 3918 2392 3959 dura
2425 3931 2477 3960 ex
2511 3918 2605 3971 ejus

1421 3980 1566 4015 amore
1591 3971 1892 4015 sufferentibus
1921 3974 2032 4017 vires
2056 3974 2259 4028 suggerit„
2289 3978 2330 4016 et
2363 3986 2438 4027 spe
2475 3974 2604 4016 retri-

1419 4023 1611 4070 butionis
1632 4027 1774 4083 erigit.
1801 4052 1855 4058 —
1880 4027 2013 4070 irin
2039 4031 2108 4071 illa
2147 4030 2292 4083 requie
2327 4029 2604 4073 beatitudinis

1418 4093 1498 4124 nec
1520 4084 1696 4125 minima
1720 4084 1920 4138 cogitatio
1946 4085 2055 4126 bona
2082 4085 2163 4128 erit
2187 4086 2281 4127 sine
2314 4086 2524 4127 mercede.
2548 4109 2604 4116 -

1419 4137 1484 4181 12.
1519 4137 1767 4183 Passionem
1805 4140 2094 4184 tribulationis
2130 4142 2324 4196 sequitur
2364 4141 2604 4184 consolatio

1415 4199 1585 4238 aeternoe
1603 4196 1827 4239 mercedis.

1418 4281 1449 4324 1.
1466 4281 1644 4326 Videtur
1666 4283 1768 4325 mibi
1789 4284 1901 4337 quod
1925 4283 1966 4326 in
1995 4283 2064 4327 his
2081 4284 2241 4334 verbis,
2256 4283 2308 4326 de
2335 4282 2491 4338 quibus
2510 4281 2599 4336 jam

1360 4354 1492 4398 multa
1517 4355 1630 4398 dieta
1652 4361 1768 4409 sunt,
1787 4357 1868 4414 67
1917 4363 2003 4402 tres
2032 4356 2186 4414 ¹notari
2221 4355 2397 4399 ordines
2419 4359 2599 4411 possunt
