2924 4588
262 166 281 191 ⁸
547 172 575 207 0

225 214 308 258 9⁰3
759 256 789 286 ο
980 266 996 280 .

281 304 368 346 Rex
389 305 510 356 parat
533 295 681 354 ignita,
709 290 867 336 femina
887 288 1021 336 vincit
1036 288 1110 331 ita.

227 375 335 418 Dum
362 375 515 427 laqueo
533 368 643 427 jugis
667 377 712 410 se
730 361 942 419 conspicit
960 360 1072 405 Otho
1093 358 1236 414 ligari.

231 448 329 491 Mira
354 444 430 487 viri
457 441 626 487 bouitas
649 437 815 480 ratione
845 438 986 490 potest
1011 429 1223 486 superari,

280 516 491 559 Femxueis
519 510 717 553 manibus
734 521 780 552 se
806 507 911 550 sinit
936 505 1027 561 ipse
1048 501 1158 547 dari.

225 588 334 630 Dum
357 597 498 640 regem
518 581 740 625 comitissa
761 584 894 628 tenet,
922 577 996 631 dat
1018 576 1132 631 regis
1154 572 1358 616 honestas

225 658 281 702 Ut
305 656 458 712 capitis
488 653 543 696 sit
563 652 686 707 plena
707 650 790 693 sibi
811 649 965 692 collata
989 651 1197 703 potestas,

280 729 369 779 Sic,
394 733 441 770 ut
465 730 508 769 et
536 723 717 767 arbitrio
739 727 840 773 stet,
862 715 989 762 eadat
1011 718 1102 773 ipse
1123 727 1218 759 suo.

223 802 390 857 Cogitat
415 798 484 840 illa
504 794 695 846 modum,
725 805 811 849 quo
833 803 973 847 regem
997 788 1175 844 perdere
1193 785 1346 843 possit,

223 872 423 918 inducias
439 876 542 913 tunc
565 878 641 911 rex
664 865 856 908 modicas
880 876 959 918 pro
983 869 1173 916 tempore
1191 858 1347 915 poscit,

278 945 452 988 Addunt
473 947 515 984 ct
539 950 739 997 proceres
755 949 852 980 cum
875 937 1034 991 pietate
1051 943 1217 989 preces,

224 1015 462 1060 innumeris
483 1012 686 1069 precibus
708 1019 934 1066 procerum
959 1005 1088 1049 simul
1107 1011 1150 1048 et
1173 1003 1418 1054 mulierum,

224 1089 357 1143 Regia
376 1087 459 1129 vita
480 1085 624 1128 decem
644 1082 782 1138 spatio
798 1080 924 1123 datur
946 1089 1041 1121 esse
1063 1077 1246 1128 dierum,

283 1159 353 1202 Sic
374 1157 539 1199 ratione
563 1165 713 1197 verum
737 1151 897 1195 semina
920 1149 1024 1192 vicit
1043 1149 1209 1192 herum.

223 1234 317 1276 Jam
341 1231 505 1274 decima
526 1227 721 1270 veniente
744 1225 829 1275 die,
850 1234 1086 1277 casumque
1109 1220 1318 1270 minante,

223 1304 334 1347 Otho
357 1301 482 1352 redit,
506 1299 726 1343 eomitissa
746 1297 881 1346 veuit,
902 1307 997 1352 quae
1020 1300 1196 1338 venerat
1222 1297 1338 1336 ante,

281 1375 370 1419 Rex
388 1372 460 1417 ubi
482 1371 618 1415 dixit:
653 1384 667 1410 t
690 1368 794 1419 Ave,
825 1383 839 1409 ι
865 1367 1108 1411 rettulitilla
1131 1380 1141 1409 ι
1172 1381 1186 1407 ι
1208 1365 1335 1410 Cave.
1361 1380 1376 1405 ι

225 1442 353 1485 Tollit
377 1453 471 1485 eum
492 1440 710 1484 comitissa
735 1450 872 1488 reum,
899 1435 1094 1479 miranda
1118 1435 1250 1478 leaena
1271 1449 1282 1487 ;

225 1512 332 1556 Dum
353 1513 555 1563 trahitur,
585 1511 684 1554 dum
710 1508 957 1563 praecipitur
976 1507 1258 1551 succumbere
1276 1517 1419 1563 poena,

281 1586 454 1629 Femina
475 1585 585 1627 victa
604 1595 730 1640 prece
746 1582 913 1625 distulit
937 1581 1030 1636 ipsa
1051 1591 1219 1631 necem,

224 1657 412 1708 Distulit,
432 1663 473 1700 et
490 1656 620 1700 dixit:
652 1671 664 1695 ‹
687 1653 748 1696 lta
774 1665 888 1697 nunc
911 1651 1162 1697 tristissima
1181 1662 1330 1707 parco,

227 1731 283 1775 Ut
306 1737 402 1787 post
418 1739 513 1774 octo
538 1731 630 1772 dies
655 1728 795 1784 gladio
818 1727 874 1771 sit
895 1738 1021 1782 poena
1038 1725 1292 1777 monarcho,
1318 1739 1332 1765 ι

283 1803 355 1846 Sic
376 1803 474 1846 data
494 1809 597 1844 tunc
619 1803 724 1853 vita,
753 1800 935 1858 pendula
960 1799 1118 1855 pendet
1142 1798 1216 1841 ita.

223 1874 332 1918 Pace
356 1874 449 1918 dies
474 1881 571 1917 octo
588 1874 760 1927 rediens·
787 1873 887 1914 dum
914 1870 1080 1927 perficit
1101 1869 1226 1921 Otho,

225 1946 344 1991 Tunc
363 1947 564 2002 precibus
583 1959 678 1989 cum
706 1945 973 2001 principibus
998 1955 1148 1987 rursus
1172 1942 1276 1999 petit
1292 1949 1414 1993 octo:

280 2020 468 2075 S.·ptiu·ia
488 2019 560 2062 dat
581 2019 769 2074 requiem
794 2024 890 2073 post
907 2016 1171 2061 numeranda
1193 2015 1303 2061 dies.

227 2091 417 2147 Septima
444 2092 664 2147 praeteriit,
686 2103 837 2134 rursus
861 2089 978 2146 cupit
1001 2095 1099 2133 octo
1122 2088 1294 2140 mereri,

227 2161 284 2206 Ut
307 2175 383 2207 sex
398 2162 489 2217 ipse
506 2163 598 2206 dics
616 2161 770 2206 habeat
792 2174 889 2205 cum
915 2173 1022 2217 pace
1047 2160 1174 2210 tueri,

279 2233 472 2278 Consilio
490 2234 592 2276 cleri
617 2233 772 2276 semina
798 2234 929 2276 dixit:
956 2247 970 2273 c
995 2232 1102 2277 Erit.
1124 2247 1137 2273 i

226 2304 312 2348 Nee
334 2310 474 2349 tamen
497 2306 568 2348 illa
586 2306 718 2357 dedit,
744 2305 829 2349 nisi
852 2317 927 2349 rex
951 2306 1219 2362 promitteret
1243 2303 1323 2356 illi,

226 2376 353 2429 Quod
368 2377 490 2434 prius
513 2378 660 2435 ignitis
683 2386 830 2435 pereat
851 2379 997 2435 regina
1022 2376 1194 2429 favillis,

281 2450 373 2494 Hoc
395 2451 468 2495 ubi
499 2450 700 2494 convenit
722 2450 810 2493 'rita
835 2449 1053 2505 redempta
1076 2448 1205 2492 redit.

226 2521 310 2566 Pro
327 2523 466 2567 tribus
483 2522 666 2566 induciis
686 2522 837 2566 tribuit
853 2522 934 2564 tria
951 2525 1094 2564 castra
1112 2519 1388 2569 monarchus,

226 2593 315 2639 Nee
337 2593 419 2638 ruit
447 2594 491 2638 in
508 2594 687 2650 reliquis
711 2593 946 2638 concedere
958 2592 1152 2649 plurima
1171 2603 1345 2648 parcus,

281 2665 461 2717 Nomina
483 2675 723 2709 castrorum
748 2665 946 2708 novimus
965 2668 1095 2719 atque
1111 2663 1268 2707 solum.

229 2737 274 2782 Si
294 2740 415 2795 cupis
438 2739 608 2782 illorum
632 2737 819 2781 conlinia
840 2749 968 2798 nosse
986 2736 1198 2786 locorum,
1244 2732 1249 2749 ³

229 2810 410 2857 Climate
430 2810 687 2859 Tuscorum,
715 2809 898 2867 populus
916 2808 1187 2854 monstratur
1209 2820 1374 2855 eorum.

287 2882 351 2927 Me
374 2895 545 2939 quoque
570 2896 656 2926 non
675 2883 936 2940 latuit'saepe
958 2883 1105 2927 videre
1127 2883 1268 2927 solun.

1140 191 1431 242 commum

257 2972 318 3016 De
348 2972 524 3017 secundo
565 2973 758 3024 Henrico,
791 2963 949 3016 scilieet
982 2971 1168 3023 Claude,
1202 2974 1450 3027 imperatore

315 3029 594 3073 Romanorum
614 3030 893 3086 octtaaqesimo,
914 3030 1087 3085 septimo
1111 3027 1162 3071 ab
1190 3030 1393 3084 Augusto.

285 3100 407 3144 Anno
439 3102 493 3145 ab
525 3101 822 3147 incarnatione
853 3100 1021 3146 Domini
1051 3102 1279 3145 millesimo
1321 3100 1475 3156 ptimo.

231 3172 398 3220 Othone
414 3175 542 3218 tertio
561 3175 654 3219 sine
678 3173 849 3219 haerede
884 3173 1107 3225 defuncto,
1127 3171 1337 3216 Henricus
1353 3171 1480 3215 Clau-

233 3248 333 3299 dus,
359 3248 470 3292 lilius
505 3248 734 3299 nomionis,
759 3249 932 3292 natione
962 3247 1161 3299 Noricus,
1179 3253 1222 3291 et
1244 3247 1327 3290 dux
1351 3246 1479 3289 Nori-

232 3331 397 3371 corum,
423 3319 464 3363 id
488 3327 553 3364 est
578 3320 858 3370 navarorum,
884 3320 938 3363 ab
963 3319 1164 3363 omnibus
1181 3320 1302 3375 regni
1321 3318 1481 3375 princi-

235 3390 359 3453 pibus
386 3390 565 3442 clectus,
591 3391 909 3447 octuagesimus
944 3390 1153 3446 septimus
1185 3390 1238 3433 ab
1269 3390 1480 3445 Augusto,

235 3475 309 3506 rex
334 3469 520 3507 creatur.

292 3550 373 3595 iste
407 3552 553 3596 multis
586 3551 710 3596 bellis
745 3564 950 3609 prospere
982 3552 1131 3608 gestis,
1162 3552 1205 3603 in
1227 3549 1478 3600 Germania,

234 3623 455 3674 Boliemia,
479 3623 599 3667 Italia
621 3630 663 3668 et
684 3623 856 3681 Apulia,
873 3634 1106 3680 ,postremo
1130 3637 1153 3666 a
1177 3623 1355 3667 Domino
1383 3622 1479 3666 data

238 3697 319 3739 sibi
345 3697 508 3752 requie,
538 3708 634 3740 cum
662 3702 776 3742 esset
809 3694 1225 3744 christianissimus,
1259 3694 1483 3751 episcopa·

238 3775 329 3820 tum
341 3768 653 3814 nobilissimum
666 3769 1063 3825 Babcniiergensem
1077 3769 1264 3827 gloriose
1291 3768 1486 3811 fundavit

240 3840 282 3885 et
313 3841 604 3896 locupletavit.
645 3841 750 3897 Regi
774 3853 947 3898 quoque
973 3841 1241 3897 Ungarorum
1266 3839 1485 3896 Stephano

240 3924 388 3958 sorore
412 3927 490 3958 sua
508 3915 723 3970 copulata,
750 3921 835 3958 tam
854 3916 991 3970 ipsum
1018 3927 1176 3971 regem,
1201 3926 1330 3974 quam
1349 3919 1484 3957 totum

240 3987 378 4042 ipsius
408 3999 587 4044 regnum
616 3990 784 4031 vocavit
818 3990 870 4030 ad
899 3987 1040 4031 tidem.
1067 3987 1192 4031 Hune
1218 3985 1485 4044 Stephanum

241 4070 390 4102 omnes
418 4057 576 4113 Ungari
622 4063 668 4100 ut
691 4065 886 4102 sanctum
904 4063 1179 4111 venerantur,
1203 4070 1283 4114 pro
1299 4069 1351 4102 eo
1372 4057 1486 4114 quod

241 4143 319 4186 per
340 4143 437 4174 eum
462 4131 629 4174 initium
656 4130 751 4175 fidei
774 4136 1047 4187 acceperunt.

299 4201 509 4247 lic—uricus
529 4203 761 4258 imperator
780 4203 999 4259 piissimus
1014 4214 1128 4246 anno
1143 4203 1266 4258 regni
1289 4203 1355 4247 sui
1371 4202 1489 4258 rige-

245 4275 354 4319 simo
382 4282 563 4330 quarto,
598 4276 766 4332 imperii
804 4285 948 4322 autem
980 4288 1094 4321 anno
1134 4276 1389 4326 undecimo,
1420 4275 1491 4320 die

244 4348 435 4398 Iunctus,
463 4349 506 4391 in
521 4350 704 4392 ecclesia
721 4348 1066 4407 Babenbergensi
1084 4351 1288 4397 humatur
1306 4365 1315 4394 :
1330 4349 1403 4394 ubi
1423 4363 1491 4395 se-

244 4422 440 4478 pulcrum
461 4422 554 4476 ejus
573 4422 736 4466 crebris
751 4423 972 4468 miraculis
994 4435 1105 4479 saepe
1121 4430 1164 4467 et
1180 4423 1409 4468 manifeste
1425 4436 1482 4467 or-

248 4502 393 4540 natum
418 4499 508 4538 tota
532 4496 603 4538 illa
630 4496 850 4551 provincia
881 4496 1105 4553 magnifice
1128 4505 1373 4541 veneratur.
1398 4495 1486 4540 Cae-

1472 185 1850 235 vtTERBOENSls

1488 287 1524 329 Α
1549 287 1639 324 tera
1675 279 1728 323 de
1754 278 1848 334 ipso
1882 273 2069 319 ilenrico
2090 271 2366 327 imperatore,
2397 275 2438 314 et
2469 267 2522 312 de
2551 267 2725 313 civitate
2749 273 2794 314 et

1549 350 1741 395 Ecclesia
1779 345 2122 403 Babenbergensi
2143 376 2165 406 ,ι
2191 354 2271 399 ego
2296 340 2371 399 qui
2405 340 2465 384 ibi
2496 340 2635 396 prima
2662 340 2776 385 decu

1547 429 1692 468 menta
1733 421 2025 478 grammaticae
2064 423 2171 460 artis
2209 414 2360 465 didici,
2399 418 2605 469 tanquam
2646 424 2794 458 eorum

1548 497 1746 539 alumnus
1771 493 1970 537 versibus
1994 487 2220 546 explicavi.

1549 568 1656 611 Item
1680 566 1730 610 de
1745 564 1886 608 eodem
1906 560 2084 607 secundo
2112 561 2291 604 ilenrico
2319 558 2565 611 imperatore
2584 556 2796 600 Romano·

1603 635 1715 674 rum,
1740 621 1936 666 Claude-z
1965 628 2003 662 et
2030 618 2081 660 de
2102 617 2273 660 civitate
2292 621 2331 657 et
2354 613 2538 668 gloriosa
2558 613 2648 668 eJ'us
2668 611 2796 656 ecclo-
2860 650 2863 653 ,

1603 681 1683 728 sia,
1709 691 1802 734 quoe
1825 683 1997 720 vocatur
2019 672 2274 729 Babenberq,
2296 667 2340 713 id
2364 675 2425 711 est
2448 669 2571 714 Mons
2598 667 2805 724 Parom’t,

1603 734 1785 789 versifice
1805 731 2008 774 dicantus.

1548 807 1784 850 Bavaricus
1807 804 1964 848 fluvius
1987 802 2117 859 vulgo
2139 799 2366 844 Radiantia
2391 800 2548 850 dictus,

1548 879 1703 923 Norica
1723 890 1826 922 rura
1850 871 2018 926 fovens,
2048 874 2252 929 varieque
2275 865 2472 928 vagando
2490 871 2687 924 relictus,

1605 950 1760 995 Montis
1788 946 1975 992 Pavonis
1997 946 2117 990 urbis
2140 957 2309 988 amoena
2331 944 2448 988 colit.
2727 941 2730 944 ’

1547 1022 1729 1067 Nomine
1753 1021 1924 1076 vulgato
1948 1030 2075 1064 mons
2095 1018 2374 1072 Babenberga
2402 1021 2598 1066 vocatur,

1551 1093 1750 1136 Flumine
1770 1089 2008 1142 crassatur,
2032 1089 2264 1144 vicinaque
2291 1092 2407 1131 terra
2429 1087 2610 1142 rigatur,

1574 1162 1577 1164 ’
1605 1165 1801 1220 Ponsque
1824 1176 1953 1219 super
1972 1167 2135 1207 stratus
2160 1161 2294 1217 cingit
2316 1165 2548 1215 utrumque
2566 1157 2696 1202 latus.

1550 1240 1665 1285 Urbs
1686 1238 1902 1283 laudanda
1927 1236 2074 1287 nimis,
2098 1234 2268 1278 montis·
2285 1233 2520 1278 sucerescit
2543 1231 2598 1276 ab
2621 1231 2735 1283 imis,

1551 1313 1740 1368 Indeque
1764 1309 1964 1354 sublimis
1988 1307 2034 1350 lit
2057 1306 2254 1350 turribus
2277 1306 2408 1350 insita
2430 1302 2599 1360 primis.
2679 1313 2683 1315 ·
2752 1302 2755 1305 '

1608 1383 1766 1427 Montis
1789 1382 1834 1425 in
1860 1380 1966 1424 urbe
1986 1384 2133 1422 tamen
2156 1377 2347 1421 culmina
2369 1376 2514 1420 clerus
2536 1375 2680 1419 habet.

1549 1456 1731 1514 Agmine
1752 1443 1976 1498 murorum
2001 1442 2138 1496 series
2158 1449 2391 1508 praecincta
2419 1447 2647 1492 domorum

1549 1528 1747 1572 Exclusis
1762 1525 1887 1570 laicis
1912 1524 2094 1568 munitio
2118 1516 2165 1566 fit
2183 1521 2477 1569 dominorum,

1605 1600 1802 1645 Clericus
1826 1599 1999 1641 illorum
2018 1595 2185 1651 spernit
2208 1593 2329 1638 adire
2349 1592 2515 1636 forum.

1551 1671 1756 1729 Dogmate
1771 1668 2054 1728 grammatico
2072 1667 2216 1710 clerus
2241 1665 2351 1710 solet
2372 1663 2444 1708 iile
2466 1662 2603 1715 beari,

1549 1745 1760 1801 Nullaque
1784 1742 1977 1799 vulgaris
1991 1735 2079 1786 ¹vox
2103 1740 2232 1784 audet
2255 1739 2300 1783 in
2323 1739 2430 1782 urbe
2448 1735 2608 1791 sonari,

1609 1815 1718 1861 Sola
1737 1816 1846 1863 solet
1868 1814 2039 1860 cunctis
2057 1814 2203 1870 lingua
2223 1811 2375 1855 Latina
2397 1810 2508 1854 dari.

1883 1889 1943 1933 De
1958 1890 2133 1932 ecclesia
2160 1886 2508 1943 Babenberqensi.

1553 1962 1758 2007 Ecclesiae
1780 1961 1919 2006 forma
1943 1962 2101 2006 montis
2124 1965 2254 2016 caput
2277 1965 2404 2014 auget
2424 1965 2467 2003 et
2489 1961 2618 2004 ornat

1554 2036 1742 2084 Grandis
1768 2035 1826 2080 ibi
1853 2047 2006 2080 norma
2031 2034 2134 2080 cleri
2158 2033 2348 2079 recidiva
2369 2032 2597 2085 reformat,
2654 2037 2658 2041 “

1612 2109 1779 2154 Divulae
1800 2111 1886 2154 late
1909 2109 2039 2154 rebus
2062 2114 2104 2153 et
2130 2116 2220 2152 arte
2241 2111 2405 2163 patent.

1555 2183 1666 2228 Otho
1689 2182 1816 2227 Pater
1838 2189 2009 2238 patrum
2034 2185 2149 2224 tenet
2172 2179 2323 2223 ordine
2346 2176 2661 2247 pontificatum,

1480 2263 1482 2266 ’
1553 2255 1771 2300 Nobilium
1797 2254 1979 2298 fratrum
2002 2252 2154 2296 dilatat
2176 2251 2340 2295 honore
2363 2249 2599 2300 theatrum,

1610 2327 1705 2385 lpse
1727 2319 1867 2380 sacer,
1894 2338 2065 2371 sacrum
2091 2323 2509 2381 praestan-adaequat
2531 2322 2694 2366 utrum.

1427 2447 1431 2451 Α
1495 2422 1528 2468 C
1557 2401 1709 2459 Fulget
1729 2402 1772 2446 in
1794 2401 1979 2445 ecclesia
2005 2397 2191 2442 mirandi
2214 2396 2417 2453 ponderis
2440 2403 2613 2446 aurum,

1555 2475 1650 2529 Quo
1668 2476 1815 2520 minus
1837 2477 1905 2518 est
1927 2472 2087 2516 Danais
2113 2471 2268 2515 solitus
2292 2468 2538 2525 persolvere
2560 2466 2752 2516 Maurus,

1612 2548 1748 2593 Pallia
1764 2543 1980 2603 purpurea
1999 2544 2098 2602 quis
2118 2548 2350 2587 numerare
2375 2539 2539 2596 queat?

1686 2619 1747 2663 De
1764 2618 1906 2663 Monte
1933 2616 2143 2667 Paeonis,
2169 2622 2206 2658 et
2229 2615 2324 2671 qius
2342 2613 2481 2669 [orma
2504 2612 2679 2667 sistulum

1557 2691 1680 2735 Mons
1703 2688 1892 2733 Pavonis
1915 2687 2045 2731 habet
2069 2685 2202 2729 colles
2225 2683 2308 2729 sibi
2330 2681 2621 2732 collaterales,
2665 2694 2668 2695 ⁷

1556 2763 1664 2808 Tres
1685 2760 1811 2819 quasi
1829 2758 2094 2810 consimiles,
2127 2756 2248 2800 urbis
2271 2767 2442 2812 quoque
2464 2750 2754 2810 participales,

1612 2834 1708 2890 lpse
1729 2832 1877 2877 nitens
1894 2830 2079 2880 medius,
2097 2828 2321 2885 praeminet
2343 2826 2505 2882 absque
2531 2835 2650 2881 pare.

1557 2905 1783 2951 Pulchrior
1806 2903 1978 2947 illorum
2003 2901 2098 2944 loca
2116 2900 2301 2942 maxima
2321 2897 2394 2939 dat
2419 2894 2744 2948 monachorum,

1559 2978 1825 3034 Templaque
1849 2974 2084 3018 multorum
2107 2971 2261 3028 reliqui
2287 2970 2391 3014 dant
2416 2968 2742 3018 caiumicorum,

1616 3051 1865 3106 Quartaque
1889 3059 1992 3105 pars
2013 3045 2145 3090 fluvio
2167 3045 2328 3102 praebet
2352 3043 2558 3098 utrinque
2580 3041 2739 3084 sorum.

1560 3123 1604 3166 lu
1630 3124 1776 3175 crucis
1793 3133 1896 3178 ergo
1914 3119 2090 3164 modum
2115 3118 2260 3175 posuit
2283 3116 2363 3159 sibi
2385 3114 2503 3158 Pavo
2526 3113 2745 3165 colonum,

1561 3197 1643 3250 Qui
1666 3200 1893 3239 veneretur
1916 3204 2032 3243 eum,
2061 3189 2205 3233 foveat
2228 3188 2502 3242 celebretque
2523 3192 2774 3242 patronum.

1618 3268 1713 3324 lpse
1737 3266 1829 3310 suis
1857 3263 2031 3307 sainulis
2052 3262 2214 3318 praebet
2237 3260 2290 3303 ab
2314 3260 2420 3303 urbe
2443 3260 2623 3303 bonum.

1564 3341 1658 3384 Stat
1682 3339 1848 3383 medius
1872 3336 2042 3388 Petrus,
2062 3333 2308 3390 Stephanus
2331 3333 2415 3376 sibi
2437 3331 2587 3375 dexter
2610 3324 2811 3380 hahetur,

1566 3411 1735 3456 Vei-fiee
1761 3414 1844 3454 stat
1867 3407 2070 3459 lacobus,
2099 3408 2202 3450 laera
2228 3405 2410 3448 Michael
2433 3405 2660 3454 retinetur,
2861 3394 2864 3419 ³

1625 3482 1810 3540 Fertque
1836 3494 1960 3526 secus
1983 3481 2158 3524 fluvium
2183 3477 2317 3534 Virgo
2337 3477 2470 3519 Maria
2497 3476 2646 3520 decus.

1790 3564 1793 3566 ·
1831 3554 1888 3597 De
1909 3554 2122 3610 sepultura
2147 3550 2327 3596 Caesaris
2357 3548 2545 3593 Hem-ici.

1563 3630 1750 3674 (Ia-,saris
1771 3627 1945 3671 llenriei
1970 3626 2125 3676 sancti,
2158 3623 2419 3680 cognomine·
2436 3620 2604 3673 Claudi,

1564 3704 1719 3746 Lector
1741 3712 1846 3757 opes
1868 3699 1983 3750 audi,
2005 3710 2091 3753 quo
2114 3701 2299 3753 possunt
2324 3687 2504 3739 munere
2518 3687 2693 3738 claudii*

1623 3775 1723 3819 licec
1745 3780 1786 3818 et
1808 3774 1971 3828 maiora
1991 3778 2091 3817 sunt
2117 3783 2195 3815 sua
2213 3769 2348 3812 multa
2374 3768 2503 3812 bona.
2657 3755 2676 3776 ²

1565 3849 1700 3904 Cujus
1723 3853 1766 3891 et
1792 3858 1891 3890 ossa
1913 3846 2030 3888 bona⁴
2050 3847 2152 3888 sunt
2177 3842 2230 3886 ad
2257 3839 2468 3885 miracula
2491 3849 2644 3895 prona.

1568 3920 1656 3963 lloc
1678 3931 1805 3975 opus,
1831 3917 1924 3960 hsce
1943 3916 2055 3960 dona
2075 3926 2152 3959 sua
2169 3911 2354 3957 contulit
2372 3910 2484 3953 alma
2503 3919 2676 3960 corona,
2705 3957 2712 3964 Δ,

1624 3991 1748 4036 Unde
1769 3989 2083 4048 per-Ecclesias
2101 3985 2270 4031 cantica
2291 3984 2419 4040 digna
2439 3986 2612 4026 sonant.

1792 4058 2068 4116 Babenberyoe
2092 4064 2238 4101 auctor
2256 4057 2372 4111 prius
2397 4052 2573 4098 studuit.

1567 4132 1711 4177 Laude
1733 4144 1892 4175 vacans
1914 4130 2012 4185 ista,
2038 4129 2184 4174 recolo
2203 4126 2311 4170 mihi
2332 4136 2526 4181 tempora
2547 4122 2704 4178 prisca,

1567 4194 1719 4251 Prisca
1743 4205 1823 4249 fuit
1847 4215 1982 4261 puero,-
2000 4202 2105 4247 mihi
2127 4199 2405 4255 Babenberga
2427 4196 2652 4253 magistra,
2691 4216 2694 4219 Δ
2715 4229 2718 4231 ,

1627 4279 1747 4323 Mens
1773 4290 1869 4322 nica
1893 4288 1990 4333 quae
2012 4273 2182 4323 didicit,
2208 4270 2349 4315 reddit
2368 4269 2511 4312 amica
2535 4266 2634 4312 sibi.

1570 4350 1763 4395 Reddere
1780 4362 1866 4392 non
1885 4348 2004 4405 potui
2021 4351 2250 4402 quantum,
2270 4342 2346 4387 sed
2365 4340 2544 4385 reddere
2564 4338 2703 4395 quale,

1571 4423 1681 4469 Ecce
1707 4435 1811 4468 meae
1832 4422 2012 4467 volitant
2033 4418 2141 4462 alias
2161 4415 2464 4477 properantius
2485 4412 2579 4464 alar,

1638 4493 1704 4539 Me
1725 4501 1851 4539 vocat
1875 4492 2079 4549 historia„
2096 4490 2210 4538 Paro
2232 4491 2370 4541 beate,
2392 4487 2498 4531 vale.

2714 181 2885 239 9⁶⁴·
