<?xml version="1.0" encoding="UTF-8"?>
<!DOCTYPE html PUBLIC "-//W3C//DTD XHTML 1.0 Transitional//EN"
    "http://www.w3.org/TR/xhtml1/DTD/xhtml1-transitional.dtd">
<html xmlns="http://www.w3.org/1999/xhtml" xml:lang="en" lang="en">
 <head>
  <title>
</title>
<meta http-equiv="Content-Type" content="text/html;charset=utf-8" />
  <meta name='ocr-system' content='tesseract 3.04.00' />
  <meta name='ocr-capabilities' content='ocr_page ocr_carea ocr_par ocr_line ocrx_word'/>
</head>
<body>
  <div class='ocr_page' id='page_1' title='image "./patrologiaecursu00hammuoft_0069.png"; bbox 0 0 2924 4588; ppageno 0'>
   <div class='ocr_carea' id='block_1_1' title="bbox 0 373 35 4588">
    <p class='ocr_par' dir='ltr' id='par_1_1' title="bbox 0 373 35 4588">
     <span class='ocr_line' id='line_1_1' title="bbox 0 373 35 4588; baseline 0 0"><span class='ocrx_word' id='word_1_1' title='bbox 0 373 35 4588; x_wconf 95' lang='lat' dir='ltr'> </span> 
     </span>
    </p>
   </div>
   <div class='ocr_carea' id='block_1_2' title="bbox 39 47 124 143">
    <p class='ocr_par' dir='ltr' id='par_1_2' title="bbox 39 47 124 143">
     <span class='ocr_line' id='line_1_2' title="bbox 39 47 124 143; baseline -0.035 0"><span class='ocrx_word' id='word_1_2' title='bbox 39 47 124 143; x_wconf 49' lang='lat' dir='ltr'>&#39;m</span> 
     </span>
    </p>
   </div>
   <div class='ocr_carea' id='block_1_3' title="bbox 816 69 1829 137">
    <p class='ocr_par' dir='ltr' id='par_1_3' title="bbox 816 69 1829 137">
     <span class='ocr_line' id='line_1_3' title="bbox 816 69 1829 137; baseline 0.007 -8"><span class='ocrx_word' id='word_1_3' title='bbox 816 84 1122 131; x_wconf 57' lang='lat' dir='ltr'>sanniones,</span> <span class='ocrx_word' id='word_1_4' title='bbox 1151 84 1207 120; x_wconf 79' lang='grc'>-·</span> <span class='ocrx_word' id='word_1_5' title='bbox 1238 84 1292 130; x_wconf 66' lang='lat' dir='ltr'>ia</span> <span class='ocrx_word' id='word_1_6' title='bbox 1319 69 1576 136; x_wconf 58' lang='lat' dir='ltr'>tornare</span> <span class='ocrx_word' id='word_1_7' title='bbox 1608 80 1829 137; x_wconf 55' lang='lat' dir='ltr'>benun(</span> 
     </span>
    </p>
   </div>
   <div class='ocr_carea' id='block_1_4' title="bbox 2516 97 2601 146">
    <p class='ocr_par' dir='ltr' id='par_1_4' title="bbox 2516 97 2601 146">
     <span class='ocr_line' id='line_1_4' title="bbox 2516 97 2601 146; baseline 0 0"><span class='ocrx_word' id='word_1_8' title='bbox 2516 97 2601 146; x_wconf 73' lang='lat'>&#39;¹22</span> 
     </span>
    </p>
   </div>
   <div class='ocr_carea' id='block_1_5' title="bbox 43 175 2600 243">
    <p class='ocr_par' dir='ltr' id='par_1_5' title="bbox 43 175 2600 243">
     <span class='ocr_line' id='line_1_5' title="bbox 43 175 2600 243; baseline 0.004 -20"><span class='ocrx_word' id='word_1_9' title='bbox 43 194 150 236; x_wconf 63' lang='lat' dir='ltr'>m,</span> <span class='ocrx_word' id='word_1_10' title='bbox 171 179 365 237; x_wconf 74' lang='lat' dir='ltr'>quoniam</span> <span class='ocrx_word' id='word_1_11' title='bbox 396 176 624 221; x_wconf 61' lang='lat' dir='ltr'>videbimus</span> <span class='ocrx_word' id='word_1_12' title='bbox 643 188 737 220; x_wconf 81' lang='lat' dir='ltr'>eum</span> <span class='ocrx_word' id='word_1_13' title='bbox 764 177 890 220; x_wconf 70' lang='lat' dir='ltr'>sicuti</span> <span class='ocrx_word' id='word_1_14' title='bbox 909 185 970 221; x_wconf 77' lang='lat' dir='ltr'>est</span> <span class='ocrx_word' id='word_1_15' title='bbox 995 175 1038 232; x_wconf 86' lang='lat'>(1</span> <span class='ocrx_word' id='word_1_16' title='bbox 1057 175 1182 221; x_wconf 82' lang='lat' dir='ltr'>Joan.</span> <span class='ocrx_word' id='word_1_17' title='bbox 1208 189 1274 229; x_wconf 83' lang='lat' dir='ltr'>ut,</span> <span class='ocrx_word' id='word_1_18' title='bbox 1300 181 1336 226; x_wconf 77' lang='grc' dir='ltr'><strong>Α</strong></span> <span class='ocrx_word' id='word_1_19' title='bbox 1358 177 1471 223; x_wconf 78' lang='lat' dir='ltr'>visio</span> <span class='ocrx_word' id='word_1_20' title='bbox 1493 193 1581 224; x_wconf 87' lang='lat' dir='ltr'>non</span> <span class='ocrx_word' id='word_1_21' title='bbox 1603 179 1822 226; x_wconf 82' lang='lat' dir='ltr'>intellecta</span> <span class='ocrx_word' id='word_1_22' title='bbox 1845 176 2117 229; x_wconf 77' lang='lat' dir='ltr'><strong>solummodo</strong></span> <span class='ocrx_word' id='word_1_23' title='bbox 2141 185 2457 243; x_wconf 56' lang='lat' dir='ltr'>somniatorem</span> <span class='ocrx_word' id='word_1_24' title='bbox 2489 192 2600 238; x_wconf 73' lang='lat' dir='ltr'>istos</span> 
     </span>
    </p>
   </div>
   <div class='ocr_carea' id='block_1_6' title="bbox 0 247 1282 1258">
    <p class='ocr_par' dir='ltr' id='par_1_6' title="bbox 0 247 1282 1258">
     <span class='ocr_line' id='line_1_6' title="bbox 9 247 1282 316; baseline -0.004 -17"><span class='ocrx_word' id='word_1_25' title='bbox 9 255 11 257; x_wconf 82' lang='grc'><strong>’</strong></span> <span class='ocrx_word' id='word_1_26' title='bbox 42 247 108 316; x_wconf 57' lang='grc' dir='ltr'>ᾖς</span> <span class='ocrx_word' id='word_1_27' title='bbox 134 254 224 298; x_wconf 77' lang='lat' dir='ltr'>baec</span> <span class='ocrx_word' id='word_1_28' title='bbox 257 252 404 307; x_wconf 81' lang='lat' dir='ltr'>itaque</span> <span class='ocrx_word' id='word_1_29' title='bbox 436 261 568 294; x_wconf 74' lang='lat' dir='ltr'>causa</span> <span class='ocrx_word' id='word_1_30' title='bbox 587 249 690 306; x_wconf 83' lang='lat' dir='ltr'>quia</span> <span class='ocrx_word' id='word_1_31' title='bbox 720 250 760 294; x_wconf 89' lang='lat' dir='ltr'>ei</span> <span class='ocrx_word' id='word_1_32' title='bbox 780 248 944 294; x_wconf 80' lang='lat' dir='ltr'><strong>similes</strong></span> <span class='ocrx_word' id='word_1_33' title='bbox 973 250 1152 304; x_wconf 84' lang='lat' dir='ltr'>erimus,</span> <span class='ocrx_word' id='word_1_34' title='bbox 1173 263 1282 307; x_wconf 79' lang='lat' dir='ltr'>quo-¹</span> 
     </span>
     <span class='ocr_line' id='line_1_7' title="bbox 27 319 1282 377; baseline -0.002 -8"><span class='ocrx_word' id='word_1_35' title='bbox 27 327 157 377; x_wconf 65' lang='lat' dir='ltr'>,iiiam</span> <span class='ocrx_word' id='word_1_36' title='bbox 173 322 415 370; x_wconf 79' lang='lat' dir='ltr'>videbimus</span> <span class='ocrx_word' id='word_1_37' title='bbox 436 334 536 366; x_wconf 88' lang='lat' dir='ltr'>eum</span> <span class='ocrx_word' id='word_1_38' title='bbox 550 320 678 366; x_wconf 86' lang='lat' dir='ltr'>sicuti</span> <span class='ocrx_word' id='word_1_39' title='bbox 699 327 781 366; x_wconf 89' lang='lat' dir='ltr'>est.</span> <span class='ocrx_word' id='word_1_40' title='bbox 799 319 950 366; x_wconf 80' lang='lat' dir='ltr'>Nonne</span> <span class='ocrx_word' id='word_1_41' title='bbox 971 321 1084 366; x_wconf 81' lang='lat' dir='ltr'>Deus</span> <span class='ocrx_word' id='word_1_42' title='bbox 1107 323 1195 376; x_wconf 79' lang='lat' dir='ltr'>lux,</span> <span class='ocrx_word' id='word_1_43' title='bbox 1214 324 1282 367; x_wconf 88' lang='lat' dir='ltr'>in-</span> 
     </span>
     <span class='ocr_line' id='line_1_8' title="bbox 42 394 1278 448; baseline -0.003 -5"><span class='ocrx_word' id='word_1_44' title='bbox 42 396 400 448; x_wconf 52' lang='lat' dir='ltr'>&amp;mmutabilitas</span> <span class='ocrx_word' id='word_1_45' title='bbox 420 401 464 440; x_wconf 86' lang='lat' dir='ltr'>et</span> <span class='ocrx_word' id='word_1_46' title='bbox 483 395 702 440; x_wconf 77' lang='lat' dir='ltr'>aeternitas</span> <span class='ocrx_word' id='word_1_47' title='bbox 725 395 819 438; x_wconf 79' lang='lat' dir='ltr'>est?</span> <span class='ocrx_word' id='word_1_48' title='bbox 837 394 1023 439; x_wconf 79' lang='lat' dir='ltr'>videndo</span> <span class='ocrx_word' id='word_1_49' title='bbox 1044 401 1186 440; x_wconf 88' lang='lat' dir='ltr'>autem</span> <span class='ocrx_word' id='word_1_50' title='bbox 1211 397 1278 439; x_wconf 88' lang='lat' dir='ltr'>iu-</span> 
     </span>
     <span class='ocr_line' id='line_1_9' title="bbox 42 466 1280 521; baseline -0.004 -5"><span class='ocrx_word' id='word_1_51' title='bbox 42 471 134 521; x_wconf 68' lang='lat' dir='ltr'>cem</span> <span class='ocrx_word' id='word_1_52' title='bbox 163 471 327 516; x_wconf 84' lang='lat' dir='ltr'>erimus</span> <span class='ocrx_word' id='word_1_53' title='bbox 342 473 385 513; x_wconf 87' lang='lat' dir='ltr'>et</span> <span class='ocrx_word' id='word_1_54' title='bbox 401 479 481 512; x_wconf 88' lang='lat' dir='ltr'>nos</span> <span class='ocrx_word' id='word_1_55' title='bbox 496 466 644 519; x_wconf 88' lang='lat' dir='ltr'>lucidi,</span> <span class='ocrx_word' id='word_1_56' title='bbox 664 467 848 511; x_wconf 84' lang='lat' dir='ltr'>videndo</span> <span class='ocrx_word' id='word_1_57' title='bbox 867 472 1010 510; x_wconf 83' lang='lat' dir='ltr'>autem</span> <span class='ocrx_word' id='word_1_58' title='bbox 1038 467 1280 512; x_wconf 85' lang='lat' dir='ltr'>incommu-</span> 
     </span>
     <span class='ocr_line' id='line_1_10' title="bbox 43 538 1281 594; baseline -0.003 -7"><span class='ocrx_word' id='word_1_59' title='bbox 43 543 307 594; x_wconf 62' lang='lat' dir='ltr'>nubilitatem,</span> <span class='ocrx_word' id='word_1_60' title='bbox 342 548 386 585; x_wconf 85' lang='lat' dir='ltr'>et</span> <span class='ocrx_word' id='word_1_61' title='bbox 405 551 487 584; x_wconf 85' lang='lat' dir='ltr'>nos</span> <span class='ocrx_word' id='word_1_62' title='bbox 515 538 749 584; x_wconf 77' lang='lat' dir='ltr'>efficiemur</span> <span class='ocrx_word' id='word_1_63' title='bbox 778 539 1181 593; x_wconf 80' lang='lat' dir='ltr'>incommutabiles3</span> <span class='ocrx_word' id='word_1_64' title='bbox 1216 541 1281 583; x_wconf 81' lang='lat' dir='ltr'>vi-</span> 
     </span>
     <span class='ocr_line' id='line_1_11' title="bbox 41 611 1280 668; baseline -0.004 -8"><span class='ocrx_word' id='word_1_65' title='bbox 41 613 178 666; x_wconf 68' lang='lat' dir='ltr'>dendo</span> <span class='ocrx_word' id='word_1_66' title='bbox 198 619 423 665; x_wconf 77' lang='lat' dir='ltr'>aeternum,</span> <span class='ocrx_word' id='word_1_67' title='bbox 441 613 606 658; x_wconf 81' lang='lat' dir='ltr'>erimus</span> <span class='ocrx_word' id='word_1_68' title='bbox 626 618 669 656; x_wconf 91' lang='lat' dir='ltr'>et</span> <span class='ocrx_word' id='word_1_69' title='bbox 690 624 770 666; x_wconf 86' lang='lat' dir='ltr'>nos</span> <span class='ocrx_word' id='word_1_70' title='bbox 791 623 1016 668; x_wconf 75' lang='lat' dir='ltr'><strong>perennes.</strong></span> <span class='ocrx_word' id='word_1_71' title='bbox 1034 611 1086 654; x_wconf 81' lang='lat' dir='ltr'>Et</span> <span class='ocrx_word' id='word_1_72' title='bbox 1102 613 1160 655; x_wconf 83' lang='lat' dir='ltr'>ita</span> <span class='ocrx_word' id='word_1_73' title='bbox 1178 625 1280 655; x_wconf 86' lang='lat' dir='ltr'>sen-</span> 
     </span>
     <span class='ocr_line' id='line_1_12' title="bbox 42 684 1278 741; baseline -0.004 -8"><span class='ocrx_word' id='word_1_74' title='bbox 42 687 229 736; x_wconf 74' lang='lat' dir='ltr'>nendum</span> <span class='ocrx_word' id='word_1_75' title='bbox 244 691 310 732; x_wconf 86' lang='lat' dir='ltr'>est</span> <span class='ocrx_word' id='word_1_76' title='bbox 326 686 457 731; x_wconf 87' lang='lat' dir='ltr'>etiam</span> <span class='ocrx_word' id='word_1_77' title='bbox 471 685 526 729; x_wconf 88' lang='lat' dir='ltr'>de</span> <span class='ocrx_word' id='word_1_78' title='bbox 541 685 654 736; x_wconf 75' lang='lat' dir='ltr'>aliis.</span> <span class='ocrx_word' id='word_1_79' title='bbox 667 697 762 741; x_wconf 80' lang='lat' dir='ltr'>quae</span> <span class='ocrx_word' id='word_1_80' title='bbox 779 685 823 728; x_wconf 88' lang='lat' dir='ltr'>in</span> <span class='ocrx_word' id='word_1_81' title='bbox 839 685 954 728; x_wconf 84' lang='lat' dir='ltr'>bunc</span> <span class='ocrx_word' id='word_1_82' title='bbox 969 684 1144 728; x_wconf 88' lang='lat' dir='ltr'>modum</span> <span class='ocrx_word' id='word_1_83' title='bbox 1162 693 1278 729; x_wconf 85' lang='lat' dir='ltr'>sunt.</span> 
     </span>
     <span class='ocr_line' id='line_1_13' title="bbox 42 757 1282 814; baseline -0.002 -10"><span class='ocrx_word' id='word_1_84' title='bbox 42 759 130 810; x_wconf 54' lang='lat' dir='ltr'>Me</span> <span class='ocrx_word' id='word_1_85' title='bbox 150 763 292 804; x_wconf 71' lang='lat' dir='ltr'>autem</span> <span class='ocrx_word' id='word_1_86' title='bbox 314 760 548 802; x_wconf 78' lang='lat' dir='ltr'>maximum</span> <span class='ocrx_word' id='word_1_87' title='bbox 585 763 628 802; x_wconf 86' lang='lat' dir='ltr'>et</span> <span class='ocrx_word' id='word_1_88' title='bbox 659 757 1036 814; x_wconf 85' lang='lat' dir='ltr'>pretiosissimum,</span> <span class='ocrx_word' id='word_1_89' title='bbox 1078 757 1282 803; x_wconf 82' lang='lat' dir='ltr'>dulcissi-</span> 
     </span>
     <span class='ocr_line' id='line_1_14' title="bbox 41 830 1280 887; baseline -0.006 -6"><span class='ocrx_word' id='word_1_90' title='bbox 41 845 156 881; x_wconf 80' lang='lat' dir='ltr'>mum</span> <span class='ocrx_word' id='word_1_91' title='bbox 181 837 225 877; x_wconf 86' lang='lat' dir='ltr'>et</span> <span class='ocrx_word' id='word_1_92' title='bbox 250 831 554 876; x_wconf 73' lang='lat' dir='ltr'>suavissimum</span> <span class='ocrx_word' id='word_1_93' title='bbox 579 830 712 874; x_wconf 84' lang='lat' dir='ltr'>Deum</span> <span class='ocrx_word' id='word_1_94' title='bbox 733 830 933 875; x_wconf 83' lang='lat' dir='ltr'>videlicet</span> <span class='ocrx_word' id='word_1_95' title='bbox 964 831 1127 883; x_wconf 74' lang='lat' dir='ltr'>videre,</span> <span class='ocrx_word' id='word_1_96' title='bbox 1152 843 1280 887; x_wconf 86' lang='lat' dir='ltr'>quem</span> 
     </span>
     <span class='ocr_line' id='line_1_15' title="bbox 31 903 1129 968; baseline -0.004 -16"><span class='ocrx_word' id='word_1_97' title='bbox 31 906 111 968; x_wconf 61' lang='lat' dir='ltr'>qui</span> <span class='ocrx_word' id='word_1_98' title='bbox 127 904 286 951; x_wconf 78' lang='lat' dir='ltr'>mundo</span> <span class='ocrx_word' id='word_1_99' title='bbox 304 905 434 948; x_wconf 86' lang='lat' dir='ltr'>eorde</span> <span class='ocrx_word' id='word_1_100' title='bbox 451 910 569 956; x_wconf 89' lang='lat' dir='ltr'>sunt,</span> <span class='ocrx_word' id='word_1_101' title='bbox 585 903 743 947; x_wconf 78' lang='lat' dir='ltr'>babent</span> <span class='ocrx_word' id='word_1_102' title='bbox 766 904 810 946; x_wconf 86' lang='lat' dir='ltr'>in</span> <span class='ocrx_word' id='word_1_103' title='bbox 829 903 1129 959; x_wconf 80' lang='lat' dir='ltr'>promissione.</span> 
     </span>
     <span class='ocr_line' id='line_1_16' title="bbox 93 975 1280 1033; baseline -0.004 -10"><span class='ocrx_word' id='word_1_104' title='bbox 93 978 163 1023; x_wconf 82' lang='lat' dir='ltr'>tv.</span> <span class='ocrx_word' id='word_1_105' title='bbox 187 977 264 1022; x_wconf 83' lang='lat' dir='ltr'>Est</span> <span class='ocrx_word' id='word_1_106' title='bbox 291 978 376 1020; x_wconf 86' lang='lat' dir='ltr'>alia</span> <span class='ocrx_word' id='word_1_107' title='bbox 415 988 587 1032; x_wconf 84' lang='lat' dir='ltr'>quoque</span> <span class='ocrx_word' id='word_1_108' title='bbox 610 975 737 1029; x_wconf 64' lang='lat' dir='ltr'>visio,</span> <span class='ocrx_word' id='word_1_109' title='bbox 759 988 844 1032; x_wconf 85' lang='lat' dir='ltr'>qua</span> <span class='ocrx_word' id='word_1_110' title='bbox 859 977 989 1019; x_wconf 86' lang='lat' dir='ltr'>etiam</span> <span class='ocrx_word' id='word_1_111' title='bbox 1012 977 1057 1020; x_wconf 88' lang='lat' dir='ltr'>in</span> <span class='ocrx_word' id='word_1_112' title='bbox 1079 977 1280 1033; x_wconf 81' lang='lat' dir='ltr'>praesenti</span> 
     </span>
     <span class='ocr_line' id='line_1_17' title="bbox 44 1046 1278 1106; baseline -0.005 -6"><span class='ocrx_word' id='word_1_113' title='bbox 44 1046 214 1100; x_wconf 53' lang='lat' dir='ltr'>ridetur</span> <span class='ocrx_word' id='word_1_114' title='bbox 235 1049 365 1099; x_wconf 71' lang='lat' dir='ltr'>Deus,</span> <span class='ocrx_word' id='word_1_115' title='bbox 398 1050 500 1094; x_wconf 80' lang='lat' dir='ltr'>licet</span> <span class='ocrx_word' id='word_1_116' title='bbox 511 1063 598 1092; x_wconf 86' lang='lat' dir='ltr'>non</span> <span class='ocrx_word' id='word_1_117' title='bbox 621 1049 665 1092; x_wconf 85' lang='lat' dir='ltr'>in</span> <span class='ocrx_word' id='word_1_118' title='bbox 707 1062 754 1093; x_wconf 89' lang='lat' dir='ltr'>se</span> <span class='ocrx_word' id='word_1_119' title='bbox 795 1049 907 1106; x_wconf 91' lang='lat' dir='ltr'>ipso,</span> <span class='ocrx_word' id='word_1_120' title='bbox 926 1051 1008 1094; x_wconf 89' lang='lat' dir='ltr'>etsi</span> <span class='ocrx_word' id='word_1_121' title='bbox 1047 1051 1120 1106; x_wconf 84' lang='lat' dir='ltr'>qui</span> <span class='ocrx_word' id='word_1_122' title='bbox 1157 1050 1278 1094; x_wconf 80' lang='lat' dir='ltr'>vide—</span> 
     </span>
     <span class='ocr_line' id='line_1_18' title="bbox 42 1123 1281 1180; baseline -0.004 -10"><span class='ocrx_word' id='word_1_123' title='bbox 42 1132 126 1180; x_wconf 83' lang='lat' dir='ltr'>tur,</span> <span class='ocrx_word' id='word_1_124' title='bbox 144 1125 200 1170; x_wconf 88' lang='lat' dir='ltr'>sit</span> <span class='ocrx_word' id='word_1_125' title='bbox 222 1123 328 1180; x_wconf 85' lang='lat' dir='ltr'>ipse.</span> <span class='ocrx_word' id='word_1_126' title='bbox 356 1123 409 1166; x_wconf 81' lang='lat' dir='ltr'>Et</span> <span class='ocrx_word' id='word_1_127' title='bbox 442 1123 615 1167; x_wconf 80' lang='lat' dir='ltr'>videtur</span> <span class='ocrx_word' id='word_1_128' title='bbox 656 1123 830 1180; x_wconf 85' lang='lat' dir='ltr'>quidem</span> <span class='ocrx_word' id='word_1_129' title='bbox 855 1123 1012 1167; x_wconf 83' lang='lat' dir='ltr'>abillis</span> <span class='ocrx_word' id='word_1_130' title='bbox 1055 1135 1164 1178; x_wconf 85' lang='lat' dir='ltr'>quos</span> <span class='ocrx_word' id='word_1_131' title='bbox 1199 1124 1281 1166; x_wconf 84' lang='lat' dir='ltr'>bac</span> 
     </span>
     <span class='ocr_line' id='line_1_19' title="bbox 0 1194 1282 1258; baseline -0.002 -18"><span class='ocrx_word' id='word_1_132' title='bbox 0 1219 2 1224; x_wconf 39' lang='grc' dir='ltr'><em>ν</em></span> <span class='ocrx_word' id='word_1_133' title='bbox 26 1197 172 1258; x_wconf 32' lang='lat' dir='ltr'>:gratia</span> <span class='ocrx_word' id='word_1_134' title='bbox 194 1195 347 1252; x_wconf 82' lang='lat' dir='ltr'>dignos</span> <span class='ocrx_word' id='word_1_135' title='bbox 372 1195 554 1251; x_wconf 68' lang='lat' dir='ltr'>iudicat,</span> <span class='ocrx_word' id='word_1_136' title='bbox 578 1207 689 1251; x_wconf 85' lang='lat' dir='ltr'>quos</span> <span class='ocrx_word' id='word_1_137' title='bbox 719 1200 762 1238; x_wconf 86' lang='lat' dir='ltr'>et</span> <span class='ocrx_word' id='word_1_138' title='bbox 796 1195 914 1251; x_wconf 87' lang='lat' dir='ltr'>ipsos</span> <span class='ocrx_word' id='word_1_139' title='bbox 944 1194 1127 1238; x_wconf 86' lang='lat' dir='ltr'>mundos</span> <span class='ocrx_word' id='word_1_140' title='bbox 1151 1195 1282 1239; x_wconf 87' lang='lat' dir='ltr'>corde</span> 
     </span>
    </p>
   </div>
   <div class='ocr_carea' id='block_1_7' title="bbox 1360 253 2606 1254">
    <p class='ocr_par' dir='ltr' id='par_1_7' title="bbox 1360 253 2601 590">
     <span class='ocr_line' id='line_1_20' title="bbox 1361 253 2601 311; baseline 0.011 -17"><span class='ocrx_word' id='word_1_141' title='bbox 1361 257 1503 295; x_wconf 82' lang='lat' dir='ltr'>autem</span> <span class='ocrx_word' id='word_1_142' title='bbox 1527 253 1805 309; x_wconf 82' lang='lat' dir='ltr'>intelligentia</span> <span class='ocrx_word' id='word_1_143' title='bbox 1825 256 2057 311; x_wconf 83' lang='lat' dir='ltr'>propbetas</span> <span class='ocrx_word' id='word_1_144' title='bbox 2076 255 2194 302; x_wconf 73' lang='lat' dir='ltr'>fecit.</span> <span class='ocrx_word' id='word_1_145' title='bbox 2221 257 2320 304; x_wconf 81' lang='lat' dir='ltr'>Haec</span> <span class='ocrx_word' id='word_1_146' title='bbox 2358 265 2501 307; x_wconf 83' lang='lat' dir='ltr'>autem</span> <span class='ocrx_word' id='word_1_147' title='bbox 2535 265 2601 308; x_wconf 89' lang='lat' dir='ltr'>di-</span> 
     </span>
     <span class='ocr_line' id='line_1_21' title="bbox 1360 323 2600 392; baseline 0.01 -24"><span class='ocrx_word' id='word_1_148' title='bbox 1360 323 1470 368; x_wconf 69' lang='lat' dir='ltr'>vinae</span> <span class='ocrx_word' id='word_1_149' title='bbox 1512 326 1773 372; x_wconf 76' lang='lat' dir='ltr'>visitationis</span> <span class='ocrx_word' id='word_1_150' title='bbox 1801 323 1912 373; x_wconf 82' lang='lat' dir='ltr'>visio</span> <span class='ocrx_word' id='word_1_151' title='bbox 1935 329 2035 373; x_wconf 88' lang='lat' dir='ltr'>iicet</span> <span class='ocrx_word' id='word_1_152' title='bbox 2071 332 2267 388; x_wconf 80' lang='lat' dir='ltr'>reprobis</span> <span class='ocrx_word' id='word_1_153' title='bbox 2291 344 2600 392; x_wconf 81' lang='lat' dir='ltr'>nonnunquam</span> 
     </span>
     <span class='ocr_line' id='line_1_22' title="bbox 1361 396 2601 453; baseline 0.008 -11"><span class='ocrx_word' id='word_1_154' title='bbox 1361 396 1455 442; x_wconf 76' lang='lat' dir='ltr'>sine</span> <span class='ocrx_word' id='word_1_155' title='bbox 1478 399 1724 453; x_wconf 85' lang='lat' dir='ltr'>intellectu;</span> <span class='ocrx_word' id='word_1_156' title='bbox 1768 401 1917 446; x_wconf 82' lang='lat' dir='ltr'>electis</span> <span class='ocrx_word' id='word_1_157' title='bbox 1946 413 2048 445; x_wconf 78' lang='lat' dir='ltr'>vero</span> <span class='ocrx_word' id='word_1_158' title='bbox 2089 403 2224 447; x_wconf 89' lang='lat' dir='ltr'>multo</span> <span class='ocrx_word' id='word_1_159' title='bbox 2246 417 2345 450; x_wconf 84' lang='lat' dir='ltr'>cum</span> <span class='ocrx_word' id='word_1_160' title='bbox 2381 407 2601 452; x_wconf 74' lang='lat' dir='ltr'>irueuectu</span> 
     </span>
     <span class='ocr_line' id='line_1_23' title="bbox 1360 469 2601 536; baseline 0.01 -25"><span class='ocrx_word' id='word_1_161' title='bbox 1360 469 1503 513; x_wconf 87' lang='lat' dir='ltr'>datur.</span> <span class='ocrx_word' id='word_1_162' title='bbox 1529 469 1614 514; x_wconf 91' lang='lat' dir='ltr'>Sed</span> <span class='ocrx_word' id='word_1_163' title='bbox 1635 477 1739 515; x_wconf 87' lang='lat' dir='ltr'>tune</span> <span class='ocrx_word' id='word_1_164' title='bbox 1762 472 1987 518; x_wconf 71' lang='lat' dir='ltr'><strong>fructuose</strong></span> <span class='ocrx_word' id='word_1_165' title='bbox 1999 473 2240 529; x_wconf 72' lang='lat' dir='ltr'>confertur,</span> <span class='ocrx_word' id='word_1_166' title='bbox 2264 488 2362 521; x_wconf 83' lang='lat' dir='ltr'>eum</span> <span class='ocrx_word' id='word_1_167' title='bbox 2378 491 2474 521; x_wconf 87' lang='lat' dir='ltr'>eam</span> <span class='ocrx_word' id='word_1_168' title='bbox 2491 491 2601 536; x_wconf 79' lang='lat' dir='ltr'>prae-</span> 
     </span>
     <span class='ocr_line' id='line_1_24' title="bbox 1361 541 2520 590; baseline 0.009 -6"><span class='ocrx_word' id='word_1_169' title='bbox 1361 541 1518 585; x_wconf 89' lang='lat' dir='ltr'>cedens</span> <span class='ocrx_word' id='word_1_170' title='bbox 1539 543 1746 587; x_wconf 75' lang='lat' dir='ltr'><strong>sanctitas</strong></span> <span class='ocrx_word' id='word_1_171' title='bbox 1763 553 1969 590; x_wconf 87' lang='lat' dir='ltr'>meretur.</span> <span class='ocrx_word' id='word_1_172' title='bbox 2518 558 2520 560; x_wconf 79' lang='grc'>’</span> 
     </span>
    </p>

    <p class='ocr_par' dir='ltr' id='par_1_8' title="bbox 1360 612 2606 1254">
     <span class='ocr_line' id='line_1_25' title="bbox 1368 612 2602 682; baseline 0.012 -27"><span class='ocrx_word' id='word_1_173' title='bbox 1368 623 1374 651; x_wconf 88' lang='grc'>·.</span> <span class='ocrx_word' id='word_1_174' title='bbox 1417 612 1486 658; x_wconf 81' lang='lat' dir='ltr'>Vl.</span> <span class='ocrx_word' id='word_1_175' title='bbox 1514 614 1632 658; x_wconf 74' lang='lat' dir='ltr'>vidit</span> <span class='ocrx_word' id='word_1_176' title='bbox 1660 617 1775 660; x_wconf 87' lang='lat' dir='ltr'>enim</span> <span class='ocrx_word' id='word_1_177' title='bbox 1818 618 2050 674; x_wconf 82' lang='lat' dir='ltr'>quamdam</span> <span class='ocrx_word' id='word_1_178' title='bbox 2095 620 2256 664; x_wconf 81' lang='lat' dir='ltr'>scalam</span> <span class='ocrx_word' id='word_1_179' title='bbox 2299 619 2434 668; x_wconf 76' lang='lat' dir='ltr'>Jacob</span> <span class='ocrx_word' id='word_1_180' title='bbox 2475 623 2602 682; x_wconf 81' lang='lat' dir='ltr'>(Gen.</span> 
     </span>
     <span class='ocr_line' id='line_1_26' title="bbox 1360 686 2605 748; baseline 0.01 -19"><span class='ocrx_word' id='word_1_181' title='bbox 1360 698 1513 740; x_wconf 72' lang='lat' dir='ltr'>nrm,</span> <span class='ocrx_word' id='word_1_182' title='bbox 1539 686 1607 745; x_wconf 76' lang='lat' dir='ltr'>lt)</span> <span class='ocrx_word' id='word_1_183' title='bbox 1629 703 1639 731; x_wconf 72' lang='grc' dir='ltr'>ε</span> <span class='ocrx_word' id='word_1_184' title='bbox 1664 688 1741 732; x_wconf 86' lang='lat' dir='ltr'>sed</span> <span class='ocrx_word' id='word_1_185' title='bbox 1781 690 1920 745; x_wconf 82' lang='lat' dir='ltr'>prius,</span> <span class='ocrx_word' id='word_1_186' title='bbox 1947 696 1995 734; x_wconf 88' lang='lat' dir='ltr'>ut</span> <span class='ocrx_word' id='word_1_187' title='bbox 2018 692 2177 748; x_wconf 78' lang='lat' dir='ltr'>legitis,</span> <span class='ocrx_word' id='word_1_188' title='bbox 2203 693 2386 738; x_wconf 74' lang='lat' dir='ltr'>deteri-a</span> <span class='ocrx_word' id='word_1_189' title='bbox 2429 709 2507 740; x_wconf 81' lang='lat' dir='ltr'>sua</span> <span class='ocrx_word' id='word_1_190' title='bbox 2529 709 2605 741; x_wconf 84' lang='lat' dir='ltr'>ex-</span> 
     </span>
     <span class='ocr_line' id='line_1_27' title="bbox 1361 759 2600 821; baseline 0.008 -19"><span class='ocrx_word' id='word_1_191' title='bbox 1361 759 1462 804; x_wconf 87' lang='lat' dir='ltr'>ivit:</span> <span class='ocrx_word' id='word_1_192' title='bbox 1487 765 1586 816; x_wconf 83' lang='lat' dir='ltr'>post</span> <span class='ocrx_word' id='word_1_193' title='bbox 1604 761 1708 806; x_wconf 87' lang='lat' dir='ltr'>solis</span> <span class='ocrx_word' id='word_1_194' title='bbox 1731 774 1933 806; x_wconf 79' lang='lat' dir='ltr'>occasum</span> <span class='ocrx_word' id='word_1_195' title='bbox 1950 764 2004 807; x_wconf 84' lang='lat' dir='ltr'>ad</span> <span class='ocrx_word' id='word_1_196' title='bbox 2026 765 2255 821; x_wconf 81' lang='lat' dir='ltr'><strong>quemdam</strong></span> <span class='ocrx_word' id='word_1_197' title='bbox 2294 766 2435 811; x_wconf 86' lang='lat' dir='ltr'>locum</span> <span class='ocrx_word' id='word_1_198' title='bbox 2466 771 2600 820; x_wconf 70' lang='lat' dir='ltr'>venit,</span> 
     </span>
     <span class='ocr_line' id='line_1_28' title="bbox 1361 830 2605 895; baseline 0.007 -22"><span class='ocrx_word' id='word_1_199' title='bbox 1361 830 1415 874; x_wconf 85' lang='lat' dir='ltr'>de</span> <span class='ocrx_word' id='word_1_200' title='bbox 1435 830 1680 886; x_wconf 84' lang='lat' dir='ltr'>jacentibus</span> <span class='ocrx_word' id='word_1_201' title='bbox 1702 832 1920 888; x_wconf 77' lang='lat' dir='ltr'>lapidibus</span> <span class='ocrx_word' id='word_1_202' title='bbox 1962 846 2094 877; x_wconf 83' lang='lat' dir='ltr'>unum</span> <span class='ocrx_word' id='word_1_203' title='bbox 2126 836 2242 882; x_wconf 87' lang='lat' dir='ltr'>tulit.</span> <span class='ocrx_word' id='word_1_204' title='bbox 2278 836 2408 893; x_wconf 83' lang='lat' dir='ltr'>capiti</span> <span class='ocrx_word' id='word_1_205' title='bbox 2448 851 2605 895; x_wconf 81' lang='lat' dir='ltr'>suppo-</span> 
     </span>
     <span class='ocr_line' id='line_1_29' title="bbox 1362 905 2604 959; baseline 0.007 -13"><span class='ocrx_word' id='word_1_206' title='bbox 1362 905 1464 955; x_wconf 86' lang='lat' dir='ltr'>suit,</span> <span class='ocrx_word' id='word_1_207' title='bbox 1486 905 1579 948; x_wconf 88' lang='lat' dir='ltr'>etin</span> <span class='ocrx_word' id='word_1_208' title='bbox 1601 905 1862 959; x_wconf 86' lang='lat' dir='ltr'>eodemloco</span> <span class='ocrx_word' id='word_1_209' title='bbox 1882 905 2160 952; x_wconf 71' lang='lat' dir='ltr'>obdormivit.</span> <span class='ocrx_word' id='word_1_210' title='bbox 2194 908 2332 952; x_wconf 87' lang='lat' dir='ltr'>Simili</span> <span class='ocrx_word' id='word_1_211' title='bbox 2351 911 2477 954; x_wconf 87' lang='lat' dir='ltr'>modo</span> <span class='ocrx_word' id='word_1_212' title='bbox 2500 918 2541 955; x_wconf 88' lang='lat' dir='ltr'>et</span> <span class='ocrx_word' id='word_1_213' title='bbox 2558 918 2604 957; x_wconf 88' lang='lat' dir='ltr'>tu</span> 
     </span>
     <span class='ocr_line' id='line_1_30' title="bbox 1360 977 2606 1038; baseline 0.007 -18"><span class='ocrx_word' id='word_1_214' title='bbox 1360 977 1430 1020; x_wconf 84' lang='lat' dir='ltr'>exi</span> <span class='ocrx_word' id='word_1_215' title='bbox 1452 977 1505 1021; x_wconf 90' lang='lat' dir='ltr'>de</span> <span class='ocrx_word' id='word_1_216' title='bbox 1527 983 1642 1021; x_wconf 88' lang='lat' dir='ltr'>terra</span> <span class='ocrx_word' id='word_1_217' title='bbox 1660 980 1812 1031; x_wconf 87' lang='lat' dir='ltr'>tua,in</span> <span class='ocrx_word' id='word_1_218' title='bbox 1851 992 1936 1035; x_wconf 89' lang='lat' dir='ltr'>qua</span> <span class='ocrx_word' id='word_1_219' title='bbox 1960 981 2078 1024; x_wconf 84' lang='lat' dir='ltr'>vitiis</span> <span class='ocrx_word' id='word_1_220' title='bbox 2110 987 2153 1024; x_wconf 89' lang='lat' dir='ltr'>et</span> <span class='ocrx_word' id='word_1_221' title='bbox 2183 984 2371 1038; x_wconf 84' lang='lat' dir='ltr'>peccatis</span> <span class='ocrx_word' id='word_1_222' title='bbox 2415 987 2606 1031; x_wconf 85' lang='lat' dir='ltr'>nutritus</span> 
     </span>
     <span class='ocr_line' id='line_1_31' title="bbox 1361 1049 2606 1108; baseline 0.006 -16"><span class='ocrx_word' id='word_1_223' title='bbox 1361 1061 1409 1092; x_wconf 87' lang='lat' dir='ltr'>es</span> <span class='ocrx_word' id='word_1_224' title='bbox 1435 1063 1444 1092; x_wconf 90' lang='lat'>:</span> <span class='ocrx_word' id='word_1_225' title='bbox 1471 1049 1650 1093; x_wconf 81' lang='lat' dir='ltr'>cadente</span> <span class='ocrx_word' id='word_1_226' title='bbox 1667 1050 1837 1094; x_wconf 73' lang='lat' dir='ltr'>fervore</span> <span class='ocrx_word' id='word_1_227' title='bbox 1876 1052 2141 1103; x_wconf 73' lang='lat' dir='ltr'>tentationis,</span> <span class='ocrx_word' id='word_1_228' title='bbox 2167 1065 2253 1108; x_wconf 89' lang='lat' dir='ltr'>quo</span> <span class='ocrx_word' id='word_1_229' title='bbox 2296 1055 2505 1107; x_wconf 89' lang='lat' dir='ltr'>urebaris,</span> <span class='ocrx_word' id='word_1_230' title='bbox 2542 1056 2606 1099; x_wconf 88' lang='lat' dir='ltr'>lo-</span> 
     </span>
     <span class='ocr_line' id='line_1_32' title="bbox 1362 1122 2606 1180; baseline 0.006 -16"><span class='ocrx_word' id='word_1_231' title='bbox 1362 1133 1460 1164; x_wconf 88' lang='lat' dir='ltr'>cum</span> <span class='ocrx_word' id='word_1_232' title='bbox 1486 1122 1555 1164; x_wconf 87' lang='lat' dir='ltr'>adi</span> <span class='ocrx_word' id='word_1_233' title='bbox 1577 1129 1739 1167; x_wconf 85' lang='lat' dir='ltr'>sanctae</span> <span class='ocrx_word' id='word_1_234' title='bbox 1762 1123 2110 1167; x_wconf 82' lang='lat' dir='ltr'>conversationis</span> <span class='ocrx_word' id='word_1_235' title='bbox 2152 1124 2206 1168; x_wconf 83' lang='lat' dir='ltr'>de</span> <span class='ocrx_word' id='word_1_236' title='bbox 2249 1128 2412 1171; x_wconf 79' lang='lat' dir='ltr'>sanetis</span> <span class='ocrx_word' id='word_1_237' title='bbox 2442 1128 2606 1180; x_wconf 84' lang='lat' dir='ltr'>multis,</span> 
     </span>
     <span class='ocr_line' id='line_1_33' title="bbox 1362 1195 2604 1254; baseline 0.004 -16"><span class='ocrx_word' id='word_1_238' title='bbox 1362 1207 1471 1251; x_wconf 87' lang='lat' dir='ltr'>quos</span> <span class='ocrx_word' id='word_1_239' title='bbox 1494 1195 1531 1238; x_wconf 86' lang='lat' dir='ltr'>si</span> <span class='ocrx_word' id='word_1_240' title='bbox 1550 1195 1800 1241; x_wconf 78' lang='lat' dir='ltr'>dinumeras</span> <span class='ocrx_word' id='word_1_241' title='bbox 1816 1208 1947 1252; x_wconf 83' lang='lat' dir='ltr'>super</span> <span class='ocrx_word' id='word_1_242' title='bbox 1971 1207 2145 1241; x_wconf 79' lang='lat' dir='ltr'>arenam</span> <span class='ocrx_word' id='word_1_243' title='bbox 2170 1198 2571 1254; x_wconf 80' lang='lat' dir='ltr'>multiplicabuntur</span> <span class='ocrx_word' id='word_1_244' title='bbox 2592 1217 2604 1244; x_wconf 86' lang='grc'>·,</span> 
     </span>
    </p>
   </div>
   <div class='ocr_carea' id='block_1_8' title="bbox 26 1257 2606 1329">
    <p class='ocr_par' dir='ltr' id='par_1_9' title="bbox 26 1257 2606 1329">
     <span class='ocr_line' id='line_1_34' title="bbox 26 1257 2606 1329; baseline 0.001 -15"><span class='ocrx_word' id='word_1_245' title='bbox 26 1280 135 1316; x_wconf 54' lang='lat' dir='ltr'>mssa</span> <span class='ocrx_word' id='word_1_246' title='bbox 187 1274 371 1324; x_wconf 85' lang='lat' dir='ltr'>oportet.</span> <span class='ocrx_word' id='word_1_247' title='bbox 418 1266 564 1324; x_wconf 82' lang='lat' dir='ltr'><strong>Neque</strong></span> <span class='ocrx_word' id='word_1_248' title='bbox 601 1268 717 1311; x_wconf 85' lang='lat' dir='ltr'>enim</span> <span class='ocrx_word' id='word_1_249' title='bbox 756 1267 824 1311; x_wconf 77' lang='lat' dir='ltr'>vel</span> <span class='ocrx_word' id='word_1_250' title='bbox 854 1268 944 1310; x_wconf 84' lang='lat' dir='ltr'>haec</span> <span class='ocrx_word' id='word_1_251' title='bbox 979 1267 1104 1319; x_wconf 78' lang='lat' dir='ltr'>visio,</span> <span class='ocrx_word' id='word_1_252' title='bbox 1138 1267 1224 1313; x_wconf 87' lang='lat' dir='ltr'>nisi</span> <span class='ocrx_word' id='word_1_253' title='bbox 1254 1280 1278 1311; x_wconf 87' lang='lat' dir='ltr'>a</span> <span class='ocrx_word' id='word_1_254' title='bbox 1303 1257 1337 1300; x_wconf 82' lang='grc' dir='ltr'><strong><em>Β</em></strong></span> <span class='ocrx_word' id='word_1_255' title='bbox 1359 1268 1556 1312; x_wconf 85' lang='lat' dir='ltr'>unumde</span> <span class='ocrx_word' id='word_1_256' title='bbox 1578 1269 1741 1324; x_wconf 84' lang='lat' dir='ltr'>multis,</span> <span class='ocrx_word' id='word_1_257' title='bbox 1757 1268 1963 1313; x_wconf 85' lang='lat' dir='ltr'>Sanctum</span> <span class='ocrx_word' id='word_1_258' title='bbox 1980 1268 2180 1313; x_wconf 86' lang='lat' dir='ltr'>videlicet</span> <span class='ocrx_word' id='word_1_259' title='bbox 2199 1274 2606 1329; x_wconf 76' lang='lat' dir='ltr'>sanctorun1‚eiige,</span> 
     </span>
    </p>
   </div>
   <div class='ocr_carea' id='block_1_9' title="bbox 7 1330 1287 3364">
    <p class='ocr_par' dir='ltr' id='par_1_10' title="bbox 7 1330 1287 3146">
     <span class='ocr_line' id='line_1_35' title="bbox 41 1330 1279 1396; baseline -0.002 -10"><span class='ocrx_word' id='word_1_260' title='bbox 41 1330 209 1386; x_wconf 67' lang='lat' dir='ltr'>mundis</span> <span class='ocrx_word' id='word_1_261' title='bbox 229 1339 435 1384; x_wconf 78' lang='lat' dir='ltr'>cordibus</span> <span class='ocrx_word' id='word_1_262' title='bbox 477 1339 739 1396; x_wconf 80' lang='lat' dir='ltr'>apprehendi</span> <span class='ocrx_word' id='word_1_263' title='bbox 781 1343 938 1394; x_wconf 85' lang='lat' dir='ltr'>potest.</span> <span class='ocrx_word' id='word_1_264' title='bbox 963 1338 1063 1383; x_wconf 81' lang='lat' dir='ltr'>Haec</span> <span class='ocrx_word' id='word_1_265' title='bbox 1095 1347 1163 1384; x_wconf 86' lang='lat' dir='ltr'>est</span> <span class='ocrx_word' id='word_1_266' title='bbox 1184 1353 1279 1395; x_wconf 65' lang='lat' dir='ltr'>quae</span> 
     </span>
     <span class='ocr_line' id='line_1_36' title="bbox 40 1411 1280 1470; baseline -0.001 -14"><span class='ocrx_word' id='word_1_267' title='bbox 40 1416 116 1470; x_wconf 71' lang='grc' dir='ltr'>μὲ·</span> <span class='ocrx_word' id='word_1_268' title='bbox 134 1411 342 1468; x_wconf 77' lang='lat' dir='ltr'>imagines</span> <span class='ocrx_word' id='word_1_269' title='bbox 363 1412 455 1456; x_wconf 77' lang='lat' dir='ltr'>sive</span> <span class='ocrx_word' id='word_1_270' title='bbox 474 1413 632 1456; x_wconf 87' lang='lat' dir='ltr'>mentis</span> <span class='ocrx_word' id='word_1_271' title='bbox 647 1412 737 1455; x_wconf 79' lang='lat' dir='ltr'>sive</span> <span class='ocrx_word' id='word_1_272' title='bbox 752 1411 944 1466; x_wconf 86' lang='lat' dir='ltr'>corporis</span> <span class='ocrx_word' id='word_1_273' title='bbox 961 1418 1159 1457; x_wconf 89' lang='lat' dir='ltr'>ostensas</span> <span class='ocrx_word' id='word_1_274' title='bbox 1177 1425 1280 1456; x_wconf 83' lang='lat' dir='ltr'>ocu-</span> 
     </span>
     <span class='ocr_line' id='line_1_37' title="bbox 40 1481 1280 1541; baseline -0.003 -9"><span class='ocrx_word' id='word_1_275' title='bbox 40 1485 108 1536; x_wconf 70' lang='lat' dir='ltr'>liz,</span> <span class='ocrx_word' id='word_1_276' title='bbox 124 1489 197 1528; x_wconf 76' lang='lat' dir='ltr'>aut</span> <span class='ocrx_word' id='word_1_277' title='bbox 210 1484 338 1529; x_wconf 88' lang='lat' dir='ltr'>etiam</span> <span class='ocrx_word' id='word_1_278' title='bbox 364 1496 440 1540; x_wconf 90' lang='lat' dir='ltr'>per</span> <span class='ocrx_word' id='word_1_279' title='bbox 462 1484 711 1527; x_wconf 88' lang='lat' dir='ltr'>unctionem</span> <span class='ocrx_word' id='word_1_280' title='bbox 729 1483 771 1540; x_wconf 80' lang='lat'>(1</span> <span class='ocrx_word' id='word_1_281' title='bbox 781 1481 1066 1541; x_wconf 75' lang='lat' dir='ltr'>Joan.n,27),</span> <span class='ocrx_word' id='word_1_282' title='bbox 1081 1498 1178 1540; x_wconf 79' lang='lat' dir='ltr'>quac</span> <span class='ocrx_word' id='word_1_283' title='bbox 1198 1485 1280 1528; x_wconf 89' lang='lat' dir='ltr'>do-</span> 
     </span>
     <span class='ocr_line' id='line_1_38' title="bbox 41 1556 1281 1613; baseline -0.003 -8"><span class='ocrx_word' id='word_1_284' title='bbox 41 1559 179 1605; x_wconf 57' lang='lat' dir='ltr'>odde</span> <span class='ocrx_word' id='word_1_285' title='bbox 212 1558 440 1610; x_wconf 87' lang='lat' dir='ltr'>omnibus;</span> <span class='ocrx_word' id='word_1_286' title='bbox 477 1557 588 1601; x_wconf 80' lang='lat' dir='ltr'>fideli</span> <span class='ocrx_word' id='word_1_287' title='bbox 620 1556 774 1600; x_wconf 81' lang='lat' dir='ltr'>animae</span> <span class='ocrx_word' id='word_1_288' title='bbox 805 1557 1043 1609; x_wconf 75' lang='lat' dir='ltr'>confertur,</span> <span class='ocrx_word' id='word_1_289' title='bbox 1083 1569 1169 1613; x_wconf 86' lang='lat' dir='ltr'>qua</span> <span class='ocrx_word' id='word_1_290' title='bbox 1213 1559 1281 1601; x_wconf 72' lang='lat' dir='ltr'>rel</span> 
     </span>
     <span class='ocr_line' id='line_1_39' title="bbox 40 1631 1281 1691; baseline -0.002 -16"><span class='ocrx_word' id='word_1_291' title='bbox 40 1632 188 1691; x_wconf 64' lang='lat' dir='ltr'>raptim</span> <span class='ocrx_word' id='word_1_292' title='bbox 203 1643 279 1688; x_wconf 83' lang='lat' dir='ltr'>per</span> <span class='ocrx_word' id='word_1_293' title='bbox 297 1631 562 1675; x_wconf 88' lang='lat' dir='ltr'>intellectum</span> <span class='ocrx_word' id='word_1_294' title='bbox 588 1631 655 1674; x_wconf 82' lang='lat' dir='ltr'>vel</span> <span class='ocrx_word' id='word_1_295' title='bbox 679 1631 913 1675; x_wconf 77' lang='lat' dir='ltr'>securitate</span> <span class='ocrx_word' id='word_1_296' title='bbox 927 1637 1046 1674; x_wconf 87' lang='lat' dir='ltr'>certa</span> <span class='ocrx_word' id='word_1_297' title='bbox 1067 1643 1144 1687; x_wconf 89' lang='lat' dir='ltr'>per</span> <span class='ocrx_word' id='word_1_298' title='bbox 1157 1631 1281 1674; x_wconf 83' lang='lat' dir='ltr'>iidem</span> 
     </span>
     <span class='ocr_line' id='line_1_40' title="bbox 41 1701 1284 1760; baseline -0.002 -10"><span class='ocrx_word' id='word_1_299' title='bbox 41 1701 166 1750; x_wconf 60' lang='lat' dir='ltr'>videt.</span> <span class='ocrx_word' id='word_1_300' title='bbox 181 1704 317 1755; x_wconf 80' lang='lat' dir='ltr'>Beati,</span> <span class='ocrx_word' id='word_1_301' title='bbox 336 1704 495 1759; x_wconf 82' lang='lat' dir='ltr'>inquit,</span> <span class='ocrx_word' id='word_1_302' title='bbox 530 1704 642 1746; x_wconf 80' lang='lat' dir='ltr'>oculi</span> <span class='ocrx_word' id='word_1_303' title='bbox 657 1704 730 1759; x_wconf 79' lang='lat' dir='ltr'>qui</span> <span class='ocrx_word' id='word_1_304' title='bbox 746 1703 880 1747; x_wconf 77' lang='lat' dir='ltr'>rident</span> <span class='ocrx_word' id='word_1_305' title='bbox 904 1703 1014 1760; x_wconf 77' lang='lat' dir='ltr'>qnod</span> <span class='ocrx_word' id='word_1_306' title='bbox 1027 1718 1098 1747; x_wconf 78' lang='lat' dir='ltr'>vos</span> <span class='ocrx_word' id='word_1_307' title='bbox 1137 1703 1284 1747; x_wconf 65' lang='lat' dir='ltr'>videtis</span> 
     </span>
     <span class='ocr_line' id='line_1_41' title="bbox 41 1772 1284 1835; baseline 0 -16"><span class='ocrx_word' id='word_1_308' title='bbox 41 1772 157 1835; x_wconf 62' lang='lat' dir='ltr'>(bue.</span> <span class='ocrx_word' id='word_1_309' title='bbox 180 1788 223 1830; x_wconf 81' lang='lat' dir='ltr'>x,</span> <span class='ocrx_word' id='word_1_310' title='bbox 239 1775 329 1833; x_wconf 75' lang='lat'>25).</span> <span class='ocrx_word' id='word_1_311' title='bbox 357 1774 430 1818; x_wconf 87' lang='lat' dir='ltr'>Sic</span> <span class='ocrx_word' id='word_1_312' title='bbox 465 1775 740 1818; x_wconf 86' lang='lat' dir='ltr'>enimoculis</span> <span class='ocrx_word' id='word_1_313' title='bbox 757 1774 904 1818; x_wconf 86' lang='lat' dir='ltr'>carnis</span> <span class='ocrx_word' id='word_1_314' title='bbox 927 1775 1146 1819; x_wconf 86' lang='lat' dir='ltr'>bominem</span> <span class='ocrx_word' id='word_1_315' title='bbox 1165 1775 1284 1819; x_wconf 56' lang='lat' dir='ltr'>vide*</span> 
     </span>
     <span class='ocr_line' id='line_1_42' title="bbox 38 1848 1283 1908; baseline -0.005 -11"><span class='ocrx_word' id='word_1_316' title='bbox 38 1848 156 1901; x_wconf 57' lang='lat'>⁸²¹2,</span> <span class='ocrx_word' id='word_1_317' title='bbox 173 1848 283 1894; x_wconf 83' lang='lat' dir='ltr'>utin</span> <span class='ocrx_word' id='word_1_318' title='bbox 299 1849 468 1900; x_wconf 86' lang='lat' dir='ltr'>eodem,</span> <span class='ocrx_word' id='word_1_319' title='bbox 494 1849 634 1892; x_wconf 86' lang='lat' dir='ltr'>oculis</span> <span class='ocrx_word' id='word_1_320' title='bbox 670 1848 785 1908; x_wconf 64' lang='lat' dir='ltr'>fidei,</span> <span class='ocrx_word' id='word_1_321' title='bbox 810 1848 962 1899; x_wconf 80' lang='lat' dir='ltr'>Deum,</span> <span class='ocrx_word' id='word_1_322' title='bbox 985 1861 1082 1903; x_wconf 81' lang='lat' dir='ltr'>quae</span> <span class='ocrx_word' id='word_1_323' title='bbox 1111 1861 1191 1905; x_wconf 90' lang='lat' dir='ltr'>per</span> <span class='ocrx_word' id='word_1_324' title='bbox 1212 1848 1283 1891; x_wconf 85' lang='lat' dir='ltr'>di-</span> 
     </span>
     <span class='ocr_line' id='line_1_43' title="bbox 39 1920 1285 1977; baseline -0.002 -10"><span class='ocrx_word' id='word_1_325' title='bbox 39 1920 259 1967; x_wconf 67' lang='lat' dir='ltr'>toutonem</span> <span class='ocrx_word' id='word_1_326' title='bbox 278 1929 499 1977; x_wconf 80' lang='lat' dir='ltr'>operatur,</span> <span class='ocrx_word' id='word_1_327' title='bbox 531 1934 618 1964; x_wconf 86' lang='lat' dir='ltr'>non</span> <span class='ocrx_word' id='word_1_328' title='bbox 658 1924 923 1966; x_wconf 77' lang='lat' dir='ltr'>omitterent.</span> <span class='ocrx_word' id='word_1_329' title='bbox 953 1920 1038 1965; x_wconf 86' lang='lat' dir='ltr'>Sed</span> <span class='ocrx_word' id='word_1_330' title='bbox 1060 1921 1285 1964; x_wconf 85' lang='lat' dir='ltr'>damnabi-</span> 
     </span>
     <span class='ocr_line' id='line_1_44' title="bbox 41 1992 1284 2051; baseline -0.002 -10"><span class='ocrx_word' id='word_1_331' title='bbox 41 1992 183 2041; x_wconf 57' lang='lat' dir='ltr'>&amp;eos</span> <span class='ocrx_word' id='word_1_332' title='bbox 200 1995 468 2051; x_wconf 75' lang='lat' dir='ltr'>deprimebat</span> <span class='ocrx_word' id='word_1_333' title='bbox 490 1994 664 2039; x_wconf 67' lang='lat' dir='ltr'>caecitas</span> <span class='ocrx_word' id='word_1_334' title='bbox 691 1993 823 2039; x_wconf 86' lang='lat' dir='ltr'>etiam</span> <span class='ocrx_word' id='word_1_335' title='bbox 864 1995 1014 2039; x_wconf 80' lang='lat' dir='ltr'>oeulos</span> <span class='ocrx_word' id='word_1_336' title='bbox 1058 1994 1284 2044; x_wconf 83' lang='lat' dir='ltr'>babentes.</span> 
     </span>
     <span class='ocr_line' id='line_1_45' title="bbox 48 2063 1287 2124; baseline -0.001 -14"><span class='ocrx_word' id='word_1_337' title='bbox 48 2066 122 2124; x_wconf 58' lang='grc' dir='ltr'>φὶ</span> <span class='ocrx_word' id='word_1_338' title='bbox 164 2079 240 2123; x_wconf 82' lang='lat' dir='ltr'>per</span> <span class='ocrx_word' id='word_1_339' title='bbox 281 2066 394 2109; x_wconf 85' lang='lat' dir='ltr'>diem</span> <span class='ocrx_word' id='word_1_340' title='bbox 447 2066 720 2111; x_wconf 83' lang='lat' dir='ltr'>incurrentes</span> <span class='ocrx_word' id='word_1_341' title='bbox 755 2063 972 2119; x_wconf 77' lang='lat' dir='ltr'>tenebras,</span> <span class='ocrx_word' id='word_1_342' title='bbox 1015 2073 1059 2110; x_wconf 87' lang='lat' dir='ltr'>et</span> <span class='ocrx_word' id='word_1_343' title='bbox 1079 2067 1206 2123; x_wconf 85' lang='lat' dir='ltr'>quasi</span> <span class='ocrx_word' id='word_1_344' title='bbox 1241 2069 1287 2109; x_wconf 85' lang='lat' dir='ltr'>in</span> 
     </span>
     <span class='ocr_line' id='line_1_46' title="bbox 40 2135 1286 2196; baseline -0.003 -11"><span class='ocrx_word' id='word_1_345' title='bbox 40 2135 162 2185; x_wconf 64' lang='lat' dir='ltr'>nocte</span> <span class='ocrx_word' id='word_1_346' title='bbox 182 2139 245 2183; x_wconf 86' lang='lat' dir='ltr'>sic</span> <span class='ocrx_word' id='word_1_347' title='bbox 275 2140 503 2195; x_wconf 79' lang='lat' dir='ltr'>palpantes</span> <span class='ocrx_word' id='word_1_348' title='bbox 519 2140 560 2182; x_wconf 88' lang='lat' dir='ltr'>in</span> <span class='ocrx_word' id='word_1_349' title='bbox 594 2139 789 2190; x_wconf 85' lang='lat' dir='ltr'>meridie,</span> <span class='ocrx_word' id='word_1_350' title='bbox 816 2140 859 2182; x_wconf 86' lang='lat' dir='ltr'>in</span> <span class='ocrx_word' id='word_1_351' title='bbox 878 2141 1015 2196; x_wconf 85' lang='lat' dir='ltr'>ipsam</span> <span class='ocrx_word' id='word_1_352' title='bbox 1039 2140 1177 2182; x_wconf 85' lang='lat' dir='ltr'>lucem</span> <span class='ocrx_word' id='word_1_353' title='bbox 1203 2139 1286 2182; x_wconf 88' lang='lat' dir='ltr'>im·-</span> 
     </span>
     <span class='ocr_line' id='line_1_47' title="bbox 34 2211 1280 2271; baseline -0.003 -13"><span class='ocrx_word' id='word_1_354' title='bbox 34 2215 260 2271; x_wconf 63' lang='lat' dir='ltr'>jesserunt.</span> <span class='ocrx_word' id='word_1_355' title='bbox 281 2211 340 2256; x_wconf 89' lang='lat' dir='ltr'>De</span> <span class='ocrx_word' id='word_1_356' title='bbox 358 2213 515 2267; x_wconf 85' lang='lat' dir='ltr'>quibus</span> <span class='ocrx_word' id='word_1_357' title='bbox 536 2212 697 2256; x_wconf 88' lang='lat' dir='ltr'>dicitur</span> <span class='ocrx_word' id='word_1_358' title='bbox 722 2228 731 2255; x_wconf 89' lang='lat'>:</span> <span class='ocrx_word' id='word_1_359' title='bbox 762 2211 885 2255; x_wconf 76' lang='lat' dir='ltr'>Nunc</span> <span class='ocrx_word' id='word_1_360' title='bbox 909 2219 1049 2255; x_wconf 81' lang='lat' dir='ltr'>autem</span> <span class='ocrx_word' id='word_1_361' title='bbox 1072 2212 1280 2262; x_wconf 79' lang='lat' dir='ltr'>viderunt,</span> 
     </span>
     <span class='ocr_line' id='line_1_48' title="bbox 39 2284 1284 2343; baseline -0.002 -13"><span class='ocrx_word' id='word_1_362' title='bbox 39 2284 269 2330; x_wconf 55' lang='lat' dir='ltr'>aederunt</span> <span class='ocrx_word' id='word_1_363' title='bbox 312 2284 457 2341; x_wconf 80' lang='lat' dir='ltr'>(Joan.</span> <span class='ocrx_word' id='word_1_364' title='bbox 507 2285 684 2343; x_wconf 52' lang='lat' dir='ltr'>nam).</span> <span class='ocrx_word' id='word_1_365' title='bbox 733 2285 969 2329; x_wconf 79' lang='lat' dir='ltr'>Viderunt</span> <span class='ocrx_word' id='word_1_366' title='bbox 991 2285 1284 2329; x_wconf 84' lang='lat' dir='ltr'>infirmitatem</span> 
     </span>
     <span class='ocr_line' id='line_1_49' title="bbox 41 2358 1279 2416; baseline -0.001 -13"><span class='ocrx_word' id='word_1_367' title='bbox 41 2360 166 2416; x_wconf 62' lang='lat' dir='ltr'>qnam</span> <span class='ocrx_word' id='word_1_368' title='bbox 187 2358 437 2410; x_wconf 87' lang='lat' dir='ltr'>irriderent,</span> <span class='ocrx_word' id='word_1_369' title='bbox 457 2371 542 2402; x_wconf 87' lang='lat' dir='ltr'>non</span> <span class='ocrx_word' id='word_1_370' title='bbox 566 2359 769 2403; x_wconf 79' lang='lat' dir='ltr'>virtutem</span> <span class='ocrx_word' id='word_1_371' title='bbox 798 2370 928 2416; x_wconf 86' lang='lat' dir='ltr'>qnam</span> <span class='ocrx_word' id='word_1_372' title='bbox 973 2359 1242 2402; x_wconf 80' lang='lat' dir='ltr'>honorarent</span> <span class='ocrx_word' id='word_1_373' title='bbox 1268 2373 1279 2402; x_wconf 92' lang='lat'>:</span> 
     </span>
     <span class='ocr_line' id='line_1_50' title="bbox 41 2429 1282 2488; baseline 0 -14"><span class='ocrx_word' id='word_1_374' title='bbox 41 2429 157 2488; x_wconf 65' lang='lat' dir='ltr'>impii</span> <span class='ocrx_word' id='word_1_375' title='bbox 169 2443 352 2487; x_wconf 87' lang='lat' dir='ltr'>namque</span> <span class='ocrx_word' id='word_1_376' title='bbox 369 2438 506 2476; x_wconf 89' lang='lat' dir='ltr'>erant.</span> <span class='ocrx_word' id='word_1_377' title='bbox 523 2432 575 2474; x_wconf 86' lang='lat' dir='ltr'>Et</span> <span class='ocrx_word' id='word_1_378' title='bbox 594 2432 768 2475; x_wconf 77' lang='lat' dir='ltr'>tollatur</span> <span class='ocrx_word' id='word_1_379' title='bbox 785 2433 953 2488; x_wconf 73' lang='lat' dir='ltr'>impius,</span> <span class='ocrx_word' id='word_1_380' title='bbox 969 2434 1027 2474; x_wconf 86' lang='lat' dir='ltr'>ait</span> <span class='ocrx_word' id='word_1_381' title='bbox 1040 2431 1282 2488; x_wconf 84' lang='lat' dir='ltr'>Scriptura,</span> 
     </span>
     <span class='ocr_line' id='line_1_51' title="bbox 41 2503 1283 2563; baseline 0.001 -15"><span class='ocrx_word' id='word_1_382' title='bbox 41 2515 89 2562; x_wconf 69' lang='lat' dir='ltr'>ne</span> <span class='ocrx_word' id='word_1_383' title='bbox 109 2503 243 2548; x_wconf 77' lang='lat' dir='ltr'>videat</span> <span class='ocrx_word' id='word_1_384' title='bbox 268 2505 531 2562; x_wconf 76' lang='lat' dir='ltr'>qloriamDei</span> <span class='ocrx_word' id='word_1_385' title='bbox 554 2505 679 2562; x_wconf 80' lang='lat' dir='ltr'>(lsai.</span> <span class='ocrx_word' id='word_1_386' title='bbox 711 2519 840 2556; x_wconf 76' lang='lat' dir='ltr'>xxxv,</span> <span class='ocrx_word' id='word_1_387' title='bbox 865 2507 927 2563; x_wconf 77' lang='lat'>5).</span> <span class='ocrx_word' id='word_1_388' title='bbox 971 2506 1183 2551; x_wconf 82' lang='lat' dir='ltr'>Viderunt</span> <span class='ocrx_word' id='word_1_389' title='bbox 1203 2518 1283 2549; x_wconf 88' lang='lat' dir='ltr'>na-</span> 
     </span>
     <span class='ocr_line' id='line_1_52' title="bbox 42 2578 1280 2636; baseline 0.003 -16"><span class='ocrx_word' id='word_1_390' title='bbox 42 2581 144 2621; x_wconf 83' lang='lat' dir='ltr'>turae</span> <span class='ocrx_word' id='word_1_391' title='bbox 156 2585 391 2634; x_wconf 83' lang='lat' dir='ltr'>assumptae</span> <span class='ocrx_word' id='word_1_392' title='bbox 403 2578 792 2634; x_wconf 85' lang='lat' dir='ltr'>ignominiam,non</span> <span class='ocrx_word' id='word_1_393' title='bbox 805 2579 986 2636; x_wconf 82' lang='lat' dir='ltr'>gratiam</span> <span class='ocrx_word' id='word_1_394' title='bbox 1001 2579 1280 2630; x_wconf 82' lang='lat' dir='ltr'>assumentis.</span> 
     </span>
     <span class='ocr_line' id='line_1_53' title="bbox 42 2648 1283 2709; baseline 0 -15"><span class='ocrx_word' id='word_1_395' title='bbox 42 2648 229 2707; x_wconf 77' lang='lat' dir='ltr'>Denique</span> <span class='ocrx_word' id='word_1_396' title='bbox 251 2652 453 2695; x_wconf 81' lang='lat' dir='ltr'>viderunt</span> <span class='ocrx_word' id='word_1_397' title='bbox 494 2665 608 2706; x_wconf 89' lang='lat' dir='ltr'>eum,</span> <span class='ocrx_word' id='word_1_398' title='bbox 643 2653 687 2695; x_wconf 90' lang='lat' dir='ltr'>in</span> <span class='ocrx_word' id='word_1_399' title='bbox 711 2665 798 2709; x_wconf 85' lang='lat' dir='ltr'>quo</span> <span class='ocrx_word' id='word_1_400' title='bbox 826 2665 915 2696; x_wconf 88' lang='lat' dir='ltr'>non</span> <span class='ocrx_word' id='word_1_401' title='bbox 942 2659 1035 2696; x_wconf 86' lang='lat' dir='ltr'>erat</span> <span class='ocrx_word' id='word_1_402' title='bbox 1061 2652 1126 2696; x_wconf 90' lang='lat' dir='ltr'>cis</span> <span class='ocrx_word' id='word_1_403' title='bbox 1158 2663 1283 2707; x_wconf 80' lang='lat' dir='ltr'>aspe-</span> 
     </span>
     <span class='ocr_line' id='line_1_54' title="bbox 42 2723 1279 2781; baseline 0.003 -15"><span class='ocrx_word' id='word_1_404' title='bbox 42 2728 155 2775; x_wconf 72' lang='lat' dir='ltr'>ctus3</span> <span class='ocrx_word' id='word_1_405' title='bbox 178 2727 221 2767; x_wconf 84' lang='lat' dir='ltr'>et</span> <span class='ocrx_word' id='word_1_406' title='bbox 241 2724 366 2781; x_wconf 86' lang='lat' dir='ltr'>quasi</span> <span class='ocrx_word' id='word_1_407' title='bbox 388 2723 587 2779; x_wconf 78' lang='lat' dir='ltr'>abjectus</span> <span class='ocrx_word' id='word_1_408' title='bbox 611 2725 761 2769; x_wconf 86' lang='lat' dir='ltr'>vultus</span> <span class='ocrx_word' id='word_1_409' title='bbox 805 2725 920 2779; x_wconf 79' lang='lat' dir='ltr'>ejus,</span> <span class='ocrx_word' id='word_1_410' title='bbox 940 2730 983 2768; x_wconf 83' lang='lat' dir='ltr'>ct</span> <span class='ocrx_word' id='word_1_411' title='bbox 1030 2724 1279 2781; x_wconf 80' lang='lat' dir='ltr'>despectus.</span> 
     </span>
     <span class='ocr_line' id='line_1_55' title="bbox 44 2790 1281 2854; baseline 0.002 -16"><span class='ocrx_word' id='word_1_412' title='bbox 44 2790 161 2838; x_wconf 74' lang='lat' dir='ltr'>Unde</span> <span class='ocrx_word' id='word_1_413' title='bbox 182 2808 262 2839; x_wconf 86' lang='lat' dir='ltr'>nec</span> <span class='ocrx_word' id='word_1_414' title='bbox 298 2802 526 2852; x_wconf 88' lang='lat' dir='ltr'>reputatus</span> <span class='ocrx_word' id='word_1_415' title='bbox 549 2803 617 2842; x_wconf 86' lang='lat' dir='ltr'>est</span> <span class='ocrx_word' id='word_1_416' title='bbox 643 2798 698 2841; x_wconf 89' lang='lat' dir='ltr'>ab</span> <span class='ocrx_word' id='word_1_417' title='bbox 735 2798 817 2842; x_wconf 88' lang='lat' dir='ltr'>eis.</span> <span class='ocrx_word' id='word_1_418' title='bbox 854 2796 949 2840; x_wconf 82' lang='lat' dir='ltr'>Non</span> <span class='ocrx_word' id='word_1_419' title='bbox 992 2804 1135 2854; x_wconf 81' lang='lat' dir='ltr'>autem</span> <span class='ocrx_word' id='word_1_420' title='bbox 1158 2795 1281 2841; x_wconf 65' lang='lat' dir='ltr'>vide-</span> 
     </span>
     <span class='ocr_line' id='line_1_56' title="bbox 7 2868 1280 2926; baseline 0.003 -16"><span class='ocrx_word' id='word_1_421' title='bbox 7 2914 8 2921; x_wconf 17' lang='lat'><em>*</em></span> <span class='ocrx_word' id='word_1_422' title='bbox 43 2870 154 2918; x_wconf 75' lang='lat' dir='ltr'>runt,</span> <span class='ocrx_word' id='word_1_423' title='bbox 174 2868 218 2912; x_wconf 88' lang='lat' dir='ltr'>in</span> <span class='ocrx_word' id='word_1_424' title='bbox 240 2881 327 2926; x_wconf 82' lang='lat' dir='ltr'>quo</span> <span class='ocrx_word' id='word_1_425' title='bbox 345 2871 528 2915; x_wconf 85' lang='lat' dir='ltr'>intuitus</span> <span class='ocrx_word' id='word_1_426' title='bbox 551 2877 618 2914; x_wconf 86' lang='lat' dir='ltr'>est</span> <span class='ocrx_word' id='word_1_427' title='bbox 649 2883 749 2914; x_wconf 90' lang='lat' dir='ltr'>eum</span> <span class='ocrx_word' id='word_1_428' title='bbox 798 2875 977 2915; x_wconf 81' lang='lat' dir='ltr'>sanctus</span> <span class='ocrx_word' id='word_1_429' title='bbox 1001 2869 1152 2920; x_wconf 77' lang='lat' dir='ltr'>David,</span> <span class='ocrx_word' id='word_1_430' title='bbox 1180 2883 1280 2926; x_wconf 85' lang='lat' dir='ltr'>spe-</span> 
     </span>
     <span class='ocr_line' id='line_1_57' title="bbox 44 2938 1281 3001; baseline 0.001 -16"><span class='ocrx_word' id='word_1_431' title='bbox 44 2938 202 2986; x_wconf 70' lang='lat' dir='ltr'>ciosum</span> <span class='ocrx_word' id='word_1_432' title='bbox 255 2943 394 2999; x_wconf 72' lang='lat' dir='ltr'>forma</span> <span class='ocrx_word' id='word_1_433' title='bbox 427 2957 515 3001; x_wconf 62' lang='grc' dir='ltr'>μναῖ</span> <span class='ocrx_word' id='word_1_434' title='bbox 549 2944 654 3000; x_wconf 76' lang='lat' dir='ltr'>filiis</span> <span class='ocrx_word' id='word_1_435' title='bbox 699 2943 1067 2999; x_wconf 63' lang='lat' dir='ltr'>hominumffsal.</span> <span class='ocrx_word' id='word_1_436' title='bbox 1097 2955 1213 2994; x_wconf 56' lang='grc' dir='ltr'>μιν,</span> <span class='ocrx_word' id='word_1_437' title='bbox 1237 2942 1281 2999; x_wconf 79' lang='grc'>5)</span> 
     </span>
     <span class='ocr_line' id='line_1_58' title="bbox 45 3013 1280 3073; baseline 0 -16"><span class='ocrx_word' id='word_1_438' title='bbox 45 3013 176 3058; x_wconf 77' lang='lat' dir='ltr'>multo</span> <span class='ocrx_word' id='word_1_439' title='bbox 193 3015 345 3060; x_wconf 85' lang='lat' dir='ltr'>minus</span> <span class='ocrx_word' id='word_1_440' title='bbox 366 3023 510 3061; x_wconf 85' lang='lat' dir='ltr'>autem</span> <span class='ocrx_word' id='word_1_441' title='bbox 551 3016 596 3060; x_wconf 87' lang='lat' dir='ltr'>in</span> <span class='ocrx_word' id='word_1_442' title='bbox 621 3029 707 3073; x_wconf 87' lang='lat' dir='ltr'>quo</span> <span class='ocrx_word' id='word_1_443' title='bbox 729 3017 978 3060; x_wconf 83' lang='lat' dir='ltr'>desiderant</span> <span class='ocrx_word' id='word_1_444' title='bbox 1001 3027 1098 3059; x_wconf 87' lang='lat' dir='ltr'>eum</span> <span class='ocrx_word' id='word_1_445' title='bbox 1140 3015 1280 3072; x_wconf 78' lang='lat' dir='ltr'>angeli</span> 
     </span>
     <span class='ocr_line' id='line_1_59' title="bbox 44 3087 642 3146; baseline 0.005 -16"><span class='ocrx_word' id='word_1_446' title='bbox 44 3087 287 3143; x_wconf 78' lang='lat' dir='ltr'>prospicere</span> <span class='ocrx_word' id='word_1_447' title='bbox 306 3087 347 3145; x_wconf 86' lang='lat'>(1</span> <span class='ocrx_word' id='word_1_448' title='bbox 370 3088 485 3133; x_wconf 80' lang='lat' dir='ltr'>Petr.</span> <span class='ocrx_word' id='word_1_449' title='bbox 504 3101 535 3141; x_wconf 78' lang='grc' dir='ltr'>ι,</span> <span class='ocrx_word' id='word_1_450' title='bbox 555 3089 642 3146; x_wconf 69' lang='lat'>12).</span> 
     </span>
    </p>

    <p class='ocr_par' dir='ltr' id='par_1_11' title="bbox 43 3150 1283 3364">
     <span class='ocr_line' id='line_1_60' title="bbox 77 3150 1281 3216; baseline 0.002 -14"><span class='ocrx_word' id='word_1_451' title='bbox 77 3150 145 3203; x_wconf 56' lang='grc' dir='ltr'>Ὗ.</span> <span class='ocrx_word' id='word_1_452' title='bbox 157 3157 258 3203; x_wconf 80' lang='lat' dir='ltr'>uaee</span> <span class='ocrx_word' id='word_1_453' title='bbox 274 3165 417 3204; x_wconf 86' lang='lat' dir='ltr'>autem</span> <span class='ocrx_word' id='word_1_454' title='bbox 441 3161 553 3204; x_wconf 82' lang='lat' dir='ltr'>visio</span> <span class='ocrx_word' id='word_1_455' title='bbox 569 3159 770 3216; x_wconf 80' lang='lat' dir='ltr'>fidei,qua</span> <span class='ocrx_word' id='word_1_456' title='bbox 785 3160 899 3204; x_wconf 85' lang='lat' dir='ltr'>Deus</span> <span class='ocrx_word' id='word_1_457' title='bbox 919 3161 1111 3204; x_wconf 86' lang='lat' dir='ltr'>cernitur</span> <span class='ocrx_word' id='word_1_458' title='bbox 1124 3160 1281 3205; x_wconf 80' lang='lat' dir='ltr'>absens</span> 
     </span>
     <span class='ocr_line' id='line_1_61' title="bbox 44 3230 1283 3289; baseline 0.002 -15"><span class='ocrx_word' id='word_1_459' title='bbox 44 3233 85 3279; x_wconf 66' lang='lat' dir='ltr'>et</span> <span class='ocrx_word' id='word_1_460' title='bbox 103 3241 306 3285; x_wconf 65' lang='lat' dir='ltr'>praesens.</span> <span class='ocrx_word' id='word_1_461' title='bbox 331 3230 532 3277; x_wconf 82' lang='lat' dir='ltr'>Praesens</span> <span class='ocrx_word' id='word_1_462' title='bbox 545 3232 721 3289; x_wconf 81' lang='lat' dir='ltr'>quidem</span> <span class='ocrx_word' id='word_1_463' title='bbox 744 3231 825 3289; x_wconf 76' lang='lat' dir='ltr'>vper</span> <span class='ocrx_word' id='word_1_464' title='bbox 851 3232 996 3287; x_wconf 80' lang='lat' dir='ltr'>iidem,</span> <span class='ocrx_word' id='word_1_465' title='bbox 1022 3233 1181 3278; x_wconf 83' lang='lat' dir='ltr'>absens</span> <span class='ocrx_word' id='word_1_466' title='bbox 1204 3246 1283 3276; x_wconf 89' lang='lat' dir='ltr'>au-</span> 
     </span>
     <span class='ocr_line' id='line_1_62' title="bbox 43 3304 1278 3364; baseline 0.002 -19"><span class='ocrx_word' id='word_1_467' title='bbox 43 3304 214 3360; x_wconf 80' lang='lat' dir='ltr'>temper</span> <span class='ocrx_word' id='word_1_468' title='bbox 229 3306 434 3361; x_wconf 86' lang='lat' dir='ltr'>speciem.</span> <span class='ocrx_word' id='word_1_469' title='bbox 458 3305 566 3349; x_wconf 86' lang='lat' dir='ltr'>Cum</span> <span class='ocrx_word' id='word_1_470' title='bbox 594 3305 673 3364; x_wconf 77' lang='lat' dir='ltr'>[al.</span> <span class='ocrx_word' id='word_1_471' title='bbox 698 3317 797 3349; x_wconf 87' lang='lat' dir='ltr'>cum</span> <span class='ocrx_word' id='word_1_472' title='bbox 821 3312 981 3359; x_wconf 88' lang='lat' dir='ltr'>autem,</span> <span class='ocrx_word' id='word_1_473' title='bbox 1006 3307 1072 3350; x_wconf 71' lang='lat' dir='ltr'>vel</span> <span class='ocrx_word' id='word_1_474' title='bbox 1087 3305 1278 3363; x_wconf 77' lang='lat' dir='ltr'>quidem]</span> 
     </span>
    </p>
   </div>
   <div class='ocr_carea' id='block_1_10' title="bbox 1357 1341 2616 3364">
    <p class='ocr_par' dir='ltr' id='par_1_12' title="bbox 1358 1341 2609 1830">
     <span class='ocr_line' id='line_1_63' title="bbox 1359 1341 2607 1398; baseline 0.002 -13"><span class='ocrx_word' id='word_1_475' title='bbox 1359 1355 1438 1397; x_wconf 89' lang='lat' dir='ltr'>per</span> <span class='ocrx_word' id='word_1_476' title='bbox 1453 1341 1737 1387; x_wconf 85' lang='lat' dir='ltr'>imitationem</span> <span class='ocrx_word' id='word_1_477' title='bbox 1759 1343 1893 1386; x_wconf 86' lang='lat' dir='ltr'>menti</span> <span class='ocrx_word' id='word_1_478' title='bbox 1917 1349 2000 1385; x_wconf 82' lang='lat' dir='ltr'>tuae</span> <span class='ocrx_word' id='word_1_479' title='bbox 2044 1355 2255 1398; x_wconf 84' lang='lat' dir='ltr'>suppone,</span> <span class='ocrx_word' id='word_1_480' title='bbox 2281 1349 2322 1387; x_wconf 87' lang='lat' dir='ltr'>ct</span> <span class='ocrx_word' id='word_1_481' title='bbox 2350 1344 2395 1387; x_wconf 90' lang='lat' dir='ltr'>in</span> <span class='ocrx_word' id='word_1_482' title='bbox 2429 1355 2607 1390; x_wconf 77' lang='lat' dir='ltr'>conver-</span> 
     </span>
     <span class='ocr_line' id='line_1_64' title="bbox 1364 1414 2609 1475; baseline 0.002 -17"><span class='ocrx_word' id='word_1_483' title='bbox 1364 1416 1535 1458; x_wconf 84' lang='lat' dir='ltr'>satione</span> <span class='ocrx_word' id='word_1_484' title='bbox 1557 1414 1726 1470; x_wconf 79' lang='lat' dir='ltr'>eadem,</span> <span class='ocrx_word' id='word_1_485' title='bbox 1745 1415 2043 1472; x_wconf 76' lang='lat' dir='ltr'>perseveranti</span> <span class='ocrx_word' id='word_1_486' title='bbox 2087 1416 2245 1471; x_wconf 86' lang='lat' dir='ltr'>quiete,</span> <span class='ocrx_word' id='word_1_487' title='bbox 2269 1422 2313 1460; x_wconf 89' lang='lat' dir='ltr'>et</span> <span class='ocrx_word' id='word_1_488' title='bbox 2333 1417 2478 1473; x_wconf 82' lang='lat' dir='ltr'>quieta</span> <span class='ocrx_word' id='word_1_489' title='bbox 2500 1427 2609 1475; x_wconf 82' lang='lat' dir='ltr'>per-</span> 
     </span>
     <span class='ocr_line' id='line_1_65' title="bbox 1361 1487 2607 1545; baseline 0.002 -14"><span class='ocrx_word' id='word_1_490' title='bbox 1361 1489 1601 1531; x_wconf 82' lang='lat' dir='ltr'>severantia</span> <span class='ocrx_word' id='word_1_491' title='bbox 1624 1488 1761 1545; x_wconf 77' lang='lat' dir='ltr'>plenae</span> <span class='ocrx_word' id='word_1_492' title='bbox 1791 1488 1982 1531; x_wconf 86' lang='lat' dir='ltr'>omnium</span> <span class='ocrx_word' id='word_1_493' title='bbox 2020 1487 2252 1530; x_wconf 78' lang='lat' dir='ltr'>visibilium</span> <span class='ocrx_word' id='word_1_494' title='bbox 2285 1488 2607 1533; x_wconf 74' lang='lat' dir='ltr'>mortificationi</span> 
     </span>
     <span class='ocr_line' id='line_1_66' title="bbox 1362 1559 2575 1616; baseline 0.002 -13"><span class='ocrx_word' id='word_1_495' title='bbox 1362 1559 1610 1604; x_wconf 85' lang='lat' dir='ltr'>intende.Si</span> <span class='ocrx_word' id='word_1_496' title='bbox 1637 1562 1694 1605; x_wconf 88' lang='lat' dir='ltr'>ita</span> <span class='ocrx_word' id='word_1_497' title='bbox 1715 1566 1758 1605; x_wconf 85' lang='lat' dir='ltr'>te</span> <span class='ocrx_word' id='word_1_498' title='bbox 1775 1560 1984 1608; x_wconf 85' lang='lat' dir='ltr'>Dominus</span> <span class='ocrx_word' id='word_1_499' title='bbox 2006 1559 2219 1604; x_wconf 80' lang='lat' dir='ltr'>dimiserit</span> <span class='ocrx_word' id='word_1_500' title='bbox 2237 1561 2423 1616; x_wconf 74' lang='lat' dir='ltr'>pervias</span> <span class='ocrx_word' id='word_1_501' title='bbox 2436 1568 2575 1605; x_wconf 85' lang='lat' dir='ltr'>rectas</span> 
     </span>
     <span class='ocr_line' id='line_1_67' title="bbox 1363 1630 2597 1688; baseline 0.003 -15"><span class='ocrx_word' id='word_1_502' title='bbox 1363 1632 1560 1676; x_wconf 83' lang='lat' dir='ltr'>ostendet</span> <span class='ocrx_word' id='word_1_503' title='bbox 1585 1632 1663 1676; x_wconf 81' lang='lat' dir='ltr'>tibi</span> <span class='ocrx_word' id='word_1_504' title='bbox 1681 1645 1859 1688; x_wconf 77' lang='lat' dir='ltr'>regnum</span> <span class='ocrx_word' id='word_1_505' title='bbox 1881 1630 1972 1681; x_wconf 84' lang='lat' dir='ltr'>Dei,</span> <span class='ocrx_word' id='word_1_506' title='bbox 1997 1632 2107 1674; x_wconf 87' lang='lat' dir='ltr'>dans</span> <span class='ocrx_word' id='word_1_507' title='bbox 2142 1632 2219 1675; x_wconf 83' lang='lat' dir='ltr'>tibi</span> <span class='ocrx_word' id='word_1_508' title='bbox 2241 1633 2462 1676; x_wconf 82' lang='lat' dir='ltr'>scientiam</span> <span class='ocrx_word' id='word_1_509' title='bbox 2505 1646 2597 1677; x_wconf 86' lang='lat' dir='ltr'>san·</span> 
     </span>
     <span class='ocr_line' id='line_1_68' title="bbox 1363 1702 2609 1761; baseline 0.003 -15"><span class='ocrx_word' id='word_1_510' title='bbox 1363 1711 1550 1755; x_wconf 85' lang='lat' dir='ltr'>ctorum,</span> <span class='ocrx_word' id='word_1_511' title='bbox 1574 1710 1621 1747; x_wconf 88' lang='lat' dir='ltr'>ut</span> <span class='ocrx_word' id='word_1_512' title='bbox 1657 1706 1820 1761; x_wconf 86' lang='lat' dir='ltr'>pariter</span> <span class='ocrx_word' id='word_1_513' title='bbox 1841 1712 1883 1748; x_wconf 88' lang='lat' dir='ltr'>et</span> <span class='ocrx_word' id='word_1_514' title='bbox 1924 1702 2127 1748; x_wconf 86' lang='lat' dir='ltr'>sublimia</span> <span class='ocrx_word' id='word_1_515' title='bbox 2153 1704 2302 1750; x_wconf 86' lang='lat' dir='ltr'>videas</span> <span class='ocrx_word' id='word_1_516' title='bbox 2341 1710 2385 1748; x_wconf 82' lang='lat' dir='ltr'>et</span> <span class='ocrx_word' id='word_1_517' title='bbox 2429 1706 2521 1749; x_wconf 77' lang='lat' dir='ltr'>visa</span> <span class='ocrx_word' id='word_1_518' title='bbox 2545 1705 2609 1750; x_wconf 84' lang='lat' dir='ltr'>in·</span> 
     </span>
     <span class='ocr_line' id='line_1_69' title="bbox 1358 1776 1551 1830; baseline 0.005 -13"><span class='ocrx_word' id='word_1_519' title='bbox 1358 1776 1551 1830; x_wconf 75' lang='lat' dir='ltr'>telligas.</span> 
     </span>
    </p>

    <p class='ocr_par' dir='ltr' id='par_1_13' title="bbox 1357 1846 2616 3364">
     <span class='ocr_line' id='line_1_70' title="bbox 1426 1846 2594 1907; baseline 0.001 -17"><span class='ocrx_word' id='word_1_520' title='bbox 1426 1846 1518 1891; x_wconf 83' lang='lat' dir='ltr'>Vll.</span> <span class='ocrx_word' id='word_1_521' title='bbox 1537 1847 1706 1904; x_wconf 70' lang='lat' dir='ltr'>Moyses</span> <span class='ocrx_word' id='word_1_522' title='bbox 1729 1858 1902 1903; x_wconf 80' lang='lat' dir='ltr'>quoqne</span> <span class='ocrx_word' id='word_1_523' title='bbox 1924 1853 1967 1891; x_wconf 88' lang='lat' dir='ltr'>et</span> <span class='ocrx_word' id='word_1_524' title='bbox 1992 1848 2083 1904; x_wconf 88' lang='lat' dir='ltr'>ipse</span> <span class='ocrx_word' id='word_1_525' title='bbox 2099 1849 2309 1892; x_wconf 82' lang='lat' dir='ltr'>visionem</span> <span class='ocrx_word' id='word_1_526' title='bbox 2326 1848 2433 1892; x_wconf 79' lang='lat' dir='ltr'>vidit</span> <span class='ocrx_word' id='word_1_527' title='bbox 2452 1849 2594 1907; x_wconf 73' lang='lat' dir='ltr'>(Eaeod</span> 
     </span>
     <span class='ocr_line' id='line_1_71' title="bbox 1367 1919 2610 1979; baseline 0.002 -16"><span class='ocrx_word' id='word_1_528' title='bbox 1367 1933 1434 1973; x_wconf 77' lang='lat' dir='ltr'>nl,</span> <span class='ocrx_word' id='word_1_529' title='bbox 1454 1922 1526 1979; x_wconf 78' lang='lat'>5);</span> <span class='ocrx_word' id='word_1_530' title='bbox 1570 1923 1614 1964; x_wconf 89' lang='lat' dir='ltr'>in</span> <span class='ocrx_word' id='word_1_531' title='bbox 1640 1933 1725 1963; x_wconf 88' lang='lat' dir='ltr'>una</span> <span class='ocrx_word' id='word_1_532' title='bbox 1765 1919 1964 1964; x_wconf 83' lang='lat' dir='ltr'>videlicet</span> <span class='ocrx_word' id='word_1_533' title='bbox 2003 1920 2241 1976; x_wconf 78' lang='lat' dir='ltr'>eademque</span> <span class='ocrx_word' id='word_1_534' title='bbox 2262 1932 2309 1965; x_wconf 88' lang='lat' dir='ltr'>re</span> <span class='ocrx_word' id='word_1_535' title='bbox 2338 1921 2496 1977; x_wconf 74' lang='lat' dir='ltr'>ignem,</span> <span class='ocrx_word' id='word_1_536' title='bbox 2536 1922 2610 1965; x_wconf 82' lang='lat' dir='ltr'>sed</span> 
     </span>
     <span class='ocr_line' id='line_1_72' title="bbox 1365 1994 2595 2051; baseline -0.003 -11"><span class='ocrx_word' id='word_1_537' title='bbox 1365 2008 1452 2040; x_wconf 87' lang='lat' dir='ltr'>non</span> <span class='ocrx_word' id='word_1_538' title='bbox 1484 1995 1699 2039; x_wconf 85' lang='lat' dir='ltr'>ustionem</span> <span class='ocrx_word' id='word_1_539' title='bbox 1725 2009 1736 2038; x_wconf 90' lang='lat'>:</span> <span class='ocrx_word' id='word_1_540' title='bbox 1762 1994 1970 2039; x_wconf 72' lang='lat' dir='ltr'>visionem</span> <span class='ocrx_word' id='word_1_541' title='bbox 1995 1994 2137 2051; x_wconf 82' lang='lat' dir='ltr'>piane,</span> <span class='ocrx_word' id='word_1_542' title='bbox 2171 2001 2219 2038; x_wconf 88' lang='lat' dir='ltr'>ut</span> <span class='ocrx_word' id='word_1_543' title='bbox 2240 1994 2333 2049; x_wconf 84' lang='lat' dir='ltr'>ipse</span> <span class='ocrx_word' id='word_1_544' title='bbox 2367 1994 2595 2038; x_wconf 83' lang='lat' dir='ltr'>confitetur</span> 
     </span>
     <span class='ocr_line' id='line_1_73' title="bbox 1364 2065 2605 2123; baseline 0 -13"><span class='ocrx_word' id='word_1_545' title='bbox 1364 2074 1585 2123; x_wconf 83' lang='lat' dir='ltr'>magnam.</span> <span class='ocrx_word' id='word_1_546' title='bbox 1612 2065 1700 2110; x_wconf 85' lang='lat' dir='ltr'>Sed</span> <span class='ocrx_word' id='word_1_547' title='bbox 1719 2066 1902 2122; x_wconf 82' lang='lat' dir='ltr'>legimus</span> <span class='ocrx_word' id='word_1_548' title='bbox 1926 2066 2041 2122; x_wconf 85' lang='lat' dir='ltr'>quod</span> <span class='ocrx_word' id='word_1_549' title='bbox 2068 2065 2190 2122; x_wconf 85' lang='lat' dir='ltr'>prius</span> <span class='ocrx_word' id='word_1_550' title='bbox 2207 2078 2312 2110; x_wconf 78' lang='lat' dir='ltr'>oves</span> <span class='ocrx_word' id='word_1_551' title='bbox 2329 2066 2522 2122; x_wconf 68' lang='lat' dir='ltr'>pavit,ad</span> <span class='ocrx_word' id='word_1_552' title='bbox 2545 2067 2605 2110; x_wconf 83' lang='lat' dir='ltr'>in-</span> 
     </span>
     <span class='ocr_line' id='line_1_74' title="bbox 1367 2136 2607 2190; baseline -0.001 -7"><span class='ocrx_word' id='word_1_553' title='bbox 1367 2141 1527 2184; x_wconf 86' lang='lat' dir='ltr'>teriora</span> <span class='ocrx_word' id='word_1_554' title='bbox 1559 2139 1718 2183; x_wconf 80' lang='lat' dir='ltr'>deserti</span> <span class='ocrx_word' id='word_1_555' title='bbox 1742 2138 1940 2190; x_wconf 82' lang='lat' dir='ltr'>minavit,</span> <span class='ocrx_word' id='word_1_556' title='bbox 1983 2138 2038 2182; x_wconf 89' lang='lat' dir='ltr'>ad</span> <span class='ocrx_word' id='word_1_557' title='bbox 2063 2147 2251 2183; x_wconf 86' lang='lat' dir='ltr'>montem</span> <span class='ocrx_word' id='word_1_558' title='bbox 2278 2136 2354 2183; x_wconf 82' lang='lat' dir='ltr'>Dei</span> <span class='ocrx_word' id='word_1_559' title='bbox 2376 2139 2507 2182; x_wconf 83' lang='lat' dir='ltr'>venit.</span> <span class='ocrx_word' id='word_1_560' title='bbox 2552 2137 2607 2182; x_wconf 76' lang='lat' dir='ltr'>ite</span> 
     </span>
     <span class='ocr_line' id='line_1_75' title="bbox 1367 2214 2610 2269; baseline 0 -12"><span class='ocrx_word' id='word_1_561' title='bbox 1367 2220 1409 2258; x_wconf 88' lang='lat' dir='ltr'>et</span> <span class='ocrx_word' id='word_1_562' title='bbox 1433 2221 1479 2257; x_wconf 87' lang='lat' dir='ltr'>tu</span> <span class='ocrx_word' id='word_1_563' title='bbox 1516 2214 1727 2257; x_wconf 84' lang='lat' dir='ltr'>innocuas</span> <span class='ocrx_word' id='word_1_564' title='bbox 1763 2214 1944 2258; x_wconf 85' lang='lat' dir='ltr'>intrate</span> <span class='ocrx_word' id='word_1_565' title='bbox 1982 2214 2273 2269; x_wconf 84' lang='lat' dir='ltr'>cogitationes</span> <span class='ocrx_word' id='word_1_566' title='bbox 2316 2219 2358 2257; x_wconf 85' lang='lat' dir='ltr'>et</span> <span class='ocrx_word' id='word_1_567' title='bbox 2394 2214 2610 2269; x_wconf 71' lang='lat' dir='ltr'>simplices</span> 
     </span>
     <span class='ocr_line' id='line_1_76' title="bbox 1367 2285 2613 2340; baseline 0 -10"><span class='ocrx_word' id='word_1_568' title='bbox 1367 2287 1507 2340; x_wconf 83' lang='lat' dir='ltr'>nntri;</span> <span class='ocrx_word' id='word_1_569' title='bbox 1528 2285 1843 2330; x_wconf 87' lang='lat' dir='ltr'>contemnendo</span> <span class='ocrx_word' id='word_1_570' title='bbox 1874 2286 2061 2330; x_wconf 75' lang='lat' dir='ltr'>visibilia</span> <span class='ocrx_word' id='word_1_571' title='bbox 2086 2302 2097 2330; x_wconf 88' lang='lat'>:</span> <span class='ocrx_word' id='word_1_572' title='bbox 2122 2285 2260 2330; x_wconf 85' lang='lat' dir='ltr'>deduc</span> <span class='ocrx_word' id='word_1_573' title='bbox 2275 2299 2350 2330; x_wconf 85' lang='lat' dir='ltr'>eas</span> <span class='ocrx_word' id='word_1_574' title='bbox 2369 2285 2423 2331; x_wconf 85' lang='lat' dir='ltr'>ad</span> <span class='ocrx_word' id='word_1_575' title='bbox 2461 2287 2613 2331; x_wconf 82' lang='lat' dir='ltr'>intima</span> 
     </span>
     <span class='ocr_line' id='line_1_77' title="bbox 1364 2358 2612 2416; baseline -0.002 -12"><span class='ocrx_word' id='word_1_576' title='bbox 1364 2361 1517 2404; x_wconf 83' lang='lat' dir='ltr'>secreti</span> <span class='ocrx_word' id='word_1_577' title='bbox 1558 2371 1635 2416; x_wconf 86' lang='lat' dir='ltr'>per</span> <span class='ocrx_word' id='word_1_578' title='bbox 1673 2359 1907 2416; x_wconf 83' lang='lat' dir='ltr'>puritatem</span> <span class='ocrx_word' id='word_1_579' title='bbox 1942 2358 2159 2403; x_wconf 77' lang='lat' dir='ltr'>desaeeatae</span> <span class='ocrx_word' id='word_1_580' title='bbox 2203 2360 2378 2411; x_wconf 83' lang='lat' dir='ltr'>mentis,</span> <span class='ocrx_word' id='word_1_581' title='bbox 2404 2367 2612 2416; x_wconf 81' lang='lat' dir='ltr'>quantum</span> 
     </span>
     <span class='ocr_line' id='line_1_78' title="bbox 1362 2431 2614 2489; baseline -0.001 -14"><span class='ocrx_word' id='word_1_582' title='bbox 1362 2434 1441 2476; x_wconf 86' lang='lat' dir='ltr'>tibi</span> <span class='ocrx_word' id='word_1_583' title='bbox 1464 2433 1670 2477; x_wconf 84' lang='lat' dir='ltr'>divinitus</span> <span class='ocrx_word' id='word_1_584' title='bbox 1691 2432 1821 2476; x_wconf 84' lang='lat' dir='ltr'>datur</span> <span class='ocrx_word' id='word_1_585' title='bbox 1837 2446 1849 2485; x_wconf 93' lang='lat'>;</span> <span class='ocrx_word' id='word_1_586' title='bbox 1868 2433 2012 2476; x_wconf 78' lang='lat' dir='ltr'>volatu</span> <span class='ocrx_word' id='word_1_587' title='bbox 2035 2431 2135 2476; x_wconf 86' lang='lat' dir='ltr'>boni</span> <span class='ocrx_word' id='word_1_588' title='bbox 2152 2432 2375 2484; x_wconf 83' lang='lat' dir='ltr'>desiderii,</span> <span class='ocrx_word' id='word_1_589' title='bbox 2402 2432 2456 2475; x_wconf 84' lang='lat' dir='ltr'>ad</span> <span class='ocrx_word' id='word_1_590' title='bbox 2475 2433 2614 2489; x_wconf 80' lang='lat' dir='ltr'>ipsam</span> 
     </span>
     <span class='ocr_line' id='line_1_79' title="bbox 1363 2503 2608 2562; baseline -0.001 -13"><span class='ocrx_word' id='word_1_591' title='bbox 1363 2506 1636 2550; x_wconf 84' lang='lat' dir='ltr'>altitudinem</span> <span class='ocrx_word' id='word_1_592' title='bbox 1662 2505 1754 2549; x_wconf 87' lang='lat' dir='ltr'>Dei.</span> <span class='ocrx_word' id='word_1_593' title='bbox 1781 2503 1903 2552; x_wconf 77' lang='lat' dir='ltr'>Tunc</span> <span class='ocrx_word' id='word_1_594' title='bbox 1927 2505 2085 2561; x_wconf 80' lang='lat' dir='ltr'>dignus</span> <span class='ocrx_word' id='word_1_595' title='bbox 2105 2505 2192 2550; x_wconf 88' lang='lat' dir='ltr'>eris</span> <span class='ocrx_word' id='word_1_596' title='bbox 2214 2505 2356 2562; x_wconf 79' lang='lat' dir='ltr'>ignem</span> <span class='ocrx_word' id='word_1_597' title='bbox 2378 2505 2522 2548; x_wconf 81' lang='lat' dir='ltr'>videre</span> <span class='ocrx_word' id='word_1_598' title='bbox 2561 2504 2608 2548; x_wconf 71' lang='lat' dir='ltr'>in</span> 
     </span>
     <span class='ocr_line' id='line_1_80' title="bbox 1362 2579 2613 2630; baseline -0.003 -7"><span class='ocrx_word' id='word_1_599' title='bbox 1362 2582 1473 2624; x_wconf 85' lang='lat' dir='ltr'>rubo</span> <span class='ocrx_word' id='word_1_600' title='bbox 1498 2580 1738 2630; x_wconf 86' lang='lat' dir='ltr'>ardentem,</span> <span class='ocrx_word' id='word_1_601' title='bbox 1765 2579 1843 2623; x_wconf 86' lang='lat' dir='ltr'>sed</span> <span class='ocrx_word' id='word_1_602' title='bbox 1877 2579 2036 2622; x_wconf 78' lang='lat' dir='ltr'>rubum</span> <span class='ocrx_word' id='word_1_603' title='bbox 2060 2591 2149 2622; x_wconf 86' lang='lat' dir='ltr'>non</span> <span class='ocrx_word' id='word_1_604' title='bbox 2186 2579 2526 2621; x_wconf 79' lang='lat' dir='ltr'>comburentem:</span> <span class='ocrx_word' id='word_1_605' title='bbox 2564 2582 2613 2619; x_wconf 86' lang='lat' dir='ltr'>ut</span> 
     </span>
     <span class='ocr_line' id='line_1_81' title="bbox 1362 2652 2613 2712; baseline -0.006 -11"><span class='ocrx_word' id='word_1_606' title='bbox 1362 2657 1476 2701; x_wconf 83' lang='lat' dir='ltr'>scias</span> <span class='ocrx_word' id='word_1_607' title='bbox 1499 2655 1601 2712; x_wconf 84' lang='lat' dir='ltr'>quia</span> <span class='ocrx_word' id='word_1_608' title='bbox 1636 2652 1784 2698; x_wconf 82' lang='lat' dir='ltr'>inuna</span> <span class='ocrx_word' id='word_1_609' title='bbox 1827 2653 2063 2709; x_wconf 82' lang='lat' dir='ltr'>eademque</span> <span class='ocrx_word' id='word_1_610' title='bbox 2098 2652 2262 2696; x_wconf 76' lang='lat' dir='ltr'>Christi</span> <span class='ocrx_word' id='word_1_611' title='bbox 2302 2663 2503 2708; x_wconf 83' lang='lat' dir='ltr'>persona,</span> <span class='ocrx_word' id='word_1_612' title='bbox 2528 2662 2613 2694; x_wconf 74' lang='lat' dir='ltr'>nee</span> 
     </span>
     <span class='ocr_line' id='line_1_82' title="bbox 1360 2720 2610 2780; baseline -0.006 -10"><span class='ocrx_word' id='word_1_613' title='bbox 1360 2733 1560 2770; x_wconf 85' lang='lat' dir='ltr'>naturam</span> <span class='ocrx_word' id='word_1_614' title='bbox 1586 2727 1852 2780; x_wconf 86' lang='lat' dir='ltr'>superiorem</span> <span class='ocrx_word' id='word_1_615' title='bbox 1895 2723 2117 2766; x_wconf 77' lang='lat' dir='ltr'>inferioris</span> <span class='ocrx_word' id='word_1_616' title='bbox 2153 2722 2391 2778; x_wconf 82' lang='lat' dir='ltr'>assumptio</span> <span class='ocrx_word' id='word_1_617' title='bbox 2411 2721 2498 2777; x_wconf 76' lang='lat'>22</span> <span class='ocrx_word' id='word_1_618' title='bbox 2525 2720 2610 2764; x_wconf 79' lang='lat' dir='ltr'>im-</span> 
     </span>
     <span class='ocr_line' id='line_1_83' title="bbox 1360 2794 2616 2852; baseline -0.006 -9"><span class='ocrx_word' id='word_1_619' title='bbox 1360 2799 1532 2849; x_wconf 83' lang='lat' dir='ltr'>minuit,</span> <span class='ocrx_word' id='word_1_620' title='bbox 1551 2810 1631 2841; x_wconf 86' lang='lat' dir='ltr'>nec</span> <span class='ocrx_word' id='word_1_621' title='bbox 1649 2797 1895 2841; x_wconf 80' lang='lat' dir='ltr'>inferiorem</span> <span class='ocrx_word' id='word_1_622' title='bbox 1929 2796 2184 2852; x_wconf 80' lang='lat' dir='ltr'>glorificatio</span> <span class='ocrx_word' id='word_1_623' title='bbox 2221 2794 2461 2851; x_wconf 85' lang='lat' dir='ltr'>superioris</span> <span class='ocrx_word' id='word_1_624' title='bbox 2502 2806 2616 2837; x_wconf 75' lang='lat' dir='ltr'>con-</span> 
     </span>
     <span class='ocr_line' id='line_1_84' title="bbox 1361 2867 2611 2927; baseline -0.006 -11"><span class='ocrx_word' id='word_1_625' title='bbox 1361 2872 1562 2927; x_wconf 83' lang='lat' dir='ltr'>sumpsit.</span> <span class='ocrx_word' id='word_1_626' title='bbox 1579 2870 1703 2922; x_wconf 78' lang='lat' dir='ltr'>Quod</span> <span class='ocrx_word' id='word_1_627' title='bbox 1730 2870 1789 2914; x_wconf 88' lang='lat' dir='ltr'>ita</span> <span class='ocrx_word' id='word_1_628' title='bbox 1833 2870 1888 2914; x_wconf 87' lang='lat' dir='ltr'>sit</span> <span class='ocrx_word' id='word_1_629' title='bbox 1931 2868 2087 2919; x_wconf 86' lang='lat' dir='ltr'>crcde;</span> <span class='ocrx_word' id='word_1_630' title='bbox 2127 2867 2203 2911; x_wconf 87' lang='lat' dir='ltr'>sed</span> <span class='ocrx_word' id='word_1_631' title='bbox 2248 2879 2341 2917; x_wconf 88' lang='lat' dir='ltr'>cnr,</span> <span class='ocrx_word' id='word_1_632' title='bbox 2383 2867 2448 2910; x_wconf 73' lang='lat' dir='ltr'>vel</span> <span class='ocrx_word' id='word_1_633' title='bbox 2490 2878 2611 2909; x_wconf 78' lang='lat' dir='ltr'>com-</span> 
     </span>
     <span class='ocr_line' id='line_1_85' title="bbox 1360 2934 2610 2991; baseline -0.007 -5"><span class='ocrx_word' id='word_1_634' title='bbox 1360 2944 1487 2986; x_wconf 82' lang='lat' dir='ltr'>modo</span> <span class='ocrx_word' id='word_1_635' title='bbox 1507 2943 1566 2985; x_wconf 87' lang='lat' dir='ltr'>ita</span> <span class='ocrx_word' id='word_1_636' title='bbox 1586 2941 1659 2991; x_wconf 85' lang='lat' dir='ltr'>sit,</span> <span class='ocrx_word' id='word_1_637' title='bbox 1684 2940 1860 2984; x_wconf 86' lang='lat' dir='ltr'>omnino</span> <span class='ocrx_word' id='word_1_638' title='bbox 1883 2938 2100 2983; x_wconf 85' lang='lat' dir='ltr'>discutere</span> <span class='ocrx_word' id='word_1_639' title='bbox 2133 2949 2220 2981; x_wconf 88' lang='lat' dir='ltr'>non</span> <span class='ocrx_word' id='word_1_640' title='bbox 2252 2948 2478 2991; x_wconf 78' lang='lat' dir='ltr'>praesume.</span> <span class='ocrx_word' id='word_1_641' title='bbox 2525 2934 2610 2986; x_wconf 78' lang='lat' dir='ltr'>Ne,</span> 
     </span>
     <span class='ocr_line' id='line_1_86' title="bbox 1360 3010 2600 3070; baseline -0.006 -9"><span class='ocrx_word' id='word_1_642' title='bbox 1360 3015 1574 3061; x_wconf 81' lang='lat' dir='ltr'>sidixeris</span> <span class='ocrx_word' id='word_1_643' title='bbox 1604 3026 1702 3057; x_wconf 88' lang='lat' dir='ltr'>cum</span> <span class='ocrx_word' id='word_1_644' title='bbox 1736 3012 1880 3070; x_wconf 82' lang='lat' dir='ltr'>Moyse</span> <span class='ocrx_word' id='word_1_645' title='bbox 1904 3030 1914 3057; x_wconf 74' lang='grc' dir='ltr'><em>ι</em></span> <span class='ocrx_word' id='word_1_646' title='bbox 1940 3011 2118 3062; x_wconf 81' lang='lat' dir='ltr'>Vadam,</span> <span class='ocrx_word' id='word_1_647' title='bbox 2145 3018 2186 3054; x_wconf 81' lang='lat' dir='ltr'>et</span> <span class='ocrx_word' id='word_1_648' title='bbox 2218 3010 2360 3054; x_wconf 71' lang='lat' dir='ltr'>videto</span> <span class='ocrx_word' id='word_1_649' title='bbox 2400 3011 2600 3053; x_wconf 76' lang='lat' dir='ltr'>visionem</span> 
     </span>
     <span class='ocr_line' id='line_1_87' title="bbox 1360 3080 2608 3144; baseline -0.005 -12"><span class='ocrx_word' id='word_1_650' title='bbox 1360 3088 1467 3132; x_wconf 67' lang='lat' dir='ltr'>hanc</span> <span class='ocrx_word' id='word_1_651' title='bbox 1492 3101 1705 3144; x_wconf 75' lang='lat' dir='ltr'>maqnam,</span> <span class='ocrx_word' id='word_1_652' title='bbox 1724 3100 1852 3144; x_wconf 77' lang='lat' dir='ltr'>quare</span> <span class='ocrx_word' id='word_1_653' title='bbox 1873 3099 1956 3129; x_wconf 78' lang='lat' dir='ltr'>non</span> <span class='ocrx_word' id='word_1_654' title='bbox 1988 3083 2258 3128; x_wconf 74' lang='lat' dir='ltr'>comburatur</span> <span class='ocrx_word' id='word_1_655' title='bbox 2274 3080 2404 3126; x_wconf 76' lang='lat' dir='ltr'>rubus</span> <span class='ocrx_word' id='word_1_656' title='bbox 2429 3081 2548 3139; x_wconf 73' lang='lat' dir='ltr'>(ibid.</span> <span class='ocrx_word' id='word_1_657' title='bbox 2571 3082 2608 3139; x_wconf 85' lang='grc'>);</span> 
     </span>
     <span class='ocr_line' id='line_1_88' title="bbox 1358 3149 2607 3216; baseline -0.008 -8"><span class='ocrx_word' id='word_1_658' title='bbox 1358 3149 1511 3208; x_wconf 72' lang='lat' dir='ltr'>videns</span> <span class='ocrx_word' id='word_1_659' title='bbox 1555 3161 1767 3205; x_wconf 85' lang='lat' dir='ltr'>Dominus</span> <span class='ocrx_word' id='word_1_660' title='bbox 1797 3160 1910 3216; x_wconf 87' lang='lat' dir='ltr'>quod</span> <span class='ocrx_word' id='word_1_661' title='bbox 1957 3158 2099 3215; x_wconf 80' lang='lat' dir='ltr'>pergis</span> <span class='ocrx_word' id='word_1_662' title='bbox 2127 3157 2179 3200; x_wconf 87' lang='lat' dir='ltr'>ad</span> <span class='ocrx_word' id='word_1_663' title='bbox 2203 3156 2451 3207; x_wconf 82' lang='lat' dir='ltr'>videndum,</span> <span class='ocrx_word' id='word_1_664' title='bbox 2492 3155 2607 3214; x_wconf 78' lang='lat' dir='ltr'>dicat</span> 
     </span>
     <span class='ocr_line' id='line_1_89' title="bbox 1357 3229 2610 3293; baseline -0.009 -13"><span class='ocrx_word' id='word_1_665' title='bbox 1357 3236 1436 3280; x_wconf 77' lang='lat' dir='ltr'>tibi</span> <span class='ocrx_word' id='word_1_666' title='bbox 1459 3251 1470 3279; x_wconf 73' lang='lat' dir='ltr'>t</span> <span class='ocrx_word' id='word_1_667' title='bbox 1496 3248 1550 3280; x_wconf 82' lang='lat' dir='ltr'>ne</span> <span class='ocrx_word' id='word_1_668' title='bbox 1574 3234 1803 3293; x_wconf 82' lang='lat' dir='ltr'>appropies</span> <span class='ocrx_word' id='word_1_669' title='bbox 1826 3234 1911 3276; x_wconf 83' lang='lat' dir='ltr'>huc</span> <span class='ocrx_word' id='word_1_670' title='bbox 1933 3247 1943 3276; x_wconf 73' lang='grc' dir='ltr'><strong>ε</strong></span> <span class='ocrx_word' id='word_1_671' title='bbox 1962 3245 2016 3276; x_wconf 81' lang='lat' dir='ltr'>ne</span> <span class='ocrx_word' id='word_1_672' title='bbox 2035 3235 2254 3275; x_wconf 78' lang='lat' dir='ltr'>scrutator</span> <span class='ocrx_word' id='word_1_673' title='bbox 2275 3229 2512 3284; x_wconf 76' lang='lat' dir='ltr'>maJ&#39;estatis</span> <span class='ocrx_word' id='word_1_674' title='bbox 2527 3240 2610 3283; x_wconf 83' lang='lat' dir='ltr'>op-</span> 
     </span>
     <span class='ocr_line' id='line_1_90' title="bbox 1359 3303 1789 3364; baseline -0.012 -13"><span class='ocrx_word' id='word_1_675' title='bbox 1359 3307 1564 3364; x_wconf 85' lang='lat' dir='ltr'>primaris</span> <span class='ocrx_word' id='word_1_676' title='bbox 1587 3319 1612 3349; x_wconf 86' lang='lat' dir='ltr'>a</span> <span class='ocrx_word' id='word_1_677' title='bbox 1636 3303 1789 3360; x_wconf 84' lang='lat' dir='ltr'>gloria,</span> 
     </span>
    </p>
   </div>
   <div class='ocr_carea' id='block_1_11' title="bbox 44 3367 2606 3442">
    <p class='ocr_par' dir='ltr' id='par_1_14' title="bbox 44 3367 2606 3442">
     <span class='ocr_line' id='line_1_91' title="bbox 44 3367 2606 3442; baseline -0.002 -24"><span class='ocrx_word' id='word_1_678' title='bbox 44 3380 116 3428; x_wconf 74' lang='lat' dir='ltr'>pet·</span> <span class='ocrx_word' id='word_1_679' title='bbox 135 3374 424 3420; x_wconf 83' lang='lat' dir='ltr'>visitationem</span> <span class='ocrx_word' id='word_1_680' title='bbox 450 3378 638 3434; x_wconf 87' lang='lat' dir='ltr'>aliquam</span> <span class='ocrx_word' id='word_1_681' title='bbox 665 3378 920 3428; x_wconf 83' lang='lat' dir='ltr'>honoratur,</span> <span class='ocrx_word' id='word_1_682' title='bbox 947 3385 989 3422; x_wconf 89' lang='lat' dir='ltr'>et</span> <span class='ocrx_word' id='word_1_683' title='bbox 1003 3392 1080 3435; x_wconf 88' lang='lat' dir='ltr'>per</span> <span class='ocrx_word' id='word_1_684' title='bbox 1107 3379 1279 3422; x_wconf 80' lang='lat' dir='ltr'>unctio-</span> <span class='ocrx_word' id='word_1_685' title='bbox 1300 3367 1350 3442; x_wconf 65' lang='lat'>1)⁴</span> <span class='ocrx_word' id='word_1_686' title='bbox 1416 3376 1523 3421; x_wconf 80' lang='lat' dir='ltr'>vul.</span> <span class='ocrx_word' id='word_1_687' title='bbox 1548 3377 1608 3421; x_wconf 83' lang='lat' dir='ltr'>De</span> <span class='ocrx_word' id='word_1_688' title='bbox 1635 3375 1747 3421; x_wconf 85' lang='lat' dir='ltr'>lsaia</span> <span class='ocrx_word' id='word_1_689' title='bbox 1778 3375 1984 3431; x_wconf 83' lang='lat' dir='ltr'>legimus,</span> <span class='ocrx_word' id='word_1_690' title='bbox 2007 3373 2111 3429; x_wconf 81' lang='lat' dir='ltr'>quia</span> <span class='ocrx_word' id='word_1_691' title='bbox 2131 3372 2238 3416; x_wconf 76' lang='lat' dir='ltr'>vidit</span> <span class='ocrx_word' id='word_1_692' title='bbox 2279 3371 2508 3413; x_wconf 81' lang='lat' dir='ltr'>Dominum</span> <span class='ocrx_word' id='word_1_693' title='bbox 2534 3382 2606 3412; x_wconf 81' lang='lat' dir='ltr'>se·-</span> 
     </span>
    </p>
   </div>
   <div class='ocr_carea' id='block_1_12' title="bbox 0 3445 1285 4451">
    <p class='ocr_par' dir='ltr' id='par_1_15' title="bbox 0 3445 1285 4451">
     <span class='ocr_line' id='line_1_92' title="bbox 45 3445 1279 3505; baseline 0.006 -19"><span class='ocrx_word' id='word_1_694' title='bbox 45 3452 138 3488; x_wconf 80' lang='lat' dir='ltr'>nem</span> <span class='ocrx_word' id='word_1_695' title='bbox 160 3445 372 3490; x_wconf 88' lang='lat' dir='ltr'>internam</span> <span class='ocrx_word' id='word_1_696' title='bbox 396 3447 654 3490; x_wconf 84' lang='lat' dir='ltr'>dulcoratur</span> <span class='ocrx_word' id='word_1_697' title='bbox 678 3464 686 3492; x_wconf 93' lang='lat'>:</span> <span class='ocrx_word' id='word_1_698' title='bbox 706 3448 832 3503; x_wconf 84' lang='lat' dir='ltr'>plena</span> <span class='ocrx_word' id='word_1_699' title='bbox 870 3450 1073 3492; x_wconf 88' lang='lat' dir='ltr'>nimirum</span> <span class='ocrx_word' id='word_1_700' title='bbox 1115 3456 1157 3493; x_wconf 88' lang='lat' dir='ltr'>et</span> <span class='ocrx_word' id='word_1_701' title='bbox 1181 3464 1279 3505; x_wconf 78' lang='lat' dir='ltr'>per·</span> 
     </span>
     <span class='ocr_line' id='line_1_93' title="bbox 47 3513 1285 3576; baseline 0.006 -16"><span class='ocrx_word' id='word_1_702' title='bbox 47 3513 150 3561; x_wconf 68' lang='lat' dir='ltr'>fecta</span> <span class='ocrx_word' id='word_1_703' title='bbox 170 3518 365 3563; x_wconf 85' lang='lat' dir='ltr'>claritate</span> <span class='ocrx_word' id='word_1_704' title='bbox 379 3520 544 3576; x_wconf 81' lang='lat' dir='ltr'>potitur</span> <span class='ocrx_word' id='word_1_705' title='bbox 570 3537 580 3563; x_wconf 91' lang='lat'>:</span> <span class='ocrx_word' id='word_1_706' title='bbox 606 3522 667 3564; x_wconf 86' lang='lat' dir='ltr'>ita</span> <span class='ocrx_word' id='word_1_707' title='bbox 692 3521 904 3565; x_wconf 80' lang='lat' dir='ltr'>duntaxat</span> <span class='ocrx_word' id='word_1_708' title='bbox 943 3523 979 3566; x_wconf 87' lang='lat' dir='ltr'>si</span> <span class='ocrx_word' id='word_1_709' title='bbox 1008 3529 1050 3566; x_wconf 85' lang='lat' dir='ltr'>et</span> <span class='ocrx_word' id='word_1_710' title='bbox 1069 3524 1285 3567; x_wconf 79' lang='lat' dir='ltr'>visionem·</span> 
     </span>
     <span class='ocr_line' id='line_1_94' title="bbox 42 3592 1281 3645; baseline 0.005 -11"><span class='ocrx_word' id='word_1_711' title='bbox 42 3595 179 3635; x_wconf 71' lang='lat' dir='ltr'>nctus</span> <span class='ocrx_word' id='word_1_712' title='bbox 202 3592 460 3645; x_wconf 83' lang='lat' dir='ltr'>intellectus,</span> <span class='ocrx_word' id='word_1_713' title='bbox 485 3599 530 3637; x_wconf 82' lang='lat' dir='ltr'>et</span> <span class='ocrx_word' id='word_1_714' title='bbox 560 3596 810 3638; x_wconf 84' lang='lat' dir='ltr'>unctionem</span> <span class='ocrx_word' id='word_1_715' title='bbox 842 3596 1059 3640; x_wconf 82' lang='lat' dir='ltr'>discretus</span> <span class='ocrx_word' id='word_1_716' title='bbox 1106 3597 1281 3640; x_wconf 82' lang='lat' dir='ltr'>comite-</span> 
     </span>
     <span class='ocr_line' id='line_1_95' title="bbox 0 3656 1277 3722; baseline 0.008 -21"><span class='ocrx_word' id='word_1_717' title='bbox 0 3656 5 3698; x_wconf 76' lang='grc' dir='ltr'>Ϊ</span> <span class='ocrx_word' id='word_1_718' title='bbox 46 3663 114 3704; x_wconf 84' lang='lat' dir='ltr'>tur</span> <span class='ocrx_word' id='word_1_719' title='bbox 132 3661 320 3708; x_wconf 70' lang='lat' dir='ltr'>affectus.</span> <span class='ocrx_word' id='word_1_720' title='bbox 346 3664 456 3717; x_wconf 81' lang='lat' dir='ltr'>Quia</span> <span class='ocrx_word' id='word_1_721' title='bbox 494 3665 625 3717; x_wconf 88' lang='lat' dir='ltr'>hunc,</span> <span class='ocrx_word' id='word_1_722' title='bbox 643 3666 714 3708; x_wconf 85' lang='lat' dir='ltr'>cui</span> <span class='ocrx_word' id='word_1_723' title='bbox 739 3666 831 3709; x_wconf 76' lang='lat' dir='ltr'>bace</span> <span class='ocrx_word' id='word_1_724' title='bbox 862 3667 974 3709; x_wconf 68' lang='lat' dir='ltr'>risio</span> <span class='ocrx_word' id='word_1_725' title='bbox 1017 3667 1277 3722; x_wconf 83' lang='lat' dir='ltr'>indulgetur,</span> 
     </span>
     <span class='ocr_line' id='line_1_96' title="bbox 46 3732 1280 3791; baseline 0.007 -17"><span class='ocrx_word' id='word_1_726' title='bbox 46 3733 283 3779; x_wconf 79' lang='lat' dir='ltr'>etvisitatio</span> <span class='ocrx_word' id='word_1_727' title='bbox 297 3736 458 3780; x_wconf 83' lang='lat' dir='ltr'>excitat</span> <span class='ocrx_word' id='word_1_728' title='bbox 478 3737 533 3780; x_wconf 87' lang='lat' dir='ltr'>ad</span> <span class='ocrx_word' id='word_1_729' title='bbox 572 3732 992 3791; x_wconf 71' lang='lat' dir='ltr'>admirationem,&#39;et</span> <span class='ocrx_word' id='word_1_730' title='bbox 1031 3740 1178 3783; x_wconf 82' lang='lat' dir='ltr'>unctio</span> <span class='ocrx_word' id='word_1_731' title='bbox 1212 3739 1280 3784; x_wconf 80' lang='lat' dir='ltr'>in-</span> 
     </span>
     <span class='ocr_line' id='line_1_97' title="bbox 0 3801 1278 3877; baseline 0.008 -32"><span class='ocrx_word' id='word_1_732' title='bbox 0 3810 3 3877; x_wconf 26' lang='grc' dir='ltr'>ζ</span> <span class='ocrx_word' id='word_1_733' title='bbox 48 3801 226 3851; x_wconf 74' lang='lat' dir='ltr'>flammat</span> <span class='ocrx_word' id='word_1_734' title='bbox 246 3807 299 3850; x_wconf 87' lang='lat' dir='ltr'>ad</span> <span class='ocrx_word' id='word_1_735' title='bbox 323 3808 615 3854; x_wconf 76' lang='lat' dir='ltr'>affectionem.</span> <span class='ocrx_word' id='word_1_736' title='bbox 633 3810 686 3853; x_wconf 83' lang='lat' dir='ltr'>Et</span> <span class='ocrx_word' id='word_1_737' title='bbox 705 3811 1039 3868; x_wconf 81' lang='lat' dir='ltr'>unctioquidem</span> <span class='ocrx_word' id='word_1_738' title='bbox 1057 3825 1278 3868; x_wconf 85' lang='lat' dir='ltr'>nunquam</span> 
     </span>
     <span class='ocr_line' id='line_1_98' title="bbox 0 3874 1279 3945; baseline 0.005 -25"><span class='ocrx_word' id='word_1_739' title='bbox 0 3942 2 3945; x_wconf 86' lang='lat'>.</span> <span class='ocrx_word' id='word_1_740' title='bbox 50 3874 135 3920; x_wconf 72' lang='lat' dir='ltr'>sine</span> <span class='ocrx_word' id='word_1_741' title='bbox 155 3876 307 3923; x_wconf 68' lang='lat' dir='ltr'>affectu</span> <span class='ocrx_word' id='word_1_742' title='bbox 341 3891 408 3925; x_wconf 86' lang='lat' dir='ltr'>est</span> <span class='ocrx_word' id='word_1_743' title='bbox 434 3895 444 3923; x_wconf 95' lang='lat'><strong>:</strong></span> <span class='ocrx_word' id='word_1_744' title='bbox 469 3888 537 3927; x_wconf 86' lang='lat' dir='ltr'>est</span> <span class='ocrx_word' id='word_1_745' title='bbox 572 3891 715 3927; x_wconf 89' lang='lat' dir='ltr'>autem</span> <span class='ocrx_word' id='word_1_746' title='bbox 757 3897 887 3940; x_wconf 82' lang='lat' dir='ltr'>quam</span> <span class='ocrx_word' id='word_1_747' title='bbox 934 3897 1046 3940; x_wconf 75' lang='lat' dir='ltr'>saepe</span> <span class='ocrx_word' id='word_1_748' title='bbox 1087 3885 1279 3928; x_wconf 82' lang='lat' dir='ltr'>visitatio</span> 
     </span>
     <span class='ocr_line' id='line_1_99' title="bbox 0 3948 1278 4014; baseline 0.005 -20"><span class='ocrx_word' id='word_1_749' title='bbox 0 3950 6 3958; x_wconf 94' lang='lat'>&#39;</span> <span class='ocrx_word' id='word_1_750' title='bbox 47 3948 136 3995; x_wconf 75' lang='lat' dir='ltr'>sine</span> <span class='ocrx_word' id='word_1_751' title='bbox 154 3951 370 3999; x_wconf 80' lang='lat' dir='ltr'>inteliectu</span> <span class='ocrx_word' id='word_1_752' title='bbox 393 3972 405 4000; x_wconf 70' lang='grc' dir='ltr'><strong><em>ε</em></strong></span> <span class='ocrx_word' id='word_1_753' title='bbox 449 3956 657 4014; x_wconf 80' lang='lat' dir='ltr'>inungere</span> <span class='ocrx_word' id='word_1_754' title='bbox 695 3970 881 4014; x_wconf 84' lang='lat' dir='ltr'>namque</span> <span class='ocrx_word' id='word_1_755' title='bbox 900 3958 1068 4002; x_wconf 82' lang='lat' dir='ltr'>afficere</span> <span class='ocrx_word' id='word_1_756' title='bbox 1083 3965 1165 4009; x_wconf 80' lang='lat' dir='ltr'>est,</span> <span class='ocrx_word' id='word_1_757' title='bbox 1192 3971 1278 4002; x_wconf 88' lang='lat' dir='ltr'>non</span> 
     </span>
     <span class='ocr_line' id='line_1_100' title="bbox 49 4017 1279 4087; baseline 0.009 -23"><span class='ocrx_word' id='word_1_758' title='bbox 49 4017 142 4064; x_wconf 65' lang='lat' dir='ltr'>item</span> <span class='ocrx_word' id='word_1_759' title='bbox 173 4024 349 4070; x_wconf 76' lang='lat' dir='ltr'>visitare</span> <span class='ocrx_word' id='word_1_760' title='bbox 371 4033 438 4072; x_wconf 81' lang='lat' dir='ltr'>est</span> <span class='ocrx_word' id='word_1_761' title='bbox 475 4029 734 4079; x_wconf 69' lang='lat' dir='ltr'>illuminare¹</span> <span class='ocrx_word' id='word_1_762' title='bbox 771 4030 884 4074; x_wconf 78' lang='lat' dir='ltr'>sicut</span> <span class='ocrx_word' id='word_1_763' title='bbox 923 4044 1002 4073; x_wconf 82' lang='lat' dir='ltr'>nce</span> <span class='ocrx_word' id='word_1_764' title='bbox 1027 4031 1155 4082; x_wconf 83' lang='lat' dir='ltr'>idem,</span> <span class='ocrx_word' id='word_1_765' title='bbox 1183 4043 1279 4087; x_wconf 79' lang='lat' dir='ltr'>quae</span> 
     </span>
     <span class='ocr_line' id='line_1_101' title="bbox 0 4090 1279 4158; baseline 0.008 -21"><span class='ocrx_word' id='word_1_766' title='bbox 0 4094 6 4129; x_wconf 72' lang='lat' dir='ltr'>l·</span> <span class='ocrx_word' id='word_1_767' title='bbox 50 4090 241 4140; x_wconf 60' lang='lat' dir='ltr'>rideatur.</span> <span class='ocrx_word' id='word_1_768' title='bbox 275 4110 367 4148; x_wconf 84' lang='lat' dir='ltr'>rem</span> <span class='ocrx_word' id='word_1_769' title='bbox 390 4103 635 4155; x_wconf 86' lang='lat' dir='ltr'>ostendere,</span> <span class='ocrx_word' id='word_1_770' title='bbox 654 4108 697 4147; x_wconf 91' lang='lat' dir='ltr'>et</span> <span class='ocrx_word' id='word_1_771' title='bbox 719 4116 805 4158; x_wconf 85' lang='lat' dir='ltr'>quo</span> <span class='ocrx_word' id='word_1_772' title='bbox 849 4103 1058 4154; x_wconf 85' lang='lat' dir='ltr'>videatur,</span> <span class='ocrx_word' id='word_1_773' title='bbox 1104 4106 1279 4148; x_wconf 85' lang='lat' dir='ltr'>oculum</span> 
     </span>
     <span class='ocr_line' id='line_1_102' title="bbox 0 4164 1277 4232; baseline 0.005 -21"><span class='ocrx_word' id='word_1_774' title='bbox 0 4182 2 4185; x_wconf 88' lang='lat'><em>·</em></span> <span class='ocrx_word' id='word_1_775' title='bbox 49 4164 245 4218; x_wconf 63' lang='lat' dir='ltr'>piabere.</span> <span class='ocrx_word' id='word_1_776' title='bbox 269 4169 481 4218; x_wconf 82' lang='lat' dir='ltr'>Visitatus</span> <span class='ocrx_word' id='word_1_777' title='bbox 502 4182 570 4218; x_wconf 89' lang='lat' dir='ltr'>est</span> <span class='ocrx_word' id='word_1_778' title='bbox 592 4175 810 4230; x_wconf 83' lang='lat' dir='ltr'>quondam</span> <span class='ocrx_word' id='word_1_779' title='bbox 839 4189 916 4232; x_wconf 84' lang='lat' dir='ltr'>per</span> <span class='ocrx_word' id='word_1_780' title='bbox 933 4175 1146 4220; x_wconf 83' lang='lat' dir='ltr'>somnium</span> <span class='ocrx_word' id='word_1_781' title='bbox 1166 4175 1277 4218; x_wconf 75' lang='lat' dir='ltr'>Plia-</span> 
     </span>
     <span class='ocr_line' id='line_1_103' title="bbox 49 4239 1277 4309; baseline 0.001 -21"><span class='ocrx_word' id='word_1_782' title='bbox 49 4243 148 4288; x_wconf 76' lang='lat' dir='ltr'>rao,</span> <span class='ocrx_word' id='word_1_783' title='bbox 171 4239 371 4288; x_wconf 76' lang='lat' dir='ltr'>visitatus</span> <span class='ocrx_word' id='word_1_784' title='bbox 386 4251 512 4309; x_wconf 82' lang='lat' dir='ltr'>estet</span> <span class='ocrx_word' id='word_1_785' title='bbox 535 4246 951 4294; x_wconf 79' lang='lat' dir='ltr'>Nabuchodonosor.</span> <span class='ocrx_word' id='word_1_786' title='bbox 978 4247 1060 4292; x_wconf 84' lang='lat' dir='ltr'>Sed</span> <span class='ocrx_word' id='word_1_787' title='bbox 1088 4248 1202 4304; x_wconf 83' lang='lat' dir='ltr'>quod</span> <span class='ocrx_word' id='word_1_788' title='bbox 1234 4247 1277 4289; x_wconf 87' lang='lat' dir='ltr'>in</span> 
     </span>
     <span class='ocr_line' id='line_1_104' title="bbox 49 4305 1276 4376; baseline 0.009 -24"><span class='ocrx_word' id='word_1_789' title='bbox 49 4305 372 4367; x_wconf 60' lang='lat' dir='ltr'>visitationibus,</span> <span class='ocrx_word' id='word_1_790' title='bbox 393 4307 478 4363; x_wconf 83' lang='lat' dir='ltr'>iilis</span> <span class='ocrx_word' id='word_1_791' title='bbox 501 4321 700 4375; x_wconf 79' lang='lat' dir='ltr'>utrisque</span> <span class='ocrx_word' id='word_1_792' title='bbox 713 4322 890 4376; x_wconf 86' lang='lat' dir='ltr'>regibus</span> <span class='ocrx_word' id='word_1_793' title='bbox 922 4322 1135 4365; x_wconf 88' lang='lat' dir='ltr'>somnium</span> <span class='ocrx_word' id='word_1_794' title='bbox 1159 4336 1168 4364; x_wconf 74' lang='grc' dir='ltr'>ε</span> <span class='ocrx_word' id='word_1_795' title='bbox 1195 4319 1276 4363; x_wconf 84' lang='lat' dir='ltr'>hoc</span> 
     </span>
     <span class='ocr_line' id='line_1_105' title="bbox 52 4384 1274 4451; baseline 0.011 -29"><span class='ocrx_word' id='word_1_796' title='bbox 52 4385 204 4429; x_wconf 79' lang='lat' dir='ltr'>sanctis</span> <span class='ocrx_word' id='word_1_797' title='bbox 226 4384 384 4447; x_wconf 63' lang='lat' dir='ltr'>loseph</span> <span class='ocrx_word' id='word_1_798' title='bbox 407 4398 450 4436; x_wconf 84' lang='lat' dir='ltr'>et</span> <span class='ocrx_word' id='word_1_799' title='bbox 462 4392 626 4438; x_wconf 87' lang='lat' dir='ltr'>Danieli</span> <span class='ocrx_word' id='word_1_800' title='bbox 663 4387 887 4451; x_wconf 59' lang='lat' dir='ltr'>prophetia</span> <span class='ocrx_word' id='word_1_801' title='bbox 916 4394 1012 4442; x_wconf 83' lang='lat' dir='ltr'>suit.</span> <span class='ocrx_word' id='word_1_802' title='bbox 1050 4393 1135 4438; x_wconf 85' lang='lat' dir='ltr'>iliis</span> <span class='ocrx_word' id='word_1_803' title='bbox 1162 4395 1274 4436; x_wconf 74' lang='lat' dir='ltr'>enim</span> 
     </span>
    </p>
   </div>
   <div class='ocr_carea' id='block_1_13' title="bbox 1355 3442 2602 4445">
    <p class='ocr_par' dir='ltr' id='par_1_16' title="bbox 1355 3442 2602 4445">
     <span class='ocr_line' id='line_1_106' title="bbox 1360 3442 2602 3505; baseline -0.007 -12"><span class='ocrx_word' id='word_1_804' title='bbox 1360 3450 1533 3493; x_wconf 80' lang='lat' dir='ltr'>dentem</span> <span class='ocrx_word' id='word_1_805' title='bbox 1575 3461 1706 3505; x_wconf 86' lang='lat' dir='ltr'>super</span> <span class='ocrx_word' id='word_1_806' title='bbox 1739 3448 1897 3492; x_wconf 87' lang='lat' dir='ltr'>solium</span> <span class='ocrx_word' id='word_1_807' title='bbox 1937 3446 2156 3490; x_wconf 81' lang='lat' dir='ltr'>excelsum</span> <span class='ocrx_word' id='word_1_808' title='bbox 2179 3450 2223 3488; x_wconf 87' lang='lat' dir='ltr'>et</span> <span class='ocrx_word' id='word_1_809' title='bbox 2264 3444 2501 3495; x_wconf 84' lang='lat' dir='ltr'>elevatum;</span> <span class='ocrx_word' id='word_1_810' title='bbox 2527 3442 2602 3485; x_wconf 79' lang='lat' dir='ltr'>sed</span> 
     </span>
     <span class='ocr_line' id='line_1_107' title="bbox 1359 3514 2598 3576; baseline -0.007 -12"><span class='ocrx_word' id='word_1_811' title='bbox 1359 3520 1442 3564; x_wconf 80' lang='lat' dir='ltr'>boc</span> <span class='ocrx_word' id='word_1_812' title='bbox 1474 3533 1562 3564; x_wconf 89' lang='lat' dir='ltr'>non</span> <span class='ocrx_word' id='word_1_813' title='bbox 1595 3521 1680 3564; x_wconf 90' lang='lat' dir='ltr'>nisi</span> <span class='ocrx_word' id='word_1_814' title='bbox 1703 3525 1801 3576; x_wconf 89' lang='lat' dir='ltr'>post</span> <span class='ocrx_word' id='word_1_815' title='bbox 1830 3518 1907 3576; x_wconf 67' lang='lat' dir='ltr'>[al.</span> <span class='ocrx_word' id='word_1_816' title='bbox 1941 3515 2081 3574; x_wconf 88' lang='lat' dir='ltr'>prius]</span> <span class='ocrx_word' id='word_1_817' title='bbox 2116 3521 2297 3559; x_wconf 85' lang='lat' dir='ltr'>mortem</span> <span class='ocrx_word' id='word_1_818' title='bbox 2321 3514 2435 3557; x_wconf 82' lang='lat' dir='ltr'>Oziae</span> <span class='ocrx_word' id='word_1_819' title='bbox 2468 3514 2598 3569; x_wconf 78' lang='lat' dir='ltr'>regis,</span> 
     </span>
     <span class='ocr_line' id='line_1_108' title="bbox 1362 3584 2600 3649; baseline -0.008 -13"><span class='ocrx_word' id='word_1_820' title='bbox 1362 3593 1435 3638; x_wconf 82' lang='lat' dir='ltr'>Sic</span> <span class='ocrx_word' id='word_1_821' title='bbox 1469 3594 1583 3637; x_wconf 73' lang='lat' dir='ltr'>einim</span> <span class='ocrx_word' id='word_1_822' title='bbox 1601 3593 1742 3649; x_wconf 81' lang='lat' dir='ltr'>legitis</span> <span class='ocrx_word' id='word_1_823' title='bbox 1771 3607 1782 3636; x_wconf 90' lang='lat'>:</span> <span class='ocrx_word' id='word_1_824' title='bbox 1811 3591 1862 3633; x_wconf 83' lang='lat' dir='ltr'>In</span> <span class='ocrx_word' id='word_1_825' title='bbox 1877 3604 1986 3633; x_wconf 76' lang='lat' dir='ltr'>armo</span> <span class='ocrx_word' id='word_1_826' title='bbox 2007 3604 2085 3646; x_wconf 80' lang='lat' dir='ltr'>quo</span> <span class='ocrx_word' id='word_1_827' title='bbox 2097 3596 2282 3632; x_wconf 78' lang='lat' dir='ltr'>mortuus</span> <span class='ocrx_word' id='word_1_828' title='bbox 2306 3595 2366 3630; x_wconf 74' lang='lat' dir='ltr'>est</span> <span class='ocrx_word' id='word_1_829' title='bbox 2382 3598 2455 3629; x_wconf 75' lang='lat' dir='ltr'>rex</span> <span class='ocrx_word' id='word_1_830' title='bbox 2471 3584 2600 3629; x_wconf 68' lang='lat' dir='ltr'>Ozias</span> 
     </span>
     <span class='ocr_line' id='line_1_109' title="bbox 1360 3658 2601 3714; baseline -0.008 -6"><span class='ocrx_word' id='word_1_831' title='bbox 1360 3665 1459 3708; x_wconf 67' lang='lat' dir='ltr'>vidit</span> <span class='ocrx_word' id='word_1_832' title='bbox 1504 3664 1726 3707; x_wconf 78' lang='lat' dir='ltr'>Dominum</span> <span class='ocrx_word' id='word_1_833' title='bbox 1763 3662 1968 3706; x_wconf 74' lang='lat' dir='ltr'>sedentem</span> <span class='ocrx_word' id='word_1_834' title='bbox 2003 3675 2125 3714; x_wconf 74' lang='lat' dir='ltr'>supet·</span> <span class='ocrx_word' id='word_1_835' title='bbox 2157 3659 2307 3703; x_wconf 79' lang='lat' dir='ltr'>solium</span> <span class='ocrx_word' id='word_1_836' title='bbox 2335 3658 2539 3700; x_wconf 72' lang='lat' dir='ltr'>excelsum</span> <span class='ocrx_word' id='word_1_837' title='bbox 2561 3664 2601 3699; x_wconf 71' lang='lat' dir='ltr'>et</span> 
     </span>
     <span class='ocr_line' id='line_1_110' title="bbox 1359 3731 2602 3793; baseline -0.008 -12"><span class='ocrx_word' id='word_1_838' title='bbox 1359 3737 1563 3781; x_wconf 73' lang='lat' dir='ltr'>elevatum</span> <span class='ocrx_word' id='word_1_839' title='bbox 1597 3736 1702 3793; x_wconf 76' lang='lat' dir='ltr'>(isa.</span> <span class='ocrx_word' id='word_1_840' title='bbox 1729 3748 1789 3786; x_wconf 78' lang='lat' dir='ltr'>vt,</span> <span class='ocrx_word' id='word_1_841' title='bbox 1815 3735 1873 3791; x_wconf 83' lang='lat' dir='ltr'>l).</span> <span class='ocrx_word' id='word_1_842' title='bbox 1920 3733 2126 3777; x_wconf 79' lang='lat' dir='ltr'>Moriatur</span> <span class='ocrx_word' id='word_1_843' title='bbox 2166 3733 2208 3775; x_wconf 89' lang='lat' dir='ltr'>in</span> <span class='ocrx_word' id='word_1_844' title='bbox 2242 3737 2284 3774; x_wconf 85' lang='lat' dir='ltr'>te</span> <span class='ocrx_word' id='word_1_845' title='bbox 2327 3731 2602 3786; x_wconf 81' lang='lat' dir='ltr'>praesumptio</span> 
     </span>
     <span class='ocr_line' id='line_1_111' title="bbox 1357 3797 2599 3866; baseline -0.007 -12"><span class='ocrx_word' id='word_1_846' title='bbox 1357 3797 1591 3866; x_wconf 69' lang='lat' dir='ltr'>superbiae,</span> <span class='ocrx_word' id='word_1_847' title='bbox 1624 3810 1835 3852; x_wconf 83' lang='lat' dir='ltr'>moriatur</span> <span class='ocrx_word' id='word_1_848' title='bbox 1850 3814 1892 3851; x_wconf 91' lang='lat' dir='ltr'>ct</span> <span class='ocrx_word' id='word_1_849' title='bbox 1912 3808 2029 3863; x_wconf 82' lang='lat' dir='ltr'>lepra</span> <span class='ocrx_word' id='word_1_850' title='bbox 2052 3807 2248 3856; x_wconf 79' lang='lat' dir='ltr'>luxuriae,</span> <span class='ocrx_word' id='word_1_851' title='bbox 2266 3810 2307 3847; x_wconf 78' lang='lat' dir='ltr'>ct</span> <span class='ocrx_word' id='word_1_852' title='bbox 2320 3808 2386 3847; x_wconf 86' lang='lat' dir='ltr'>est</span> <span class='ocrx_word' id='word_1_853' title='bbox 2403 3809 2599 3846; x_wconf 85' lang='lat' dir='ltr'>mortuus</span> 
     </span>
     <span class='ocr_line' id='line_1_112' title="bbox 1359 3875 2598 3940; baseline -0.009 -13"><span class='ocrx_word' id='word_1_854' title='bbox 1359 3889 1727 3940; x_wconf 65' lang='lat' dir='ltr'>praesumptuosus</span> <span class='ocrx_word' id='word_1_855' title='bbox 1779 3894 1870 3932; x_wconf 80' lang='lat' dir='ltr'>rex,</span> <span class='ocrx_word' id='word_1_856' title='bbox 1896 3887 1938 3922; x_wconf 90' lang='lat' dir='ltr'>ct</span> <span class='ocrx_word' id='word_1_857' title='bbox 1991 3880 2204 3934; x_wconf 80' lang='lat' dir='ltr'>leprosus.</span> <span class='ocrx_word' id='word_1_858' title='bbox 2246 3875 2367 3919; x_wconf 82' lang='lat' dir='ltr'>Tunc</span> <span class='ocrx_word' id='word_1_859' title='bbox 2410 3875 2598 3917; x_wconf 82' lang='lat' dir='ltr'>mundus</span> 
     </span>
     <span class='ocr_line' id='line_1_113' title="bbox 1356 3947 2598 4005; baseline -0.01 -5"><span class='ocrx_word' id='word_1_860' title='bbox 1356 3970 1488 4001; x_wconf 86' lang='lat' dir='ltr'>carne</span> <span class='ocrx_word' id='word_1_861' title='bbox 1513 3962 1554 3999; x_wconf 84' lang='lat' dir='ltr'>et</span> <span class='ocrx_word' id='word_1_862' title='bbox 1571 3955 1766 4005; x_wconf 75' lang='lat' dir='ltr'>humilis,</span> <span class='ocrx_word' id='word_1_863' title='bbox 1783 3955 1827 3996; x_wconf 87' lang='lat' dir='ltr'>in</span> <span class='ocrx_word' id='word_1_864' title='bbox 1850 3957 1992 3995; x_wconf 78' lang='lat' dir='ltr'>ruente</span> <span class='ocrx_word' id='word_1_865' title='bbox 2008 3949 2164 3993; x_wconf 86' lang='lat' dir='ltr'>intueri</span> <span class='ocrx_word' id='word_1_866' title='bbox 2187 3947 2419 3991; x_wconf 85' lang='lat' dir='ltr'>mereberis</span> <span class='ocrx_word' id='word_1_867' title='bbox 2453 3947 2598 3989; x_wconf 62' lang='lat' dir='ltr'>Domi=</span> 
     </span>
     <span class='ocr_line' id='line_1_114' title="bbox 1355 4019 2599 4085; baseline -0.011 -11"><span class='ocrx_word' id='word_1_868' title='bbox 1355 4043 1462 4075; x_wconf 82' lang='lat' dir='ltr'>num</span> <span class='ocrx_word' id='word_1_869' title='bbox 1490 4034 1741 4085; x_wconf 80' lang='lat' dir='ltr'>praesentem</span> <span class='ocrx_word' id='word_1_870' title='bbox 1766 4023 2054 4079; x_wconf 64' lang='lat' dir='ltr'>intelligentiae</span> <span class='ocrx_word' id='word_1_871' title='bbox 2076 4028 2285 4065; x_wconf 67' lang='lat' dir='ltr'>creaturze</span> <span class='ocrx_word' id='word_1_872' title='bbox 2303 4019 2527 4062; x_wconf 84' lang='lat' dir='ltr'>rationalis</span> <span class='ocrx_word' id='word_1_873' title='bbox 2554 4023 2599 4061; x_wconf 87' lang='lat' dir='ltr'>et</span> 
     </span>
     <span class='ocr_line' id='line_1_115' title="bbox 1357 4089 2597 4158; baseline -0.012 -13"><span class='ocrx_word' id='word_1_874' title='bbox 1357 4102 1598 4158; x_wconf 82' lang='lat' dir='ltr'>angelicaea</span> <span class='ocrx_word' id='word_1_875' title='bbox 1621 4112 1724 4143; x_wconf 88' lang='lat' dir='ltr'>casu</span> <span class='ocrx_word' id='word_1_876' title='bbox 1749 4098 1994 4144; x_wconf 75' lang='lat' dir='ltr'>custoditae,</span> <span class='ocrx_word' id='word_1_877' title='bbox 2021 4102 2062 4139; x_wconf 90' lang='lat' dir='ltr'>et</span> <span class='ocrx_word' id='word_1_878' title='bbox 2099 4095 2294 4137; x_wconf 80' lang='lat' dir='ltr'>humanae</span> <span class='ocrx_word' id='word_1_879' title='bbox 2321 4105 2396 4148; x_wconf 86' lang='lat' dir='ltr'>per</span> <span class='ocrx_word' id='word_1_880' title='bbox 2427 4089 2597 4134; x_wconf 82' lang='lat' dir='ltr'>miseri-</span> 
     </span>
     <span class='ocr_line' id='line_1_116' title="bbox 1356 4161 2595 4226; baseline -0.011 -9"><span class='ocrx_word' id='word_1_881' title='bbox 1356 4174 1552 4217; x_wconf 85' lang='lat' dir='ltr'>cordiam</span> <span class='ocrx_word' id='word_1_882' title='bbox 1576 4169 1879 4226; x_wconf 79' lang='lat' dir='ltr'>Redemptoris</span> <span class='ocrx_word' id='word_1_883' title='bbox 1902 4181 1926 4211; x_wconf 88' lang='lat' dir='ltr'>a</span> <span class='ocrx_word' id='word_1_884' title='bbox 1949 4168 2072 4222; x_wconf 86' lang='lat' dir='ltr'>lapsu</span> <span class='ocrx_word' id='word_1_885' title='bbox 2091 4173 2255 4210; x_wconf 80' lang='lat' dir='ltr'>crectae.</span> <span class='ocrx_word' id='word_1_886' title='bbox 2284 4163 2417 4219; x_wconf 78' lang='lat' dir='ltr'>igitur</span> <span class='ocrx_word' id='word_1_887' title='bbox 2451 4173 2529 4204; x_wconf 86' lang='lat' dir='ltr'>nec</span> <span class='ocrx_word' id='word_1_888' title='bbox 2549 4161 2595 4203; x_wconf 86' lang='lat' dir='ltr'>in</span> 
     </span>
     <span class='ocr_line' id='line_1_117' title="bbox 1355 4232 2594 4292; baseline -0.012 -3"><span class='ocrx_word' id='word_1_889' title='bbox 1355 4253 1470 4291; x_wconf 84' lang='lat' dir='ltr'>terra</span> <span class='ocrx_word' id='word_1_890' title='bbox 1508 4259 1585 4290; x_wconf 88' lang='lat' dir='ltr'>sua</span> <span class='ocrx_word' id='word_1_891' title='bbox 1609 4245 1770 4288; x_wconf 84' lang='lat' dir='ltr'>scalam</span> <span class='ocrx_word' id='word_1_892' title='bbox 1796 4242 1899 4286; x_wconf 85' lang='lat' dir='ltr'>vidit</span> <span class='ocrx_word' id='word_1_893' title='bbox 1919 4240 2067 4290; x_wconf 82' lang='lat' dir='ltr'>Jacob,</span> <span class='ocrx_word' id='word_1_894' title='bbox 2098 4239 2237 4283; x_wconf 87' lang='lat' dir='ltr'>necin</span> <span class='ocrx_word' id='word_1_895' title='bbox 2269 4236 2453 4292; x_wconf 64' lang='lat' dir='ltr'>AEgypto</span> <span class='ocrx_word' id='word_1_896' title='bbox 2477 4232 2594 4287; x_wconf 80' lang='lat' dir='ltr'>Moy-</span> 
     </span>
     <span class='ocr_line' id='line_1_118' title="bbox 1360 4307 2593 4375; baseline -0.015 -11"><span class='ocrx_word' id='word_1_897' title='bbox 1360 4320 1590 4375; x_wconf 82' lang='lat' dir='ltr'>sesignem</span> <span class='ocrx_word' id='word_1_898' title='bbox 1617 4319 1658 4360; x_wconf 90' lang='lat' dir='ltr'>in</span> <span class='ocrx_word' id='word_1_899' title='bbox 1685 4316 1794 4359; x_wconf 79' lang='lat' dir='ltr'>rubo</span> <span class='ocrx_word' id='word_1_900' title='bbox 1833 4315 2072 4365; x_wconf 88' lang='lat' dir='ltr'>ardentem,</span> <span class='ocrx_word' id='word_1_901' title='bbox 2100 4312 2175 4355; x_wconf 89' lang='lat' dir='ltr'>sed</span> <span class='ocrx_word' id='word_1_902' title='bbox 2213 4323 2298 4354; x_wconf 90' lang='lat' dir='ltr'>non</span> <span class='ocrx_word' id='word_1_903' title='bbox 2340 4307 2593 4350; x_wconf 84' lang='lat' dir='ltr'>comburen-</span> 
     </span>
     <span class='ocr_line' id='line_1_119' title="bbox 1358 4378 2590 4445; baseline -0.014 -10"><span class='ocrx_word' id='word_1_904' title='bbox 1358 4397 1470 4445; x_wconf 79' lang='lat' dir='ltr'>tem3</span> <span class='ocrx_word' id='word_1_905' title='bbox 1497 4404 1574 4435; x_wconf 84' lang='lat' dir='ltr'>nec</span> <span class='ocrx_word' id='word_1_906' title='bbox 1592 4389 1724 4434; x_wconf 81' lang='lat' dir='ltr'>lsai-as</span> <span class='ocrx_word' id='word_1_907' title='bbox 1747 4388 1974 4432; x_wconf 78' lang='lat' dir='ltr'>Dominum</span> <span class='ocrx_word' id='word_1_908' title='bbox 2021 4385 2239 4429; x_wconf 84' lang='lat' dir='ltr'>sedentem</span> <span class='ocrx_word' id='word_1_909' title='bbox 2262 4393 2390 4437; x_wconf 71' lang='lat' dir='ltr'>snper</span> <span class='ocrx_word' id='word_1_910' title='bbox 2432 4378 2590 4423; x_wconf 81' lang='lat' dir='ltr'>solium</span> 
     </span>
    </p>
   </div>
  </div>
 </body>
</html>
