2924 4588
94 184 266 227 vitatem
290 183 334 225 in
351 183 545 238 pluribus
565 182 772 238 proditur.
791 186 896 228 -5.
929 184 1073 230 Altera
1095 187 1278 242 petenda

94 237 208 280 ratio
225 249 250 280 a
269 239 446 293 palliato
467 237 745 294 perfectionis
767 238 1006 285 desiderio:
1039 243 1154 297 quod
1177 243 1277 299 pbi-

24 326 26 332 .
93 291 225 335 lautia
240 299 283 336 et
304 288 577 338 turbulentus
601 295 770 338 animus
791 297 1033 351 praetendit.
1049 321 1104 328 —
1119 297 1161 342 6.
1194 295 1277 343 Po-

15 356 19 367 ‘
92 353 253 391 stremo
287 348 562 393 dissuadetur
580 350 792 394 transitus
814 350 871 394 ob
898 352 1149 396 scandalum
1173 366 1278 397 con·

23 413 25 419 ·
90 402 319 455 sodalium,
344 405 413 449 vel
445 403 650 448 damnum
692 417 717 448 a
753 411 798 449 te
827 407 1038 462 prudente
1057 408 1125 452 vel
1159 407 1277 452 fatuo

90 460 317 504 oriturum.
354 482 412 495 -·-
437 459 478 507 7,
512 458 696 507 Salubre
737 462 994 512 consilium,
1028 463 1066 507 si
1103 465 1275 519 quando

6 516 9 525 ”
67 512 252 569 ‚pi-:elati
272 515 337 560 vel
366 515 737 560 contubernalium
769 529 913 562 mores
933 516 1160 563 videantur
1179 532 1277 566 esse

30 589 31 595 ι
89 569 317 621 contrarii,
337 578 412 614 aut
442 571 727 616 observantiae
743 572 910 616 vivendi
937 573 1124 618 inutiles.
1143 599 1200 606 ——-
1229 576 1272 622 8.

90 622 205 669 inter
222 637 378 672 causas
399 627 541 670 licitas
557 626 807 671 discedendi
831 629 886 672 ad
909 629 1042 672 alium
1058 631 1272 681 ordinem,

90 681 228 738 prima
249 689 316 727 cst
342 683 395 727 ad
419 687 642 738 peecatum
666 683 786 737 inviti
810 685 1042 739 pertractio
1058 717 1069 735 ,
1098 687 1166 731 rel
1186 688 1275 730 voti

88 736 286 781 solvendi
319 749 506 782 remora.
525 763 580 771 --
605 738 646 781 9.
682 737 881 786 Secunda
912 746 978 783 est
1005 741 1277 796 implacabile

89 791 235 835 odium
274 793 610 838 cohabitantium
626 825 636 843 ,
679 796 874 850 exemplo
912 802 1179 840 sanctorum.
1219 821 1275 830 --

88 848 155 893 to.
177 846 319 892 Tertia
341 855 407 892 est
436 850 489 892 ad
511 848 736 903 cujusdam
761 848 964 895 Ecclesiae
987 852 1177 907 regimen
1199 865 1274 895 ca-

26 935 29 938 .
87 905 243 948 nonica
268 906 421 949 electio
439 938 450 954 ,
473 910 547 948 aut
570 906 824 960 assumptio.
848 931 902 938 -—
923 908 991 951 Η.
1024 908 1185 960 Quarta
1207 915 1274 952 est

87 959 355 1017 perfectioris
373 967 416 1004 et
440 961 655 1017 rigidioris
681 963 778 1004 vitae
796 961 1055 1007 desiderium
1077 980 1086 1007 :
1113 964 1184 1006 ubi
1208 969 1270 1006 ta·

87 1028 186 1060 men
211 1018 339 1060 animi
358 1017 426 1061 sui
450 1017 782 1061 iruronstantimn
811 1024 1057 1074 suspectam
1091 1020 1273 1075 quisque

87 1070 265 1122 habeat,
287 1084 382 1115 cum
423 1073 637 1118 desiderio
670 1073 822 1117 salutis
857 1076 1040 1130 propriae
1074 1080 1117 1118 et
1153 1076 1271 1131 pacis

86 1127 301 1172 fraternae.
331 1152 386 1161 —-—
417 1129 486 1172 12.
518 1128 893 1183 Anaeephalaeosis
938 1142 1035 1174 cum
1080 1142 1272 1187 parenae-

87 1184 188 1228 tica.

86 1289 116 1333 l.
138 1289 294 1346 Reges,
315 1290 470 1336 fratres
490 1292 754 1343 charissimi,
776 1299 820 1337 et
835 1293 1052 1350 principes
1070 1301 1269 1351 possunt,

42 1366 73 1405 t
94 1362 250 1406 debent
269 1364 431 1415 vecari,
458 1364 531 1419 qui
548 1365 845 1408 universitatis
881 1365 1049 1408 auctori
1069 1365 1158 1410 Deo
1178 1378 1272 1411 om-

0 1437 10 1468 li
60 1435 240 1492 ipotenti
278 1435 526 1481 medullitus
568 1437 744 1481 student
775 1435 991 1482 famulari.
1016 1436 1079 1482 llli
1113 1440 1273 1495 quippe

0 1504 9 1591 ς
42 1513 179 1551 erote
203 1507 378 1559 servire,
404 1507 646 1552 sublimiter
666 1518 847 1564 regnare
868 1507 1115 1564 est;ipsum
1139 1519 1272 1566 agno-

5 1594 9 1628 }
39 1596 43 1613 1
68 1589 165 1636 gre,
188 1578 328 1622 vivere
351 1576 443 1632 est}
472 1577 620 1635 illique
643 1577 878 1629 adbarrere,
903 1590 1070 1622 summa
1089 1579 1271 1625 felicitas

4 1686 6 1690 ,
43 1655 110 1694 st.
137 1649 208 1695 Sic
231 1658 480 1708 regnantem
504 1664 590 1695 non
609 1651 729 1695 inssat
753 1657 919 1705 tumen
954 1652 1018 1701 sic
1039 1665 1273 1710 agnoscen-

4 1736 8 1750 =
59 1730 116 1768 'm
153 1737 239 1768 non
269 1726 473 1769 obscurat
498 1738 646 1780 error;
675 1727 740 1771 sic
779 1728 1066 1776 adhaerentem
1094 1731 1271 1775 satietas

43 1809 114 1841 on
140 1797 328 1852 divellit,
352 1811 430 1843 nec
460 1799 658 1844 dissolvit
693 1805 831 1856 tepor.
854 1800 906 1845 Et
937 1809 1055 1847 certe
1075 1801 1270 1847 videmus

45 1878 316 1924 ncessanter,
341 1878 503 1929 quanta
525 1873 745 1930 diligentia
768 1875 967 1921 homines
991 1875 1240 1921 hominibus
1255 1909 1267 1929 ‚

15 1955 17 1964 ⁴
44 1955 236 2001 uperes
258 1944 462 2000 divitibus
487 1945 706 1999 serviunt;
723 1953 1017 2002 quantumque
1040 1946 1121 1998 eis,
1139 1947 1183 1990 in
1200 1958 1271 1991 as·

39 2017 165 2061 iduis
202 2016 450 2073 obsequiis,
477 2016 648 2073 placere
679 2018 957 2062 contendunt.
983 2017 1077 2063 Non
1115 2018 1271 2075 agonia

15 2123 16 2129 ,
64 2089 187 2141 rdis‚
207 2101 294 2134 non
308 2089 430 2134 labor
447 2090 656 2146 corporis,
670 2103 756 2134 non
774 2090 969 2147 fatigatio
986 2088 1169 2143 itineris,
1183 2103 1270 2134 non

51 2165 237 2220 ‘peritas
267 2163 459 2221 frigoris,
498 2176 586 2207 non
621 2162 737 2208 ustio
769 2152 945 2216 caloris,
986 2174 1075 2213 non
1106 2164 1270 2208 doloris

29 2319 114 2354 on
135 2315 260 2354 terrae
293 2309 532 2367 periculum
565 2315 608 2354 et
643 2309 807 2355 maris:
843 2321 931 2355 nou
969 2310 1269 2367 ipse'denique

29 2393 335 2439 onnunqnam
352 2390 492 2427 metus
507 2394 727 2440 corporeae
737 2383 891 2429 mortis
907 2382 1069 2428 inferre
1082 2384 1196 2428 valet
1206 2385 1269 2428 eis

56 2478 60 2493 .
87 2455 392 2512 pedimentum,
419 2455 525 2512 quin
547 2461 683 2500 totum
710 2469 758 2502 se
781 2457 1032 2513 impendant
1064 2456 1110 2501 in
1144 2458 1271 2502 obse-

26 2529 176 2586 quium
200 2529 474 2574 dominorum
498 2540 694 2575 suorum.
715 2529 768 2573 Et
790 2531 835 2574 in
849 2529 917 2576 his
934 2531 1135 2576 omnibus
1147 2531 1269 2576 multi

42 2620 59 2641 ιι
73 2601 247 2647 ultoties
263 2602 483 2658 ignorant,
505 2613 655 2660 quam,
679 2600 810 2659 258
827 2603 1015 2659 qualem,
1038 2608 1270 2659 quantam-

29 2687 97 2727 ve,
119 2680 162 2721 et
184 2675 372 2732 qnando,
393 2685 471 2736 pro
488 2680 608 2719 tanta
633 2675 875 2727 devotione,
905 2671 1142 2733 percipient
1165 2690 1273 2720 mer—-

29 2745 190 2792 cedem.
220 2745 458 2800 Quamnam
500 2759 634 2799 vero,
671 2751 713 2790 et
752 2747 950 2802 qualem,
985 2753 1191 2803 quantam
1228 2754 1270 2792 et

29 2820 370 2876 quandocunque
406 2832 500 2864 eam
531 2820 769 2876 percipient
789 2851 800 2870 ,
855 2820 937 2864 hoc
979 2820 1271 2866 indubitanter

30 2894 193 2946 sciunt,
208 2894 308 2950 quia
330 2893 580 2950 temporalis
604 2893 688 2937 erit
708 2899 750 2938 et
773 2895 1074 2952 temporaliter
1095 2897 1265 2941 collata.

5 2963 241 3053 Quantum
267 2971 409 3009 tamen
445 2975 524 3021 pro
548 2977 598 3008 ea
632 2965 856 3009 serviunt?
878 2963 1036 3022 Utique
1061 2972 1269 3023 quantum

7 3044 221 3094 possunt.
252 3036 452 3091 Quandlu
476 3037 639 3082 servire
668 3039 945 3097 proponunt?
975 3039 1103 3084 Certe
1130 3053 1270 3096 quan-

31 3106 99 3152 diu
126 3109 288 3152 vivunt.
303 3107 413 3152 Huic
432 3108 566 3165 igitur
586 3107 822 3169 devotioni,
836 3122 988 3165 quam,
1005 3117 1052 3155 ut
1074 3111 1269 3166 placeant

9 3177 207 3232 homini,
237 3180 511 3237 impendium
539 3182 649 3234 sola,
675 3187 721 3225 ut
744 3194 797 3226 ex
820 3183 888 3227 his
916 3183 1045 3226 datur
1070 3184 1266 3240 intelligi,

11 3276 13 3281 .
31 3255 72 3295 et
93 3264 210 3296 mors
234 3253 452 3307 imponere
473 3254 583 3297 solet
604 3253 854 3307 terminum,
879 3259 923 3298 et
940 3255 1268 3310 impossibilitas

33 3394 296 3440 dominorum
336 3402 511 3441 suorum
527 3430 538 3450 ,
564 3409 610 3440 se
649 3397 896 3453 impendere
917 3429 927 3449 ‚
951 3402 993 3441 et
1021 3403 1068 3442 ut
1091 3399 1155 3443 eis
1182 3400 1271 3454 pla-

33 3475 153 3512 ceant
174 3474 263 3512 tota
289 3475 430 3513 mente
441 3469 686 3513 desiderare
704 3501 717 3517 .
744 3475 788 3514 et
809 3470 852 3514 ln
870 3476 1051 3526 utroque
1067 3484 1203 3527 usque
1215 3473 1268 3516 ad

34 3545 208 3583 mortem
227 3553 515 3596 perseverare.
536 3540 587 3583 Et
611 3553 636 3584 o
656 3541 826 3586 devotio
851 3544 1025 3598 magna!
1051 3542 1158 3587 Nam
1176 3557 1271 3600 quae

35 3611 168 3666 maJOr
182 3614 250 3655 vel
271 3618 352 3663 est,
367 3613 434 3656 vel
455 3626 551 3657 esse
573 3618 730 3670 potest,
753 3625 883 3668 quam
901 3614 1149 3671 impendere
1173 3616 1270 3660 aliis

35 3683 235 3739 quidquid
262 3691 383 3738 sunt,
407 3691 448 3728 et
474 3685 662 3740 quandiu
688 3690 813 3737 sunt,
838 3690 882 3729 et
903 3686 984 3730 hac
1007 3687 1196 3731 maxime
1217 3687 1272 3733 de

36 3763 178 3806 causa,
201 3768 327 3811 qnam
346 3755 473 3800 modo
489 3757 850 3800 monstravimus?

4 3826 6 3833 '
90 3823 138 3871 lt.
172 3826 333 3884 Magnae
359 3829 490 3883 igitur
521 3828 668 3871 insunt
701 3828 922 3874 devotioni
946 3830 1071 3883 huic,
1090 3832 1267 3884 donum,

39 3899 228 3957 intentio,
256 3904 552 3959 propositum:
579 3905 668 3948 tria
699 3904 805 3949 liaec.
832 3904 885 3948 Et
910 3906 1070 3950 donum
1096 3909 1270 3964 quidem

3 3984 6 4037 g
38 3971 283 4027 perfectum,
312 3973 494 4018 intentio
512 3976 650 4026 bona,
679 3977 948 4031 propositum
970 3989 1265 4033 perseverans.

3 4041 198 4107 >”erues
234 4052 377 4091 tamen
405 4047 501 4102 eius
520 4055 564 4091 et
602 4048 646 4090 in
677 4056 869 4105 tempore
893 4049 1133 4103 confertur,
1158 4057 1200 4096 et
1226 4053 1270 4096 in

2 4102 6 4132 ²
39 4118 225 4172 tempore
248 4120 520 4166 terminatur.
555 4119 605 4161 Et
627 4132 835 4175 quorsum
858 4122 964 4165 ista?
987 4120 1044 4165 Ut
1087 4135 1270 4180 perpen-

39 4186 129 4237 das,
150 4190 205 4232 mi
230 4191 375 4243 frater,
400 4205 527 4248 quam
547 4194 703 4238 debeas
724 4207 819 4239 esse
841 4195 1022 4251 impiger
1056 4196 1139 4239 tria
1161 4198 1267 4251 haec,

39 4258 84 4302 in
105 4264 175 4304 tua
200 4273 300 4318 erga
326 4263 458 4307 Deum
489 4264 715 4310 devotione
735 4278 952 4317 exercere,
980 4278 1078 4308 cum
1105 4279 1270 4311 merces

2 4394 3 4397 Ἴ
39 4333 113 4374 tua
132 4334 454 4379 anema-futura
478 4336 560 4392 sit.
584 4335 690 4381 Nam
714 4338 868 4383 coliata
897 4337 941 4380 in
964 4337 1047 4383 line
1067 4369 1077 4390 ‚
1098 4338 1269 4383 durabit

66 35 123 81 ⁹7
796 37 864 80 DE
895 37 1098 83 otiblNE
1127 39 1196 82 ET
1230 39 1431 87 flAffl‘rtJ
1462 37 1712 88 canonic,
1743 39 1930 88 PRAEM.

0 119 1 138 ³
94 133 207 172 ctam
230 133 298 171 sui
323 126 460 184 ipsius
483 126 802 181 infirmitatem,
824 143 920 186 quae
947 130 1102 175 deinde
1117 144 1194 187 per
1218 133 1272 177 le·
1301 137 1340 183 A
1361 134 1455 178 sine
1493 134 1592 178 flue.
1633 129 1776 190 Ipsum
1817 136 1973 191 quippe
2009 134 2186 181 habebis
2219 137 2488 198 mercedem,
2529 141 2599 183 cui

30 2256 41 2268 ›=
66 2237 220 2280 xietas
241 2242 285 2281 et
308 2237 536 2291 moeroris;
562 2248 650 2281 non
678 2236 805 2282 famis
826 2237 1050 2282 cruciatus
1081 2243 1126 2282 et
1146 2237 1266 2288 sitis,
1290 2269 1326 2318 c

2521 47 2600 91 448

1355 204 1484 248 modo
1507 212 1834 262 perseveranter
1852 236 1864 257 ‚
1892 211 1933 249 et
1951 212 1990 249 te
2011 206 2151 256 ipsum
2179 213 2317 252 totum
2339 209 2532 265 largiris,
2557 215 2599 254 e't

1354 276 1526 331 placere
1551 275 1801 320 medullitus
1837 278 2124 332 concupiscis.
2156 278 2247 330 Qua
2275 278 2473 326 mercede
2494 282 2606 342 quid,

1355 345 1587 390 sublimius
1622 347 1718 390 est?
1753 345 1832 391 Hic
1869 351 1936 392 est
1968 347 2175 393 Dominus
2209 349 2323 395 Deus
2362 356 2478 404 tuus,
2522 353 2597 408 qui

1353 421 1544 477 seipsum
1569 422 1645 466 tibi
1669 421 1789 466 dabit
1824 423 1867 466 in
1906 425 2083 480 praemio
2104 457 2115 476 ,
2142 438 2219 481 pro
2250 439 2336 483 quo
2358 427 2529 473 laboras
2553 429 2597 472 in

1354 494 1511 539 merito
1547 494 1618 539 cui
1651 494 1761 538 nihil
1794 497 2011 552 exaequari
2052 503 2207 553 potest.
2247 498 2383 544 Habet
2411 513 2597 556 namque

1353 565 1467 610 bona
1501 573 1547 611 et
1567 566 1762 623 pulchra,
1790 570 1940 611 suavia
1974 573 2017 613 et
2049 570 2216 621 dulcia,
2251 583 2346 627 quae
2370 572 2599 629 par-iteret

1353 647 1484 696 supra
1507 647 1732 683 numerum
1756 639 1890 683 multa
1905 672 1917 693 ,
1942 646 1984 684 et
2009 653 2139 697 supra
2171 653 2417 686 mensuram
2440 655 2597 701 magna

1354 710 1458 753 sunt
1488 721 1498 753 :
1542 707 1653 753 nihil
1692 714 1835 753 tamen
1878 711 2020 766 seipso
2053 712 2221 763 melius,
2247 713 2314 756 vel
2349 714 2594 769 pulchrius;

1353 780 1549 832 suanus,
1575 781 1644 826 vel
1668 781 1855 826 dulcius.
1880 781 1932 825 Et
1955 783 2054 838 quia
2079 785 2163 826 hoo
2186 784 2316 829 nimis
2338 797 2490 841 parum
2510 791 2594 839 est,

1353 852 1462 897 nihil
1484 858 1572 896 tam
1588 853 1751 898 honum
1769 854 1836 898 vel
1863 855 2116 911 pulchrum;
2146 856 2253 898 nihil
2275 866 2360 900 tam
2386 868 2517 903 suave
2528 857 2598 903 ‘vel

1353 924 1493 970 dulce.
1513 924 1604 970 Hoc
1641 928 1790 984 utique
1812 927 1975 971 bonum
1996 969 2004 979 ,
2033 918 2244 972 bonorum
2269 929 2462 973 omnium
2485 931 2600 987 opti-

1353 1010 1470 1041 mum
1489 1011 1502 1042 t
1527 998 1610 1042 hoc
1631 999 1877 1056 pulchrum,
1897 1000 2088 1045 omnium
2108 1001 2383 1057 pulchrorum
2397 1003 2601 1059 pulcher-

1353 1072 1536 1116 rimum:
1564 1072 1646 1116 hoc
1670 1085 1817 1125 suave,
1843 1073 2034 1118 omnium
2047 1076 2245 1118 suavium
2258 1075 2562 1121 suavissimum
2584 1091 2595 1120 t

1353 1143 1437 1188 hoc
1462 1143 1588 1189 dulce
1622 1146 1814 1188 omnium
1858 1146 2050 1190 dulcium
2087 1145 2413 1192 dulcissimum:
2451 1153 2609 1205 utpote

1297 1209 1331 1253 Β
1353 1217 1468 1273 quod
1493 1230 1573 1262 sua
1610 1224 1676 1265 est
1699 1219 1836 1275 ipsius
1851 1219 2039 1270 bonitas,
2063 1225 2107 1265 et
2129 1219 2429 1277 pulchritudm
2458 1221 2600 1265 suari⁴

1353 1296 1437 1341 tas,
1464 1296 1508 1335 et
1537 1291 1736 1336 dulcedo.
1761 1291 1981 1348 Quidquid
2007 1291 2112 1337 illud
2134 1300 2215 1345 est,
2242 1292 2295 1337 ad
2323 1293 2436 1350 quod
2460 1293 2600 1351 suspi-

1353 1374 1516 1416 ramus,
1528 1362 1628 1416 hoc,
1641 1363 1833 1420 inquam,
1847 1364 2105 1410 excellenter
2119 1364 2298 1409 babebis
2316 1365 2358 1408 in
2376 1366 2597 1422 praemium

1354 1433 1587 1485 felicitatis,
1612 1437 1648 1480 si
1674 1437 1714 1480 ei
1749 1437 1935 1492 teipsum
1968 1435 2099 1481 modo
2138 1443 2272 1483 totum
2291 1436 2450 1492 dones,
2473 1428 2599 1495 eique

1354 1508 1452 1559 soli,
1477 1519 1566 1564 prae
1604 1508 1806 1554 omnibus
1837 1519 2106 1566 quaecunque
2139 1514 2263 1561 sunt,
2303 1510 2474 1566 placere
2500 1510 2601 1556 affe·

1352 1585 1460 1623 ctes.
1486 1578 1542 1622 At
1580 1591 1688 1636 opus
1726 1591 2015 1637 summopere,
2040 1586 2088 1623 ut
2110 1585 2186 1625 tuo
2217 1581 2319 1625 huic
2344 1588 2431 1625 tam
2463 1581 2594 1634 dono,

1351 1664 1479 1708 quam
1499 1652 1618 1709 operi
1642 1653 1963 1710 perseverantia
1980 1652 2121 1707 adsit,
2142 1666 2240 1710 quae
2262 1654 2355 1699 sola
2378 1655 2598 1700 aeternita-v

1351 1731 1437 1769 tem
1461 1732 1666 1778 meretur,
1689 1727 1783 1771 sine
1804 1738 1890 1784 qua
1915 1726 2136 1770 aeternitas
2158 1737 2248 1770 non
2281 1725 2518 1771 confertur.
2544 1725 2597 1770 Et

1352 1799 1441 1842 baec
1481 1800 1566 1843 tria
1591 1805 1720 1851 sunt,
1746 1812 1841 1856 quae
1863 1800 1908 1842 in
1929 1798 2202 1858 professione
2226 1805 2302 1858 tua
2339 1800 2593 1856 promisisti.

1353 1869 1504 1914 Utrum
1531 1877 1673 1915 autern
1706 1870 1796 1914 hacc
1834 1877 1927 1914 vota
1951 1877 2025 1914 cua
2061 1869 2246 1923 reddere,
2270 1883 2361 1926 quoe
2387 1870 2594 1914 distinxe-

1352 1951 1446 1985 runt
1471 1942 1585 1986 labia
1620 1951 1693 1986 tua
1716 1942 1856 2000 (Psal.
1887 1956 1987 1995 mxv,
2011 1943 2079 2001 14)
2098 1975 2109 1995 ,
2137 1944 2329 1997 studeas,
2350 1950 2396 1987 tu
2421 1945 2594 1989 videris.

1353 2015 1399 2059 Si
1423 2017 1538 2060 enim
1561 2016 1616 2060 de
1640 2015 1754 2060 dono
1778 2022 1853 2060 tuo
1876 2017 2029 2074 quaerit
2070 2017 2226 2074 aliquis
2245 2051 2257 2071 ,
2281 2029 2385 2063 ecce
2407 2018 2499 2062 haec
2525 2024 2598 2063 tua

1349 2091 1481 2133 verba
1506 2097 1608 2134 sunt
1630 2105 1639 2133 :
1666 2089 1754 2145 qu
1787 2091 1934 2146 frater.
1962 2089 2020 2135 N.
2045 2091 2239 2147 offerens,
2260 2090 2381 2134 trado
2395 2092 2598 2146 meipsum

1351 2161 1550 2206 Ecclesiae
1574 2163 1668 2206 Dei.
1696 2162 1742 2207 Si
1764 2175 1867 2207 vero
1883 2163 1938 2208 de
1959 2163 2214 2216 intentione,
2240 2164 2338 2208 ideo
2373 2165 2598 2208 teobtuli-

1351 2234 1406 2279 sti
1444 2241 1486 2279 et
1520 2235 1770 2289 tradidisti,
1805 2242 1852 2280 ut
1887 2235 1977 2280 Deo
1997 2236 2202 2293 placeas;
2238 2236 2309 2281 cui
2347 2236 2597 2283 nullatenus

1351 2307 1524 2363 placere
1546 2312 1669 2364 potes
1692 2341 1705 2361 ,
1739 2309 1827 2354 nisi
1849 2319 2021 2353 morum
2039 2317 2211 2354 tuorum
2233 2310 2507 2355 conversioni
2524 2310 2597 2355 in·

1351 2380 1521 2424 tendas.
1548 2379 1595 2424 Si
1617 2380 1804 2438 denique
1831 2380 1884 2427 de
1909 2382 2160 2439 proposito,
2185 2382 2329 2439 ipsum
2358 2389 2426 2428 est
2446 2389 2595 2440 perse·-

1349 2453 1569 2506 verantiae‚
1591 2454 1646 2499 de
1669 2467 1753 2511 qua
1779 2454 2056 2510 subjunctum
2080 2463 2175 2500 est:
2199 2462 2237 2498 ee
2260 2452 2530 2500 stabilitatem
2551 2457 2598 2500 in

1351 2525 1457 2570 leco.
1485 2524 1690 2583 Teipsum
1713 2526 1847 2583 igitur
1863 2526 2076 2578 obtulisti,
2100 2530 2146 2570 et
2171 2526 2402 2578 tradidisti,
2418 2539 2599 2572 eonver-

1351 2598 1516 2644 sionem
1540 2610 1710 2644 morum
1737 2606 1912 2643 tuorum
1938 2599 2204 2657 promisisti:
2225 2600 2322 2643 vide
2339 2602 2444 2643 utin
2464 2600 2594 2653 dono,

1350 2678 1391 2716 et
1415 2671 1631 2728 promisso
1653 2678 1729 2716 tuo
1752 2671 1891 2717 {idelis
1913 2672 1991 2724 sis,
2018 2683 2074 2716 ne
2097 2672 2164 2715 vel
2191 2672 2304 2726 quod
2331 2672 2504 2725 dedisti,
2525 2683 2599 2716 au-

1351 2745 1464 2789 ferre
1497 2756 1763 2803 praesumas;
1787 2745 1856 2789 vel
1891 2745 2007 2801 quod
2040 2745 2295 2802 promisisti,
2318 2746 2496 2790 reddere
2519 2759 2596 2790 ne·-

1350 2818 1499 2873 gligas.
1517 2815 1687 2861 Idcirco
1711 2818 1854 2862 oblato
1877 2823 1920 2862 et
1943 2818 2104 2862 tradito
2130 2819 2295 2874 teipso,
2319 2819 2530 2874 promissa
2551 2825 2597 2862 et

1350 2892 1634 2936 conversione
1649 2902 1818 2935 morum
1841 2895 2040 2942 tuorum,
2068 2890 2296 2935 confestim
2316 2897 2358 2934 et
2382 2891 2595 2935 stabilita-

1350 2969 1434 3007 tem
1465 2964 1510 3007 in
1532 2964 1629 3007 loco
1650 2963 1918 3021 promisisti:
1944 2968 2158 3020 quatenus
2183 2969 2415 3019 utrumque
2438 2972 2595 3020 propo·

1350 3037 1421 3081 siti
1444 3034 1934 3093 perseverantiatlrmet,
1973 3044 2015 3081 et
2047 3035 2209 3080 donum
2232 3036 2430 3079 videlicet
2453 3034 2593 3091 perse·

1350 3115 1484 3163 ctum,
1503 3116 1546 3155 et
1563 3110 1843 3154 intentionem
1860 3109 2039 3156 bonam.

1405 3179 1475 3226 111.
1507 3179 1681 3225 Mittens
1713 3184 1892 3226 sanctus
1922 3179 2002 3225 lot
2023 3211 2036 3232 ,
2063 3180 2300 3235 sanctificat
2327 3180 2437 3236 {ilios
2461 3193 2558 3224 suos
2575 3209 2590 3233 0

1350 3266 1677 3311 consumensque
1696 3252 2030 3310 ‹tiliacum-offert
2053 3251 2298 3295 holocausta
2319 3266 2390 3307 per
2405 3254 2591 3309 singulos

35 3321 192 3367 inferre
214 3324 442 3368 desectum.
469 3324 676 3369 Videmus
695 3327 840 3382 itaque
858 3338 948 3378 eos,
975 3327 1020 3370 in
1045 3327 1264 3384 obsequiis
1292 3332 1327 3376 1)
1351 3325 1447 3383 (Job
1495 3339 1526 3377 1,
1569 3325 1630 3383 5).
1670 3325 1754 3370 Sed
1787 3325 1990 3378 attende,
2011 3325 2125 3381 quod
2157 3326 2221 3370 sic
2252 3325 2413 3369 dicitur
2449 3324 2592 3369 facere

1351 3401 1508 3442 cunctis
1532 3399 1673 3448 diebus
1699 3396 1855 3456 (ibim.
1880 3397 1988 3442 Vide
2012 3398 2050 3443 si
2082 3409 2169 3441 non
2200 3396 2361 3440 oblatio
2386 3397 2592 3440 holocau-

1351 3470 1406 3514 sti
1440 3470 1502 3514 tui
1530 3470 1669 3525 ipsius
1706 3469 1884 3513 traditio
1919 3469 2006 3523 sit3
2046 3468 2232 3512 filiorum
2273 3467 2587 3520 sanctificatio,

1349 3554 1519 3586 morum
1559 3549 1729 3585 tuorum
1767 3541 2023 3585 conversio:
2058 3541 2159 3596 quia
2192 3539 2308 3595 quod
2337 3539 2400 3582 sie
2430 3539 2590 3582 dicitur

1350 3615 1520 3659 cunctis
1556 3614 1708 3659 diebus
1742 3613 1851 3666 fieri,
1879 3613 1933 3656 ad
1962 3613 2239 3656 stabilitatem
2275 3612 2477 3654 nimirum
2500 3622 2589 3658 non

1350 3687 1572 3731 dubitatur
1588 3697 1716 3742 pesae
1738 3696 1826 3731 non
1847 3686 2197 3729 inconvenienter
2221 3683 2388 3728 referri.
2415 3683 2496 3727 Sed
2522 3684 2588 3727 di-

1350 3760 1464 3804 centi
1480 3759 1570 3802 haec
1584 3758 1814 3814 respondet
1831 3757 2028 3802 fortassis
2049 3757 2153 3800 mihi
2177 3756 2434 3811 cogitatione
2456 3758 2589 3798 tacita

1317 3834 1506 3888 ..aliquis
1532 3842 1748 3875 vestrum:
1776 3829 1876 3874 Scio
1897 3832 2013 3873 ennii
2030 3831 2144 3874 bono
2169 3828 2286 3885 operi
2308 3840 2585 3879 perseverari-⁵

1350 3905 1454 3947 tiam
1470 3903 1759 3946 necessariam
1774 3913 1887 3947 esse.
1903 3907 1951 3944 *ut
1967 3902 2142 3958 dignum
2165 3908 2322 3944 aeterna
2335 3900 2469 3957 possit
2490 3912 2585 3943 esse

1349 3976 1560 4021 mercede.
1585 3975 1786 4018 Attamen
1815 3975 1870 4017 de
1907 3974 2140 4018 stabilitate
2163 3972 2244 4016 liae
2277 3983 2363 4015 non
2391 3978 2492 4027 puto
2514 3971 2585 4014 hic

1349 4049 1610 4092 mentionem
1637 4046 1753 4098 lieri,
1779 4041 1852 4090 sed
1877 4046 1929 4090 de
1954 4044 2188 4091 stabilitate
2208 4043 2307 4087 loci.
2334 4042 2439 4085 Nam
2462 4043 2521 4085 ita
2538 4055 2584 4085 se

1350 4121 1475 4163 habet
1502 4120 1593 4174 ipse
1622 4118 1728 4161 ordo
1763 4118 1991 4162 verborum
2014 4132 2025 4159 :
2052 4115 2258 4158 Promitte
2282 4116 2584 4157 conversionem

1351 4205 1513 4234 morum
1533 4202 1733 4241 nieorum,
1769 4196 1808 4232 et
1831 4189 2101 4231 stabilit-atem
2124 4188 2167 4230 in
2186 4186 2290 4230 loco.
2334 4187 2384 4227 Et
2408 4198 2504 4228 cnm
2524 4185 2583 4232 ita

1350 4266 1422 4316 sit,
1443 4264 1527 4315 dic,
1552 4275 1699 4319 quaeso
1717 4273 1776 4313 te,
1801 4267 1838 4307 si
1860 4268 1976 4305 tanta
1994 4262 2097 4304 mihi
2115 4261 2294 4303 tenenda
2311 4266 2375 4303 est
2400 4259 2581 4315 diligen-

1348 4338 1407 4380 tia
1418 4337 1629 4381 stabilitas
1637 4337 1682 4381 in
1694 4337 1806 4389 loco,
1826 4340 1988 4391 quanta·
1996 4334 2095 4379 etin
2105 4345 2233 4390 opere
2244 4332 2381 4375 bono?
2391 4331 2468 4376 Cui
2482 4342 2576 4388 egr,
