2924 4588
287 145 395 205 msa
582 156 610 191 ⁸

1313 160 1472 206 wrm
1502 159 1849 208 consssroms

284 252 463 295 missam
494 253 547 297 de
566 252 742 307 Angelis
763 243 939 297 emutare
964 258 1303 307 consueverunt,
1326 253 1451 310 quasi
1477 253 1520 296 in
1544 254 1582 302 A
1605 260 1744 306 rente,
1766 252 1870 307 quia
1895 251 2185 296 sementinum
2199 249 2376 305 dicitur,
2396 250 2520 308 quasi
2535 241 2681 297 semen
2697 229 2851 322 ιειιειιε

283 321 454 366 landem
485 325 692 368 stantium
731 316 1006 380 angelorum
1026 323 1111 369 Sed
1150 326 1327 369 tradunt
1362 323 1520 377 sanen,

281 394 383 450 quia
401 394 443 438 in
469 381 642 450 signuffl
670 395 831 439 factum
859 403 927 440 εει
955 397 1056 450 hoc,
1076 397 1177 452 quia
1197 396 1393 440 binarius
1417 394 1525 440 insa

280 466 364 510 mis
384 479 592 512 numerus
614 476 678 514 est
701 468 745 512 in
769 469 1004 527 theologia,
1028 470 1128 526 quia
1149 469 1315 525 primus
1343 469 1398 512 ab
1424 470 1522 512 uni·

281 545 366 582 tate
396 539 570 584 recedit.
604 539 717 585 Deus
750 548 894 586 autem
927 542 1069 586 unitas
1091 548 1171 596 est,
1197 549 1238 586 et
1265 542 1519 595 sectionem,

278 618 321 655 et
343 611 602 656 discordiam
640 613 878 658 detestatur
895 612 1044 672 (Pron.
1066 615 1144 671 w).
1182 615 1419 660 Possumus
1453 622 1520 659 ta-

280 696 379 729 men
398 685 544 731 dicere
561 687 662 744 quia
696 699 806 744 opus
833 690 971 734 tertiae
1004 688 1088 734 diei
1126 690 1250 745 quasi
1285 690 1427 734 adhuc
1455 694 1521 734 εει

278 756 332 802 de
366 769 496 815 opere
524 760 724 805 secundae
752 761 866 815 diei3
898 759 1014 818 qnod
1048 770 1146 817 post
1183 762 1362 819 patebit.
1398 759 1519 807 Unde

277 842 363 875 non
385 834 730 887 commendatur,
752 834 836 879 nisi
857 835 902 879 in
926 834 1051 879 tertia
1077 835 1161 890 die,
1185 837 1311 893 quasi
1334 840 1432 893 post
1450 837 1517 881 sui

278 908 718 952 consummationem.

363 976 533 1021 Additio
548 977 587 1021 Ι.
605 978 768 1023 Dicitur
788 977 1007 1032 Satanael,
1021 981 1094 1038 qui
1120 987 1162 1025 et
1185 979 1372 1027 Lucifer.
1394 981 1516 1036 Quod

276 1048 318 1092 in
350 1048 440 1094 Vita
466 1051 580 1095 beati
603 1051 837 1098 Clementis
861 1054 1094 1108 invenitur,
1118 1064 1161 1098 et
1191 1054 1301 1100 sorte
1331 1068 1430 1100 cum
1459 1056 1518 1102 sit

279 1121 377 1167 aliis
400 1124 650 1181 angelorum
684 1126 949 1180 nominibus,
975 1126 1017 1170 id
1038 1134 1105 1172 est
1124 1126 1333 1186 naphaei,
1356 1128 1514 1175 simile.

276 1195 348 1240 Sic
371 1197 513 1244 dictus
537 1206 604 1244 est
627 1206 726 1245 ante
756 1201 943 1256 lapsum,
969 1201 1035 1245 vel
1059 1199 1170 1246 sorte
1195 1208 1294 1258 post
1326 1202 1515 1260 lapsum,

275 1268 405 1316 Satan
429 1272 553 1329 quasi
574 1274 856 1329 advenerim,
882 1263 948 1327 Ei,
966 1275 1011 1320 id
1027 1283 1095 1320 cst
1116 1275 1222 1320 Deo.

541 1347 644 1391 Cir.
668 1347 722 1392 V.
749 1347 810 1392 De
834 1357 954 1404 opere
977 1348 1113 1393 ter-lim
1135 1350 1236 1394 diei.

330 1419 475 1465 Tertia
512 1421 581 1465 dic
627 1431 763 1479 aquas
802 1424 884 1468 sul)
929 1422 1204 1469 firmamento
1239 1424 1517 1487 congregat-it

274 1493 389 1541 Deus
424 1495 468 1538 in
493 1508 620 1538 unum
654 1485 790 1540 locum
822 1495 942 1554 (Gen.
969 1497 1021 1551 ι).
1044 1496 1149 1551 Quae
1171 1495 1271 1544 licet
1290 1499 1414 1557 plura
1438 1499 1518 1545 ob-

272 1567 438 1612 tineant
461 1567 570 1621 loca,
597 1574 756 1622 tamen,
782 1570 883 1625 quia
918 1577 1069 1615 omnes
1086 1572 1365 1616 continentur
1391 1572 1436 1617 in
1451 1573 1518 1618 vi-

271 1642 466 1687 sceribus
509 1649 634 1687 terrae
675 1644 716 1687 in
752 1650 887 1688 unum
927 1642 1070 1688 locum
1095 1653 1366 1702 congregat-c
1389 1645 1516 1692 dictae

272 1718 388 1755 sunt.
414 1711 467 1755 Et
490 1713 626 1769 potnit
650 1725 762 1767 esse,
790 1723 835 1758 ut
854 1727 976 1771 aquae
998 1727 1095 1772 quae
1118 1723 1256 1779 totum
1283 1718 1398 1763 aeris
1416 1727 1514 1775 spa·

271 1783 379 1828 tium
407 1786 678 1842 occupabant
715 1788 1015 1845 vaporabiles,
1054 1789 1253 1835 solidatae
1295 1792 1512 1838 modicum

270 1855 495 1902 obtineant
532 1858 692 1912 locum,
714 1859 781 1904 vel
818 1867 932 1905 terra
970 1860 1192 1918 paululum
1229 1862 1442 1918 subsedit,
1468 1872 1517 1909 ut

269 1939 345 1974 eas
371 1933 575 1987 tanquam
619 1931 663 1977 in
686 1932 867 1978 matrice
901 1935 1193 1991 concluderet,
1218 1945 1263 1982 et
1290 1930 1354 1983 sle
1383 1951 1515 1998 appa-

271 2002 363 2048 ruit
382 2004 517 2058 arida,
541 2018 636 2062 quae
655 2007 778 2063 quasi
804 2007 941 2053 latens
965 2009 1048 2055 tub
1065 2010 1208 2066 aquis,
1235 2012 1408 2070 proprie
1427 2014 1513 2059 hn-

269 2088 367 2123 mus
390 2077 506 2123 dicta
539 2086 622 2135 εει,
648 2079 723 2125 sed
747 2092 848 2126 cum
886 2083 1086 2139 apparuit
1123 2084 1244 2129 arida
1269 2085 1419 2132 eadem
1442 2087 1512 2133 di-

269 2146 381 2191 citur
405 2154 533 2202 terra,
559 2150 659 2207 quia
700 2151 854 2196 teritur
887 2153 1068 2209 pedibus
1091 2155 1395 2204 animantium.
1437 2158 1513 2205 Vel

269 2220 589 2278 circumpositis
629 2223 770 2271 tribus
793 2224 1017 2273 elementis
1047 2228 1207 2274 dicitur
1223 2231 1384 2287 solum,
1409 2230 1512 2290 quia

270 2294 426 2339 solida.
460 2294 625 2340 Dicitur
649 2297 792 2351 tellus,
831 2299 933 2358 quia
953 2299 1110 2345 tolerat
1155 2302 1327 2349 labores
1373 2305 1520 2351 homi·-

271 2378 411 2413 num:
435 2368 785 2427 conaqreqaeiones
822 2386 1027 2429 aquarum
1055 2378 1215 2421 ιιοεαιὸι
1243 2378 1399 2434 naaria,
1428 2378 1512 2425 ne-
1533 2401 1568 2448 c

270 2438 485 2486 braeorum
508 2443 730 2498 idiomate,
760 2446 836 2503 qui
861 2447 1078 2505 quaslibet
1097 2460 1310 2507 aquarum
1327 2463 1512 2512 congre-

270 2515 465 2573 gationes
498 2524 654 2562 vocant
687 2519 840 2564 maria.
882 2520 1106 2578 completo
1149 2536 1252 2582 ergo
1297 2537 1511 2584 aquarum

270 2598 402 2645 opere
423 2589 622 2634 subditur
646 2605 657 2634 ε
679 2589 734 2634 Et
759 2591 861 2635 vidit
884 2592 991 2637 Deus
1010 2594 1121 2651 qnod
1144 2603 1250 2640 esset
1268 2595 1419 2642 bouum
1435 2613 1451 2652 ;
1468 2607 1516 2645 et

270 2661 438 2709 addidit
471 2663 587 2709 aliud
611 2675 722 2722 opus
745 2666 823 2721 illi,
844 2678 944 2713 cum
974 2667 1085 2714 dixit
1107 2682 1118 2713 :
1142 2669 1351 2716 Germinet
1379 2679 1510 2720 terro.

268 2734 356 2782 Nec
374 2736 427 2782 de
444 2749 577 2795 opere
596 2739 868 2796 germinandi
889 2747 1056 2787 tantum
1079 2744 1402 2802 intelligendum
1427 2754 1512 2801 est,

269 2810 345 2856 sed
366 2809 420 2855 de
455 2814 665 2868 potentia,
685 2813 811 2871 quasi
850 2821 1004 2871 potens
1038 2817 1096 2862 sit
1126 2817 1383 2874 germinare.
1405 2818 1514 2866 Pro·

268 2884 392 2930 duxit
420 2887 536 2931 enim
566 2891 617 2931 de
642 2896 754 2932 terra
784 2887 955 2934 herbam
985 2892 1199 2945 virentem,
1229 2901 1269 2938 et
1290 2894 1513 2951 facientem

268 2971 420 3015 semen,
432 2968 471 3005 et
489 2959 646 3019 liqnu'm
654 2962 902 3020 pomiferum
912 2964 1070 3021 [aciem
1088 2965 1274 3020 [ructum
1287 2967 1515 3013 secundam

268 3046 418 3090 acueret
451 3047 547 3080 sica.
588 3033 711 3080 Patet
733 3035 836 3094 quia
858 3049 946 3082 nou
983 3050 1060 3095 per
1083 3051 1231 3086 moras
1253 3047 1511 3099 temporum,

270 3114 319 3153 ut
335 3107 479 3162 modo,
505 3109 707 3165 produxit
726 3110 896 3167 plautas
914 3123 1018 3158 suas
1036 3118 1169 3168 terra,
1195 3115 1272 3160 sed
1294 3117 1443 3162 statim
1467 3117 1511 3164 in

270 3181 519 3226 maturitate
557 3181 702 3237 viridi,
740 3183 783 3227 in
809 3196 912 3241 qua,
933 3191 977 3230 et
1005 3186 1149 3231 herbae
1185 3188 1442 3245 seminibus,
1469 3198 1515 3237 et

270 3251 449 3299 arbores
485 3253 627 3309 pomis
666 3261 834 3300 onustae
872 3264 989 3302 sunt.
1030 3257 1275 3305 Notandum
1306 3262 1423 3319 quod
1445 3263 1513 3309 dl-

268 3330 386 3369 ctum
407 3332 491 3379 εει,
511 3326 726 3371 virentem.
750 3327 936 3381 Quidam
958 3330 1107 3376 dicunt
1125 3332 1333 3378 mundum
1353 3335 1395 3379 in
1414 3347 1514 3382 vere

268 3396 451 3453 factum,
471 3400 574 3456 quia
612 3399 669 3445 vlt
668 3413 732 3446 ·or
763 3401 878 3448 illius
921 3407 1128 3461 temporis
1151 3414 1232 3462 est,
1261 3419 1303 3452 ει
1327 3407 1511 3455 truenst-

1574 1856 1685 1917 ¹l'ere
1719 1866 1847 1904 nocte
1890 1866 2130 1915 pascuntur

1605 323 1830 378 sementis,
1856 322 1981 379 quasi
2007 334 2157 366 semen
2181 329 2364 376 tentum,
2384 324 2450 368 vel
2472 325 2711 369 detentum.

1861 393 1965 439 Car.
1989 393 2062 438 vi.
2088 393 2150 438 De
2176 402 2297 451 opere
2317 404 2479 452 quartoe
2498 397 2597 440 diei.

2738 167 2851 208 {ut-o

1660 467 1827 522 Quarto
1848 468 1919 512 die
1939 479 2038 526 quae
2078 466 2373 525 disposuerat,
2397 471 2530 526 coepit
2545 481 2701 515 ornare
2720 471 2849 518 rebus
2917 448 2921 530 f

1603 541 1691 587 illis
1713 553 1813 598 quae
1836 541 1952 586 iunia
1974 543 2225 588 universnm
2249 542 2458 588 mundum
2491 545 2700 600 congruis
2722 535 2851 590 moti·
2916 534 2919 566 ³

1602 613 1685 659 bus
1708 614 1956 670 agerentur.
1976 612 2140 660 Plantae
2159 614 2294 668 enim,
2321 614 2426 672 quia
2447 621 2573 660 terrae
2596 616 2775 669 haerent,
2795 615 2848 663 ad

1600 686 1933 743 dispositionem
1960 693 2087 732 terrae
2105 686 2234 745 quasi
2264 688 2403 745 magis
2440 697 2652 745 spectant,
2671 685 2718 733 ‘et
2737 691 2851 737 sicut

1598 757 1931 814 dispositionem
1971 758 2035 804 sic
2066 766 2111 804 et
2150 766 2351 804 ornatum
2387 772 2412 804 a
2448 761 2768 817 superioribus
2781 762 2851 808 in-

1598 830 1788 876 choavit.
1814 830 1936 877 Fecit
1968 831 2084 876 enim
2110 832 2263 878 eadem
2303 832 2374 877 die
2411 833 2662 888 luminaria,
2692 836 2847 889 solem.

1597 908 1641 946 et
1660 900 1809 947 lunam
1832 909 1877 948 et
1895 903 2062 949 stellas.
2082 904 2135 949 Et
2152 905 2314 950 dicitur
2332 905 2416 960 sol,
2435 905 2538 962 quia
2575 907 2695 953 solus
2712 900 2846 963 lueet.

1598 975 1641 1020 id
1665 982 1732 1021 εει
1763 975 1931 1021 nullum
1968 988 2069 1023 cum
2091 989 2173 1033 eo;
2199 977 2302 1023 luna
2332 978 2544 1024 luminum
2583 992 2685 1034 una,
2719 981 2759 1026 id
2781 986 2857 1028 cst¹

1599 1050 1758 1106 prima,
1779 1057 1828 1094 ut
1851 1062 1935 1094 una
1974 1051 2148 1095 dierum
2174 1065 2188 1096 ι
2219 1052 2288 1096 νει
2313 1063 2401 1097 una
2426 1051 2717 1099 sabbatorum
2736 1049 2850 1101 dici·

1595 1130 1668 1167 tur
1701 1121 1822 1180 (Luc.
1848 1135 1874 1166 v
1896 1128 1940 1166 et
1958 1124 2096 1175 xxiv).
2132 1122 2208 1169 Sol
2258 1130 2301 1169 et
2324 1123 2424 1169 luna
2461 1124 2666 1169 dicuntur
2696 1138 2848 1183 ηιαςπι

1595 1196 1826 1240 Ιιιιιιίιιανὶα
1854 1195 1899 1239 in
1928 1195 2119 1250 duobus„
2141 1204 2186 1241 et
2219 1208 2273 1242 ex
2294 1197 2483 1251 duobus,
2504 1198 2545 1243 id
2575 1206 2747 1244 estnon
2770 1211 2849 1244 εο-

1540 1289 1544 1292 ·
1595 1269 1686 1315 lum
1706 1279 1786 1327 pro
1804 1270 2050 1326 quantitate
2071 1269 2270 1325 luminis,
2293 1271 2368 1316 sed
2392 1279 2436 1318 ει
2451 1273 2666 1330 corporIs,
2694 1279 2739 1318 ει
2756 1286 2847 1319 non

1539 1328 1574 1374 Β
1598 1347 1765 1386 tantum
1804 1342 2133 1399 comparatione
2155 1342 2396 1398 stellarum,
2429 1343 2504 1388 sed
2524 1350 2567 1388 et
2606 1333 2858 1391 secundum

1596 1427 1659 1467 se,
1699 1413 1804 1473 quia
1848 1417 1916 1460 soi
1953 1415 2115 1460 dicitur
2136 1416 2273 1463 octies
2316 1416 2457 1474 maior
2500 1421 2648 1462 ter‘ra
2651 1426 2726 1472 et
2743 1415 2887 1467 luna.

1595 1489 1728 1534 etiam
1752 1488 1895 1546 major
1931 1497 2047 1534 terra
2069 1489 2246 1534 dicitnr.
2274 1486 2440 1535 Lunam
2467 1497 2512 1536 ct
2543 1491 2690 1538 stelles
2711 1491 2852 1538 voluit

1596 1561 1846 1608 illuminare
1865 1569 2056 1617 noctem,
2079 1575 2133 1607 nc
2152 1574 2239 1608 nox
2260 1563 2356 1608 sine
2393 1563 2555 1609 iumine
2580 1562 2710 1609 nimis
2730 1567 2856 1611 esset·

1594 1637 1816 1691 indecora,
1842 1646 1891 1681 ut
1911 1640 2140 1694 operantes
2177 1636 2223 1682 in
2263 1645 2406 1692 nocte,
2442 1644 2489 1682 ut
2512 1646 2673 1691 nautat,
2696 1647 2739 1683 et
2758 1640 2848 1684 via-

1596 1704 1725 1758 tores
1747 1711 1954 1758 solatium
1980 1708 2159 1756 luminis
2182 1709 2426 1756 haberent..
2436 1710 2547 1757 Sunt
2570 1712 2701 1757 etiam
2727 1725 2847 1770 quae-

1594 1784 1696 1831 dam
1712 1785 1910 1840 aviculae,
1935 1782 2033 1844 quat
2051 1785 2195 1830 lucem
2213 1782 2319 1831 solis
2340 1784 2452 1831 serre
2474 1799 2561 1831 non
2584 1793 2783 1844 possunt,
2814 1810 2852 1825 -

2237 1857 2328 1903 Nec
2366 1858 2592 1916 superfluit
2624 1860 2707 1915 sol,
2745 1859 2775 1906 li
2841 1906 2855 1914 ,,

1594 1930 1733 1976 nubes
1755 1929 1900 1976 lucida
1930 1928 2075 1976 'ricem
2101 1929 2199 1986 ejus
2219 1938 2367 1988 ageret
2385 1931 2558 1989 (Metili.
2594 1932 2717 1990 xvn),
2740 1933 2858 1992 quia

1593 2005 1668 2052 iila
1708 2011 1885 2051 tenuem
1928 2011 1973 2051 et
2022 1999 2352 2052 insufficientem
2388 2006 2529 2051 lucem
2577 2004 2778 2063 habebat,
2800 2018 2825 2052 e
2841 2002 2865 2037 J*-

1594 2078 1706 2127 sorte
1747 2091 1834 2125 nou
1880 2078 1965 2124 nisi
2009 2081 2237 2136 superiora
2274 2078 2564 2135 illuminabat,
2608 2078 2721 2126 sicut

1594 2153 1718 2199 stella
1742 2153 1890 2198 modo.
1913 2152 1973 2199 De
1995 2154 2067 2198 illa
2089 2162 2234 2198 autem
2259 2153 2376 2199 nube
2396 2153 2558 2210 lucida,
2577 2153 2868 2218 supradicta,

1593 2227 1781 2273 traditur
1797 2226 1945 2282 modo,
1969 2227 2085 2286 quod
2106 2227 2170 2272 rel
2188 2227 2366 2274 redierit
2385 2227 2428 2273 in
2457 2228 2701 2283 materiam,
2730 2229 2831 2276 und
2859 2239 2865 2274 .’

1594 2297 1707 2344 facta
1728 2297 1888 2353 fuerat,
1912 2304 1959 2344 ut
1982 2298 2107 2344 steila
2137 2311 2237 2356 quae
2271 2300 2489 2358 apparuit
2504 2301 2642 2359 magis
2666 2301 2842 2360 (ΠαιιΙι.
2852 2296 2855 2302 ’

1594 2371 1663 2429 ιι),
1686 2378 1733 2417 ει
1757 2371 1996 2418 columba
1985 2386 2028 2419 ιιι
2054 2384 2141 2430 qua
2181 2372 2303 2418 visus
2323 2380 2393 2418 est
2437 2373 2625 2431 Spiritus
2665 2381 2858 2423 sanctus

1594 2445 1768 2505 (ΜαιιΙι.
1794 2447 1905 2505 nn:
1944 2446 2014 2493 vel
2051 2447 2168 2504 quod
2196 2453 2367 2506 semper
2408 2447 2545 2494 solem
2580 2446 2861 2505 comitator:

1591 2521 1660 2565 vel
1678 2519 1799 2578 quod
1832 2520 1888 2566 de
1915 2533 1968 2566 ea
1987 2519 2152 2566 sactum
2178 2528 2246 2567 εει
2268 2533 2427 2579 corpus
2459 2521 2618 2567 solare.
2637 2521 2726 2568 Nec
2745 2516 2820 2570 tan

1592 2601 1685 2641 tum
1706 2595 1759 2640 ad
1782 2594 2003 2651 decorem,
2022 2602 2066 2641 et
2079 2595 2136 2641 ad
2156 2607 2285 2641 usum
2304 2595 2486 2641 luminis
2503 2607 2556 2641 ea
2571 2597 2707 2642 voluit
2711 2556 2867 2699 esst-,2>

1593 2668 1840 2724 sedetiam,
1866 2675 1914 2713 ut
1944 2676 2078 2714 essent
2103 2671 2149 2714 in
2170 2670 2308 2727 siqua,
2333 2678 2373 2714 ει
2394 2675 2598 2727 tempora,
2617 2670 2780 2726 etdiea,
2799 2680 2867 2718 et
2916 2668 2918 2670 ’

1592 2756 1743 2797 annos,
1767 2749 1815 2787 ut
1844 2741 2011 2788 scilicet
2048 2742 2172 2801 signa
2209 2743 2300 2787 sint
2323 2741 2573 2788 serenitatis
2606 2749 2651 2789 et
2679 2724 2859 2819 tempe)
2910 2746 2912 2750 '

1593 2816 1733 2863 statis.
1739 2813 1815 2862 Vel
1835 2824 1885 2862 ut
1899 2828 1953 2861 ex
1971 2816 2075 2875 ipsis
2096 2816 2250 2862 flerent
2266 2816 2388 2874 signa
2409 2816 2637 2863 duodecim
2656 2791 2861 2875 majora,
2911 2815 2914 2871 j

1593 2896 1636 2934 et
1660 2890 1860 2948 quadam
1896 2891 2020 2950 signa
2049 2890 2223 2935 minora
2255 2888 2381 2947 plura
2417 2890 2506 2938 liis
2515 2903 2613 2949 quae
2635 2889 2842 2937 dicuntur
2900 2883 2911 2956 J

1593 2962 1733 3021 signa,
1757 2962 1826 3008 vel
1861 2962 2039 3008 sidera.
2057 2969 2151 3011 tum
2180 2964 2287 3021 quia
2316 2975 2474 3022 magna
2512 2963 2736 3023 diligentia
2780 2965 2845 3012 el·
2900 2962 2924 3022 ,ιζ

1592 3037 1758 3095 gnavit,
1795 3037 1861 3082 vel
1896 3037 2187 3084 consideravit
2221 3049 2273 3083 ει
2309 3034 2571 3096 antiquit-‘1⁸3
2615 3045 2706 3085 tum
2738 3023 2850 3096 qnia

1593 3111 1737 3156 adhue
1764 3112 1941 3169 signant
1972 3118 2017 3156 et
2041 3111 2322 3158 considerant
2345 3123 2397 3155 ea
2424 3110 2625 3157 homines
2654 3111 2708 3156 ad
2724 3112 2849 3170 desi-5
2900 3100 2904 3166 f

1592 3185 1841 3242 gnationem
1867 3191 2129 3241 temporum.
2159 3182 2247 3229 Nec
2269 3182 2503 3229 dicendum
2524 3190 2608 3237 est,
2647 3189 2695 3229 ut
2715 3196 2796 3243 gen

2920 3190 2924 3237 i

1594 3258 1754 3313 taliaci,
1787 3259 1883 3304 sive
1908 3256 2168 3317 geneathlici
2185 3258 2423 3308 somniant.
2448 3257 2563 3314 quod
2585 3256 2726 3315 posita
2751 3257 2845 3303 sint
2910 3266 2913 3269 ⁴

1593 3333 1636 3378 in
1661 3332 1785 3390 signa
1811 3339 2046 3378 eventuum
2068 3338 2112 3377 et
2131 3343 2313 3389 operum
2334 3338 2604 3386 nostrorum,
2629 3337 2705 3377 aut
2723 3332 2838 3389 quod
2914 3355 2921 3394 .j

1591 3409 1733 3453 status
1770 3405 1871 3451 vitae
1907 3412 2069 3451 nostrae
2093 3405 2282 3464 signent,
2305 3411 2350 3451 et
2381 3406 2682 3467 moderentur,
2722 3403 2837 3462 qood

268 3475 399 3519 catio.
427 3465 509 3519 A‘lii
535 3476 635 3531 quia
677 3475 825 3534 legunt
846 3477 1003 3535 tignum
1042 3480 1203 3537 [aciens
1239 3483 1442 3539 fructum,
1466 3492 1512 3531 et
1535 3481 1571 3526 D
1594 3483 1752 3528 docent
1766 3482 2028 3540 quibusdam
2049 3482 2378 3540 experimentis,
2403 3493 2503 3541 quae
2523 3470 2834 3542 apotelesmata

268 3548 478 3602 additum,
503 3548 672 3593 herbam
694 3550 910 3596 habentem
948 3566 1105 3610 remen,
1146 3556 1308 3603 factum
1345 3559 1507 3605 dictum

271 3622 316 3666 in
342 3623 536 3681 Augusto
563 3624 646 3669 sub
666 3624 808 3671 leone.
857 3624 940 3671 Sed
976 3628 1020 3671 in
1051 3626 1206 3675 Martio
1223 3630 1385 3677 factum
1407 3636 1512 3692 dog-

270 3695 446 3743 matizat
470 3695 679 3743 Ecclesia.
706 3697 815 3744 Nota
853 3711 952 3745 cum
989 3702 1130 3757 primo
1169 3706 1245 3759 ait,
1289 3705 1511 3762 [ocientem

268 3783 423 3824 tecnon,
461 3777 505 3816 et
549 3772 683 3828 addit,
729 3773 882 3818 habens
916 3777 1235 3835 unumquodque
1270 3789 1511 3837 sementem,

270 3843 373 3901 quia
398 3846 604 3890 sementis
625 3846 798 3903 proprie
816 3849 990 3903 dicitur,
1013 3850 1117 3895 dum
1138 3852 1281 3897 adhuc
1296 3861 1362 3899 εει
1381 3854 1425 3899 in
1443 3867 1507 3899 se·

269 3916 463 3962 mentino
482 3919 495 3934 ⁶
521 3928 530 3960 t
567 3931 715 3964 semen
737 3931 842 3965 vero
866 3935 962 3966 cum
989 3924 1256 3981 seminatur;
1279 3926 1511 3972 seminium

269 4000 389 4043 vero,
427 3991 496 4034 vel
536 4000 775 4037 sementum
815 4007 914 4038 cum
950 3997 1210 4043 seminatum
1235 4008 1318 4045 εει.
1347 4001 1512 4047 Distin-

271 4060 417 4117 guitur
451 4069 594 4106 tamen
636 4065 760 4109 aliter
790 4066 994 4113 sementis
1023 4068 1195 4127 frugum
1225 4078 1268 4116 et
1284 4071 1510 4128 arborum,

271 4143 420 4178 semen
462 4137 742 4192 aniniallum3
781 4141 1011 4185 seminium
1054 4143 1265 4202 cujusque
1287 4146 1349 4190 rei
1384 4158 1513 4192 exor-

270 4205 408 4251 dium.
437 4206 523 4252 Nec
547 4221 625 4253 nos
661 4222 847 4267 moueat,
874 4214 975 4268 quia
1019 4217 1061 4260 in
1096 4217 1381 4274 dispositione
1420 4221 1510 4266 ele-

272 4288 521 4326 mentorum
546 4283 718 4329 ridetur
734 4299 808 4331 aer
832 4301 918 4334 non
946 4290 1203 4349 dispositus,
1222 4295 1321 4356 quia
1343 4307 1428 4339 non
1445 4300 1513 4339 est

239 4351 538 4414 '‘uiuminatus,
562 4357 636 4402 sed
673 4358 914 4415 dispositus
948 4371 1029 4416 est.
1055 4378 1153 4410 cum
1198 4367 1305 4412 liber
1345 4381 1418 4411 aer
1457 4368 1513 4412 ab

275 4427 403 4482 aquis
425 4435 570 4472 notam
598 4430 723 4474 nobis
747 4431 788 4474 sc
766 4446 929 4476 sulam
948 4437 1129 4492 accepit.

335 4497 546 4544 ΑιΙιΙιιίο
571 4501 608 4544 l.
630 4501 673 4546 ld
703 4509 767 4547 est
791 4505 833 4548 in
862 4506 989 4551 herba
1013 4509 1152 4563 ipsum
1194 4523 1340 4556 semen
1354 4494 1513 4567 proie-

1590 3564 1762 3603 vocant.
1790 3555 1888 3601 Non
1911 3557 2026 3602 enim
2049 3557 2314 3603 credendum
2341 3563 2409 3603 est
2433 3557 2517 3602 hoe
2538 3555 2593 3602 de
2619 3555 2731 3602 coelo
2753 3556 2833 3602 nisi

1591 3632 1660 3677 bis
1690 3631 1765 3688 qni
1796 3630 1926 3676 alieni
1948 3636 2094 3675 sunta
2130 3628 2275 3683 Patre,
2299 3629 2374 3687 qui
2396 3635 2463 3675 est
2488 3627 2533 3674 iu
2551 3627 2692 3674 coelis.
2711 3626 2836 3682 Quod

1589 3712 1736 3750 autem
1779 3703 1994 3761 sequitur,
2038 3704 2082 3748 in
2133 3712 2342 3759 temporo,
2375 3714 2463 3747 non
2495 3707 2562 3747 est
2597 3699 2790 3759 putando
2888 3735 2924 3764 „4

1591 3778 1709 3834 quod
1737 3786 1843 3822 tunc
1885 3789 1964 3833 per
2002 3789 2053 3822 ειι
2090 3778 2332 3833 inciperent
2370 3788 2465 3821 esse
2489 3782 2700 3832 tempora,
2738 3774 2833 3839 quai

1592 3858 1818 3908 coeperunt
1843 3863 1941 3897 esse
1977 3863 2077 3897 cuin
2117 3851 2295 3903 mundo,
2323 3850 2398 3895 sed
2423 3849 2524 3907 quia
2561 3855 2832 3912 per-’eaqua-
2907 3857 2912 3864 ·

1592 3930 1692 3968 tuor
1717 3929 1818 3968 sunt
1836 3929 2081 3980 temporum
2115 3922 2434 3968 distinctiones.
2467 3921 2543 3966 Sol
2569 3933 2744 3980 quoque
2758 3922 2829 3977 de?

1592 3996 1805 4042 scendens
1821 3995 1874 4041 ad
1891 3995 2230 4053 Capricornum,
2250 3994 2482 4041 solstitium
2507 3994 2826 4047 hiemale‘i'aeia

1592 4070 1831 4115 ascendens
1868 4069 1923 4114 ad
1945 4067 2162 4114 Cancrum
2182 4068 2388 4113 aestivale.
2426 4069 2543 4113 inter
2586 4070 2824 4132 utrumque

1592 4140 1686 4197 pari
1713 4136 1767 4185 ab
1788 4148 1974 4199 utroque
1995 4140 2220 4192 distantia.
2244 4141 2505 4197 aequinoctia
2527 4140 2645 4186 facit.
2669 4138 2749 4186 ‘Vel
2771 4141 2821 4185 cs*

1591 4215 1652 4259 ibi
1684 4215 1900 4269 endiadis,
1924 4214 2093 4260 scilicet
2114 4215 2159 4258 in
2180 4213 2301 4271 siqua
2320 4220 2360 4258 et
2397 4221 2599 4271 temporo,
2619 4214 2662 4258 id
2685 4221 2751 4259 est
2774 4211 2827 4259 si·

1592 4303 1676 4348 gua
1698 4287 2037 4345 temporum-‘In
2059 4289 2147 4333 diet
2160 4288 2328 4334 ssdicitur
2352 4288 2592 4344 pluraliter,
2617 4288 2719 4344 quia
2733 4288 2810 4332 die
2892 4328 2901 4335 ,Ι

1591 4362 1889 4419 multipliciter
1909 4362 2086 4415 dieitur,
2106 4362 2160 4404 de
2190 4359 2262 4405 die
2290 4361 2458 4405 scilicet
2493 4359 2696 4413 naturali,
2719 4358 2811 4404 scii

1592 4444 1663 4482 cet
1680 4437 1822 4493 spatio
1847 4434 1999 4493 viginti
2018 4438 2204 4491 quatuor
2226 4433 2432 4477 horarum
2451 4432 2562 4476 etde
2576 4431 2649 4474 die
2674 4429 2799 4475 usual

1591 4512 1776 4557 Ponitur
1802 4511 1934 4556 etiam
1971 4510 2065 4578 dies
2086 4521 2168 4567 pro
2193 4516 2384 4567 tempore
2416 4520 2503 4553 non
2529 4507 2798 4554 determinata
