2924 4588
221 70 307 113 3⁰¹1

1113 67 1283 111 Anam
1313 62 1901 112 ruffinossrnirmsis
1962 121 1964 123 ,

220 160 349 203 enait
375 157 464 202 mi.
500 158 616 213 Vnt,
646 158 794 201 dilecte
813 157 894 207 mi,
917 154 975 197 ad
990 168 1079 206 me.
1107 157 1206 212 quia
1229 165 1388 211 tempus
1408 163 1487 198 est
1495 162 1529 206 Α
1553 155 1662 204 suis
1687 154 1813 198 debet
1834 128 2003 197 mittere
2026 150 2081 195 ad
2098 163 2168 197 me
2183 151 2410 200 aestimem,
2449 151 2514 196 vel
2533 158 2579 195 ut
2602 164 2676 207 per
2723 165 2798 200 se-

221 239 266 274 ut
296 217 474 287 epuleris
498 231 541 273 in
570 230 866 285 convivioque«)
900 227 1222 292 cumfratribus
1255 230 1354 272 tuis.
1386 226 1473 270 lm-

217 306 349 362 plevit
378 305 604 355 Dominus,
629 303 744 360 quod
775 302 830 347 de
854 314 908 346 eo
923 301 1121 346 consorti
1147 307 1191 346 et
1219 301 1471 356 coapostolo

218 389 299 420 nuo
322 375 452 420 Petro
472 374 690 431 prom'sit,
716 372 893 430 quando
913 374 1105 418 audienti
1137 374 1191 418 de
1213 374 1357 430 seipso
1383 386 1468 430 qna

217 455 358 497 morte
379 452 499 492 esset
523 446 846 491 clarificaturus
867 444 1002 491 Deum
1017 479 1034 500 ,
1070 452 1114 490 et
1138 447 1194 491 de
1213 445 1380 490 Ioanne
1401 447 1469 490 in-

216 520 451 578 terroganti
474 524 521 563 et
538 518 703 564 dicenti
725 534 739 563 ι
765 517 956 572 Domine,
983 518 1050 561 hic
1072 526 1211 563 autem
1232 518 1333 577 qnid
1346 522 1366 563 ?
1400 531 1469 562 re·

218 583 409 646 spondit,
436 590 508 634 Sic
537 601 631 634 eum
663 590 757 635 volo
772 603 940 634 manere
974 589 1103 633 donec
1134 590 1295 632 veniam
1322 587 1466 646 (Joan,

217 673 288 705 xxi
316 667 359 706 et
388 661 547 722 seqq.).
579 659 626 706 ln
654 662 813 721 quibus
841 661 1037 719 profecto
1072 661 1217 705 verbis
1248 660 1470 705 evidenter

213 733 403 778 ostendit
419 733 591 789 qualem
606 746 710 790 erga
726 745 826 778 eum
839 732 1040 776 habuerit
1051 731 1346 783 dilectionem,
1364 732 1467 775 dum

213 806 320 849 dicit
341 818 390 850 se
405 804 516 850 velle
534 805 599 850 sic
620 817 721 850 eum
743 816 937 856 manere,
969 803 1106 847 donec
1129 803 1290 848 veniat.
1322 802 1469 847 Donec

213 878 358 921 veniat
394 877 489 922 vult
516 888 616 922 eum
647 889 841 927 manere,
877 889 967 921 non
998 875 1138 920 donec
1166 876 1326 921 mittat.
1364 875 1469 938 Quae

212 950 387 1006 quidem
408 950 555 999 verba,
564 954 623 993 ιιι
645 951 784 1005 scitis,
806 954 940 993 tantae
955 949 1250 1006 praerogativae
1263 947 1466 1005 discipuli

214 1023 292 1074 illi,
316 1023 512 1079 quitunc
545 1026 780 1079 praesentes
802 1020 1007 1075 aderant,
1031 1033 1142 1066 esse
1152 1020 1464 1085 intelligebant,

214 1103 261 1140 ut
277 1096 415 1140 exiret
432 1106 579 1141 sermo
600 1095 718 1138 inter
738 1106 834 1148 eos,
868 1093 985 1150 quod
1003 1092 1260 1150 discipulus
1282 1092 1356 1137 ille
1379 1105 1466 1137 non

211 1175 473 1214 moreretur.

1552 228 1694 284 ipsum
1717 227 1770 271 ad
1793 239 1861 271 me
1883 238 1981 270 eum
2003 230 2231 270 venturum
2245 231 2407 281 putem.
2429 223 2556 269 venii
2577 225 2630 270 ad
2666 239 2798 284 eum,
2847 279 2849 282 Α

1551 299 1646 355 ipso
1669 306 1800 351 teste,
1837 299 2039 356 princeps
2056 297 2208 341 mundi
2231 297 2376 353 huJus,
2393 303 2437 342 et
2459 297 2503 341 in
2525 310 2578 342 eo
2605 310 2692 342 non
2721 302 2801 344 lia-
2881 310 2883 328 ³

1550 373 1643 415 buit
1666 372 1918 429 quidquam.
1940 368 2063 424 Quod
2080 375 2226 414 autem
2248 377 2292 414 et
2323 370 2379 413 ad
2410 382 2479 415 me
2501 378 2710 417 venturus
2740 373 2799 426 sit
2870 414 2871 419 ,

1550 437 1664 486 idem
1686 442 1905 498 princeps,
1924 453 2011 484 non
2027 438 2303 494 contradico;
2330 440 2407 485 sed
2427 441 2543 498 quod
2566 442 2609 486 in
2637 454 2708 490 me
2730 442 2798 488 ni·

1550 515 1610 559 hil
1626 527 1754 559 suum
1775 514 1948 568 habeat,
1971 514 2118 558 dicere
2141 526 2229 560 non
2251 525 2482 570 praesumo.
2519 514 2656 568 Quam
2688 515 2798 560 inl'e-
2842 511 2847 513 ⁴
2876 538 2877 541 =

1550 585 1610 631 lix
1632 586 1787 631 civitas
1811 587 1902 639 illa,
1925 598 2056 644 quam
2074 586 2347 630 circumdant
2377 586 2539 631 inimici
2563 587 2633 632 sui
2654 587 2795 644 vallo,
2873 620 2875 625 .

1549 665 1591 704 et
1615 666 1903 717 coangustant
1924 673 2018 704 eam
2037 659 2243 716 undique,
2266 665 2310 704 et
2338 659 2390 703 ad
2413 666 2571 704 terram
2605 666 2799 719 prostere
2850 668 2866 727 2(

1550 739 1660 777 nunt
1682 745 1796 785 eam,
1834 739 1878 777 et
1899 732 2011 776 filios
2045 734 2166 790 ejus,
2195 733 2271 789 qui
2289 732 2333 776 in
2351 745 2399 777 ea
2418 738 2535 783 sunt,
2555 746 2642 777 non
2666 734 2801 778 relin-
2835 758 2839 764 -

1550 812 1732 862 quentes
1756 805 1801 848 in
1818 817 1867 848 ea
1890 805 2076 860 lapidem
2093 817 2224 861 super
2247 804 2431 861 lapidem
2445 804 2564 862 (Luc.
2581 818 2669 858 xix,
2694 805 2794 863 ἅδῃ
2850 821 2854 828 ·

1550 890 1647 933 quae
1666 875 1811 921 omnia
1826 876 1880 920 ad
1898 876 2073 920 animan
2107 878 2335 934 reprobam
2367 876 2421 922 de
2443 889 2625 934 corpore
2643 891 2800 929 exeun·
2870 877 2877 914 j

1549 957 1636 995 tem
1655 950 1782 1006 Juxta
1807 962 1982 995 sensum
2007 951 2226 1007 pertinent
2240 951 2447 995 moralem
2467 967 2479 996 τ
2503 963 2652 1008 quam,
2670 958 2719 997 ut
2738 953 2800 1014 ait
2868 981 2873 1019 2

1548 1022 1702 1067 beatus
1727 1021 1826 1075 sol»,
1852 1022 1975 1067 tollet
1997 1029 2154 1068 ventus
2171 1035 2321 1085 urens,
2357 1029 2399 1067 et
2426 1024 2541 1068 velut
2571 1024 2701 1070 turbo
2728 1037 2800 1069 ra-
2850 1040 2861 1069 .·

1549 1095 1635 1150 piet
1658 1107 1751 1138 eam
1767 1093 1822 1138 de
1843 1095 1939 1138 loco
1958 1107 2039 1138 suo
2064 1092 2164 1151 (Iob
2201 1094 2619 1152 xxvn,21).1llam
2652 1095 2799 1154 itaque
2844 1099 2846 1102 ’

1549 1165 1661 1223 apud
1686 1178 1754 1210 me
1769 1178 1949 1210 versans
1970 1166 2139 1218 horam,
2163 1178 2250 1223 qua
2287 1167 2506 1222 egrediar.
2537 1167 2614 1212 sed
2651 1169 2800 1214 nescio
2862 1170 2867 1198 ἴ

268 1241 358 1288 xli.
384 1241 565 1299 Magnus
596 1241 758 1299 ubique
787 1238 866 1298 [al.
905 1237 1069 1297 unque]
1085 1238 1227 1282 honor
1254 1250 1342 1294 quo
1374 1236 1465 1295 ipse
1491 1222 1523 1270 Β
1544 1248 1662 1293 quo,
1686 1237 1763 1282 sed
1786 1237 1937 1281 nescio
1957 1236 2154 1293 quando,
2173 1238 2634 1283 contremiscotimore
2657 1238 2800 1284 valido

211 1315 424 1360 Dominus
450 1327 552 1361 eum
582 1315 788 1372 dignatus
818 1319 887 1358 est
917 1314 1106 1358 invitare
1128 1310 1184 1356 ad
1216 1310 1464 1355 convivium

213 1400 357 1442 suum,
380 1387 432 1433 in
456 1399 546 1445 quo
564 1388 691 1432 electi
713 1388 809 1443 eJus
828 1386 1074 1443 epulantur.
1101 1390 1147 1430 et
1180 1383 1400 1429 exsultant
1420 1383 1467 1428 in

211 1466 450 1517 conspectu
463 1460 578 1516 ejus,
597 1460 693 1515 ipso
710 1459 773 1504 eis
787 1458 1046 1515 disponente
1055 1469 1253 1513 regnum,
1273 1462 1322 1500 ut
1337 1457 1466 1501 edant

212 1537 255 1577 et
288 1533 443 1577 bibant
465 1545 595 1589 super
616 1544 813 1576 mensam
843 1542 967 1576 suam
996 1531 1041 1574 in
1075 1541 1206 1586 regno
1240 1541 1322 1574 suo
1343 1527 1462 1586 (Luc.

209 1619 323 1660 xxii,
345 1608 438 1666 50).
460 1607 513 1651 Et
534 1606 709 1663 quidem
734 1604 959 1663 apparenti
978 1604 1068 1652 sibi
1091 1603 1275 1648 Domino
1296 1611 1339 1648 et
1355 1604 1467 1647 invi-

210 1683 321 1726 tanti
345 1683 400 1727 ad
420 1682 668 1727 convivium
691 1694 836 1733 suum,
861 1680 1102 1739 respondit,
1118 1677 1370 1736 expandens
1388 1679 1467 1722 uti·

210 1768 297 1812 que
312 1762 525 1813 utrasque
535 1767 692 1800 manus
704 1766 807 1800 suas
822 1754 876 1800 ad
892 1753 1028 1800 neum
1044 1768 1056 1799 ι
1075 1752 1284 1800 Invitatus
1303 1750 1358 1794 ad
1373 1764 1468 1794 con-

208 1829 361 1874 ιιίιιὶιιηι
383 1836 503 1872 tuum
519 1830 635 1873 venio
653 1829 817 1889 gratias
837 1840 980 1884 agens,
992 1827 1094 1884 quia
1115 1839 1179 1870 me
1195 1826 1391 1883 dignatus
1404 1837 1464 1876 es,

208 1901 390 1946 Domine
413 1900 517 1946 Jesu
537 1899 719 1952 christe,
749 1899 805 1943 ad
822 1906 918 1944 tuas
943 1899 1088 1955 epulas
1116 1899 1316 1943 invitare:
1342 1898 1465 1954 137

209 1976 356 2020 Sciens
389 1974 501 2032 quod
527 1986 583 2019 ex
618 1980 703 2017 toto
730 1974 854 2017 corde
884 1985 974 2017 meo
1001 1969 1294 2016 desiderabam
1327 1978 1379 2015 te.
1414 1968 1471 2014 Et

208 2050 311 2094 item
327 2065 339 2094 ι
357 2048 553 2100 Domine.
569 2049 733 2104 suscipe
747 2060 829 2099 me,
849 2054 896 2090 ιιι
912 2060 1009 2091 cum
1023 2045 1231 2103 fratribus
1250 2046 1351 2089 meis
1367 2046 1464 2096 sim,

208 2134 304 2167 cum
329 2120 479 2179 quibus
498 2122 661 2166 veniens
683 2121 875 2165 invitasti
899 2133 980 2165 me.
1010 2118 1141 2175 Aperi
1166 2119 1268 2162 mihi
1282 2119 1473 2182 ‚ianuam-

207 2197 322 2249 vitoe,
349 2204 391 2240 et
414 2196 569 2252 perduc
596 2209 661 2240 me
686 2195 741 2238 ad
767 2195 998 2239 convivium
1024 2193 1246 2250 epularum
1278 2200 1462 2239 tuarum.

210 2269 245 2312 T
249 2282 274 2311 ιι
293 2282 336 2314 es
353 2271 463 2313 enim
490 2268 683 2314 Christus
697 2268 848 2311 ‘Filius
865 2267 942 2310 Dei
969 2267 1066 2319 vivi,
1094 2267 1165 2324 qui
1186 2277 1239 2310 ea:
1260 2270 1465 2322 praecepto

210 2342 358 2386 Patris
374 2341 574 2386 mundum
592 2341 784 2392 salvasti,
796 2340 871 2385 tibi
886 2341 1047 2396 gratias
1063 2338 1282 2395 referimus
1305 2351 1378 2394 per
1400 2338 1461 2381 in·

208 2415 334 2469 finita
348 2413 524 2458 soeeula.
539 2413 649 2460 Cum
664 2418 827 2474 quanto
849 2424 953 2457 vero
968 2411 1134 2456 honore
1150 2423 1248 2456 eum
1271 2410 1325 2455 ad
1341 2415 1468 2456 aeter-

209 2499 315 2531 num
338 2485 548 2546 perduxit·
561 2486 808 2531 convivium
833 2487 932 2543 quis
952 2491 1154 2530 nostrum
1177 2484 1466 2541 comprehcn-

210 2559 315 2604 dere
335 2560 524 2606 sufficit?

268 2632 379 2679 xm.
401 2632 485 2678 Sed
510 2639 555 2679 et
570 2634 675 2679 illud
697 2632 914 2691 quomodo
945 2631 1104 2692 aliquis
1142 2630 1273 2689 digne
1306 2630 1468 2690 poterit

212 2705 417 2751 admirari
441 2708 589 2764 legens
609 2707 702 2752 sive
717 2707 901 2751 audiens
923 2705 1042 2764 quod
1066 2705 1111 2750 in
1144 2704 1243 2760 ejus
1267 2703 1468 2763 sepulcro

211 2779 323 2823 nihil
342 2778 429 2825 nisi
453 2791 609 2824 manna
645 2779 827 2836 contigit
859 2776 1076 2824 inveniri?
1103 2777 1261 2822 Manna
1293 2776 1338 2820 in
1370 2776 1469 2832 qui-

211 2853 398 2899 busdam
435 2864 571 2902 sacrae
614 2852 852 2911 Scripturae
888 2852 1020 2903 locis,
1061 2850 1186 2911 panis
1226 2850 1469 2907 appellatur

213 2929 464 2986 angelorum
484 2942 497 2983 ;
526 2928 769 2985 putredinis
787 2938 959 2984 quoque
978 2926 1102 2970 locus
1123 2931 1167 2969 et
1186 2924 1338 2970 fetoris
1359 2923 1469 2969 solet

213 3014 311 3047 esse
333 3002 600 3059 sepulerum.
625 3000 660 3045 O
679 3006 852 3052 sancte,
876 3011 904 3044 o
928 2998 1055 3044 beate
1080 2998 1295 3042 loannes!
1328 2996 1467 3052 Quam

212 3076 403 3120 dilectus
432 3087 538 3120 eras
555 3072 730 3119 Christo
763 3074 911 3119 vivens
932 3073 980 3118 in
1011 3076 1218 3131 corpore,
1248 3070 1470 3116 evidenter

214 3148 345 3191 nobis
368 3158 446 3203 per
468 3145 561 3191 haec
578 3146 838 3195 ostenditur,
863 3156 959 3202 quae
980 3144 1100 3187 circa
1131 3149 1173 3186 te
1204 3148 1392 3198 aguntur
1423 3141 1468 3185 in

214 3225 371 3265 morte.
397 3219 461 3264 En
486 3219 565 3266 tibi
587 3225 764 3278 apparet
787 3225 887 3262 tuus
908 3219 982 3276 qui
1009 3224 1049 3262 te
1067 3217 1205 3274 diligit
1225 3217 1350 3262 Jesus
1368 3228 1467 3259 cum

215 3293 442 3351 discipulis
464 3293 574 3344 suis,
599 3293 853 3340 concivibus
870 3298 1012 3336 autem
1036 3291 1141 3340 tuis,
1166 3291 1219 3335 ad
1238 3289 1468 3347 sapidissi-

216 3381 314 3427 mas
333 3368 429 3412 illas
445 3374 616 3412 aeternae
635 3366 885 3412 resectionis
908 3367 1058 3424 epulas
1083 3365 1282 3410 invitavit
1306 3363 1411 3425 [al.
1403 3378 1469 3407 ιιι-

216 3438 382 3499 vitans}
411 3454 423 3466 ·
446 3441 519 3484 illc
548 3447 592 3484 te
625 3449 723 3484 cum
758 3439 922 3485 honore
954 3437 1380 3494 incomprehensibili
1415 3449 1467 3481 eo

221 3514 439 3570 perduxit,
463 3514 507 3559 et
527 3519 579 3558 ut
596 3524 683 3557 non
708 3513 848 3557 solum
868 3510 977 3556 nihil
1001 3511 1055 3557 ad
1089 3512 1294 3564 honorem
1333 3515 1468 3571 perti-

222 3599 329 3630 nens
345 3587 423 3630 tibi
439 3585 485 3630 in
512 3592 651 3630 morte
666 3585 795 3637 desit.
809 3585 887 3630 sed
907 3590 950 3629 et
971 3584 1204 3645 plurimum
1223 3576 1354 3630 etiam
1370 3596 1471 3629 con-

226 3649 289 3700 tra
309 3659 446 3714 ipsius
477 3665 644 3703 naturae
672 3658 1032 3705 consuetudinem
1048 3656 1189 3711 adsit;
1222 3656 1469 3714 sepulcrum

225 3739 396 3783 quoque
416 3732 538 3771 tuum
561 3725 679 3772 omni
703 3737 885 3784 prorsus
907 3723 1135 3784 putredine
1157 3736 1243 3769 non
1277 3732 1367 3772 tam
1393 3737 1470 3768 va-

225 3807 417 3855 cuatum,
441 3810 571 3858 quam
591 3811 794 3852 vacuum,
817 3799 918 3845 elbo
940 3798 1134 3857 angelico
1167 3809 1352 3842 vacuum
1373 3809 1470 3842 esse

223 3885 308 3917 non
326 3872 443 3918 sinit.
640 3913 642 3915 .

281 3943 391 3987 xlv.
414 3943 707 3989 considerans
741 3942 1104 4002 gloriosissimum
1142 3949 1264 3987 tuum
1298 3941 1351 3986 ab
1389 3942 1469 3985 hae

225 4018 312 4060 vita
333 4017 575 4061 discessum
604 4016 888 4062 admiratione
909 4018 1028 4069 laeta,
1046 4021 1090 4062 et
1111 4017 1260 4061 laetitia
1283 4015 1471 4060 admira·-

225 4089 302 4132 bili
325 4090 478 4133 exsilio
495 4121 508 4141 ,
534 4090 771 4146 praevidens
796 4095 939 4134 autem
970 4102 1115 4134 meum
1149 4090 1440 4134 miserrimum
1456 4121 1468 4140 ‚

226 4163 384 4208 timore
408 4165 573 4220 pariter
593 4170 636 4209 et
658 4165 912 4209 confusione
933 4166 1175 4210 concutior.
1198 4164 1260 4210 De
1276 4178 1361 4222 quo
1376 4165 1472 4221 qui-

230 4236 326 4279 dem
351 4237 523 4292 quando
543 4238 610 4282 vel
623 4238 696 4282 ubi
717 4239 802 4283 erit
822 4240 994 4294 penitus
1010 4239 1173 4292 nescio,
1193 4237 1308 4295 quod
1328 4244 1474 4283 tamen

232 4310 462 4366 aliquando
482 4312 549 4354 vel
573 4311 730 4355 alicubi
752 4312 862 4363 erit,
890 4325 979 4357 non
1012 4313 1178 4370 ignoro.
1212 4311 1314 4357 Non
1348 4312 1472 4357 video

231 4392 300 4424 nre
319 4382 446 4424 talem
471 4387 516 4424 ut
536 4382 719 4438 aliquem
741 4380 815 4438 [al.
841 4389 888 4424 ιιι
904 4384 1015 4439 quod
1035 4383 1203 4440 habeat]
1218 4396 1267 4428 ex
1280 4383 1472 4440 pacificis

1546 1323 1571 1354 a
1591 1309 1703 1355 facie
1723 1309 1867 1355 callidi
1889 1309 2160 1355 accusatoris
2179 1318 2222 1355 et
2239 1310 2426 1356 districti
2445 1312 2635 1368 Judicis,
2649 1313 2800 1370 depin-
2840 1352 2845 1355 .

1545 1395 1654 1441 gens
1675 1384 1806 1431 modo
1830 1383 1946 1445 apud
1970 1396 2039 1428 me
2071 1396 2201 1440 quam
2226 1385 2436 1431 terribilis
2472 1385 2545 1430 illa
2575 1385 2682 1430 mibi
2713 1386 2801 1431 erit

1547 1458 1679 1510 hora,
1698 1463 1848 1515 etqua
1877 1457 1933 1503 de
1963 1467 2146 1515 corpore
2166 1460 2403 1517 compellar
2427 1460 2603 1517 egredi,
2636 1464 2680 1504 et
2714 1466 2800 1517 q'ua
2867 1494 2871 1495 γ

1546 1543 1616 1575 me
1652 1533 1875 1590 continget
1910 1520 2159 1587 aspectibus
2195 1532 2408 1577 tremendi
2437 1532 2599 1588 iudicis
2636 1531 2799 1581 offerri.
2843 1579 2847 1587 ,

1548 1603 1650 1648 Tria
1678 1605 1784 1650 mihi
1821 1606 2029 1663 cogitanti
2053 1606 2107 1651 dc
2133 1605 2239 1649 liora
2272 1606 2344 1650 illa
2373 1605 2643 1650 formidanda
2677 1605 2801 1652 valde
2854 1623 2870 1637 ·-

1548 1677 2082 1731 occurrunt3multimoda
2101 1689 2196 1723 mea
2219 1678 2450 1734 iniustitia,
2464 1678 2706 1739 ¹malitiosa,
2723 1677 2801 1724 sed
2845 1667 2847 1675 ⁴
2874 1728 2876 1737 ,

1545 1761 1650 1794 vera
1693 1755 1836 1795 tamen
1866 1750 2012 1795 callidi
2045 1751 2317 1797 accusatoris
2350 1751 2566 1797 calumnia
2587 1782 2600 1803 .
2636 1755 2680 1796 et
2709 1756 2799 1798 tre-

1547 1821 1703 1866 menda
1720 1820 1907 1885 districti
1920 1822 2084 1880 judicis
2100 1823 2329 1869 sententia.
2345 1823 2380 1871 Ο
2398 1835 2466 1869 me
2479 1824 2708 1876 miserum!
2727 1823 2798 1871 cui
2836 1831 2837 1838 ¹
2877 1816 2879 1821 ⁸

1547 1902 1681 1938 causa
1705 1893 1910 1950 languida
1931 1907 2016 1939 non
2035 1895 2179 1940 minus
2193 1896 2383 1952 judicem
2400 1897 2646 1944 districtum
2669 1909 2799 1956 quam
2836 1909 2870 1954 ζ
2922 1950 2924 1954 ,

1547 1963 1904 2010 calumniatorem
1937 1967 2111 2012 exhibet
2150 1966 2382 2014 infestum!
2423 1968 2524 2015 Haec
2557 1970 2643 2019 tria
2690 1971 2799 2016 hora
2836 2003 2839 2005 -

1548 2036 1621 2080 illa
1637 2036 1771 2082 timeo
1797 2054 1807 2082 :
1834 2038 2006 2085 hostem
2032 2047 2328 2092 accusantem,
2354 2042 2667 2088 conscientiam
2691 2049 2801 2089 atte-
2836 2040 2838 2043 ’
2873 2045 2877 2091 ῑ

1547 2115 1735 2156 stantem
1755 2143 1768 2162 ,
1789 2112 1979 2168 iudicem
2007 2114 2249 2160 ferientem.
2278 2114 2362 2160 Sed
2385 2114 2536 2170 adesto
2557 2115 2663 2162 mihi
2691 2116 2799 2162 hora
2848 2153 2858 2178 ,-
2922 2116 2924 2125 '

1542 2183 1638 2238 rina,
1657 2185 1761 2229 mihi
1786 2185 1960 2242 quidem
1979 2186 2176 2244 indigno,
2195 2194 2338 2232 tamen
2357 2188 2540 2246 supplici
2565 2192 2647 2234 tuo·
2661 2201 2715 2235 ex
2731 2194 2801 2233 to-
2854 2186 2862 2190 ”

1546 2257 1605 2303 tis
1628 2262 1671 2302 te
1686 2259 1888 2304 medullis
1903 2259 2050 2305 cordis
2067 2260 2111 2305 in
2132 2262 2340 2306 auxilium
2361 2261 2597 2323 invocanti,
2611 2255 2800 2318 occure
2863 2254 2875 2331 ᾗ(
2920 2254 2924 2268 “

1547 2335 1592 2374 et
1613 2342 1821 2376 succurre
1842 2331 1949 2376 mihi
1971 2340 2101 2384 tunc,
2128 2345 2154 2377 o
2174 2334 2450 2387 sanctissime
2479 2341 2522 2380 et
2549 2335 2801 2393 beatissime

1547 2402 1683 2448 frater
1699 2403 1863 2449 Christi
1883 2411 1924 2450 et
1941 2405 2000 2450 fili
2023 2405 2183 2451 Mariae.
2201 2406 2408 2460 Occurre,
2435 2405 2627 2467 inquam,
2646 2408 2701 2453 ad
2725 2420 2800 2454 εοε-
2868 2414 2875 2453 11
2920 2404 2924 2410 ‘

1547 2477 1713 2530 latium,
1735 2490 1942 2524 succurre
1964 2479 2018 2523 ad
2039 2480 2307 2538 praesidium,
2332 2481 2457 2526 flecte
2475 2473 2684 2546 judicem,
2701 2490 2801 2539 pro-

1547 2552 1617 2596 cul
1644 2552 1755 2608 pelle
1778 2560 2107 2603 accusatorem.
2141 2560 2191 2599 ιιι
2222 2567 2306 2600 nec
2342 2568 2412 2602 ine
2441 2551 2522 2600 iste
2543 2554 2797 2606 convineat,

1547 2632 1629 2668 nec
1652 2624 1732 2669 ille
1767 2625 2039 2671 condemnet.

1549 2694 1701 2742 fetoris
1717 2703 1760 2743 et
1783 2700 2027 2756 putredinis
2055 2701 2251 2759 corporis
2269 2703 2354 2747 mei
2377 2703 2533 2758 timeo,
2556 2703 2802 2754 confundor
2835 2718 2838 2720 ’

1542 2774 1692 2817 tannen
1713 2785 1803 2816 non
1827 2772 2043 2817 modicum
2068 2783 2110 2819 et
2126 2775 2354 2826 erubesco,
2379 2777 2523 2822 sciens
2535 2779 2652 2835 quod
2673 2768 2772 2836 long,
2761 2790 2801 2823 c
2869 2771 2872 2790 '¹

1548 2845 1728 2890 distabit
1759 2846 1947 2893 dedecus
1979 2853 2021 2892 et
2055 2847 2291 2905 ignominia
2310 2883 2322 2902 ,
2348 2850 2461 2896 sicut
2497 2851 2799 2908 dignissimum
2853 2866 2872 2890 a

1548 2925 1615 2964 est
1635 2920 1948 2983 sordidissima:
1959 2927 2002 2966 et
2014 2921 2280 2968 fetidissima:
2296 2924 2513 2979 speluncae
2528 2929 2633 2971 m‘eae
2649 2925 2702 2970 ab
2714 2922 2798 2975 ho‘·
2862 2924 2869 2953 '=

1548 3006 1655 3038 nore
1679 3001 1722 3038 et
1751 2994 1889 3052 gloria
1919 2996 2198 3041 mundissimi
2222 3002 2266 3042 et
2300 2996 2579 3054 pulcherrimi
2610 2988 2797 3057 sepulcri
2850 3035 2861 3041 .
2916 3014 2917 3018 ’

1528 3066 1628 3109 ἰιιὶ.
1657 3067 1916 3123 Speluncam
1940 3079 2127 3125 namque
2143 3082 2282 3119 meam
2307 3070 2443 3115 fetore
2465 3072 2799 3128 perliorrescen·
2854 3114 2859 3123 .,
2916 3087 2917 3091 ’

1548 3145 1635 3183 tem
1657 3146 1700 3185 ct
1724 3141 1942 3186 vermibus
1979 3143 2287 3188 scaturientem
2322 3145 2506 3189 cadaver
2530 3158 2670 3191 meum
2697 3147 2799 3191 hur-
2858 3162 2865 3204 ³,

1548 3213 1675 3257 ribile
1694 3213 1861 3265 reddet,
1881 3220 2004 3258 tuum
2023 3226 2127 3261 vero
2139 3216 2385 3271 sepulcrum
2401 3217 2655 3262 honorabile
2671 3217 2797 3263 exhi·
2863 3227 2865 3230 ⁴

1549 3282 1620 3327 bet
1645 3295 1817 3329 manna.

1494 3388 1530 3434 D
1608 3356 1698 3403 XV.
1725 3358 1776 3400 Et
1794 3358 1950 3412 videte,
1978 3358 2149 3413 fratres,
2174 3360 2391 3417 quomodo
2424 3361 2496 3406 hic
2531 3363 2683 3419 triplex
2717 3361 2799 3408 ho-
2842 3407 2856 3423 ‚.

1551 3443 1631 3474 nor
1655 3444 1740 3488 quo
1759 3431 1964 3477 dilectum
1990 3439 2032 3477 et
2055 3433 2312 3478 familiarem
2334 3446 2462 3478 suum
2497 3434 2705 3479 Dominus
2727 3435 2799 3481 Je-
2838 3450 2854 3492 g·

1549 3516 1627 3550 sus
1655 3503 1885 3550 honoravit
1914 3504 2126 3553 «loannem
2159 3505 2205 3550 in
2239 3506 2349 3561 sine;
2373 3507 2435 3551 illi
2467 3508 2698 3564 respondet
2718 3508 2798 3553 bo

1550 3585 1647 3626 nori
1669 3583 1829 3638 triplici
1851 3595 2054 3642 quocum
2077 3573 2309 3628 honoravit
2330 3584 2374 3628 in
2407 3585 2513 3628 vita.
2551 3583 2646 3643 Ipse
2680 3585 2798 3631 enim
2840 3636 2856 3650 .-

1550 3668 1627 3712 per
1650 3656 1930 3717 semetipsum
1951 3655 1998 3701 in
2025 3656 2310 3717 transitusuo'
2340 3658 2394 3700 ad
2414 3669 2512 3702 eum
2527 3656 2798 3715 familialiter
2853 3647 2856 3650 Α

1549 3730 1684 3781 venit,
1709 3730 1784 3788 qui
1819 3739 1866 3775 se
1894 3730 1934 3777 ei
1958 3729 2215 3777 familiarem
2235 3730 2280 3775 in
2307 3730 2396 3775 vita
2416 3725 2795 3777 exhibere'solitus
2845 3731 2853 3766 ’τ

1550 3810 1658 3847 erat.
1686 3802 1910 3848 viventem
1927 3815 2027 3849 eum
2049 3802 2213 3850 intimis
2237 3804 2528 3850 suis-secretis
2545 3804 2792 3857 admittens,

1550 3875 1846 3921 discessurum
1866 3887 1972 3920 vero
1990 3875 2043 3919 ad
2067 3881 2277 3922 aeternum
2302 3877 2408 3921 illud
2432 3877 2673 3923 convivium
2692 3878 2778 3922 invi

1549 3956 1627 3993 tat.
1656 3949 1968 3995 sanctissimus
1988 3950 2119 3994 etiam
2141 3956 2184 3994 et
2204 3951 2482 3996 beatissimus
2500 3950 2678 4007 spiritus
2700 3951 2796 4007 eius

1551 4023 1603 4065 ad
1629 4034 1799 4077 semper
1823 4022 2074 4067 duraturam
2096 4021 2213 4067 illam
2246 4023 2483 4069 translatus
2513 4029 2579 4068 est
2615 4022 2795 4067 felicita-
2842 4027 2863 4045 '⁵

1551 4099 1654 4144 tem,
1677 4093 1751 4154 qui
1774 4099 1938 4137 tantam
1960 4092 2032 4138 hic
2055 4093 2265 4150 largiente
2286 4094 2330 4138 et
2363 4094 2615 4139 infundente
2639 4094 2794 4150 spiritu

1551 4166 1775 4219 Creatore,
1804 4174 1958 4212 nactus
1975 4172 2045 4212 ,est
2066 4169 2297 4224 puritatem
2313 4197 2326 4219 ,
2349 4172 2398 4211 ut
2416 4166 2604 4211 Verbum
2630 4167 2792 4212 videret

1551 4240 1595 4283 in
1619 4239 1861 4296 principio,
1894 4239 1948 4284 de
1971 4240 2108 4297 gloria
2138 4240 2183 4283 in
2210 4239 2414 4296 gloriam,
2440 4239 2719 4290 de'claritate
2747 4240 2791 4283 in

1550 4311 1792 4356 claritatem
1820 4312 2080 4363 translatus,
2105 4324 2200 4368 quae
2234 4323 2314 4368 per
2334 4311 2554 4368 speculum
2577 4322 2692 4354 nune
2726 4317 2792 4354 est

1554 4386 1599 4429 ln
1616 4385 1857 4441 aenigmate,
1883 4385 1936 4428 ad
1961 4386 2078 4429 illam
2098 4390 2360 4442 pertingens,
2385 4396 2478 4441 quae
2500 4390 2564 4429 est
2598 4383 2707 4428 l'acie
2735 4381 2790 4428 ad
2861 4392 2864 4422 f
2907 4384 2910 4387 ”

2712 62 2797 110 50⁸
2879 116 2882 126 .

2075 2626 2172 2671 Non
2210 2632 2358 2673 antem
2377 2630 2420 2676 in
2449 2625 2799 2676 consideratione
2915 2626 2918 2627 ⁷
