2924 4588
299 146 389 221 'tiss
584 156 612 191 “

1223 150 1530 211 conemini
1543 147 1924 205 manatensis

2774 148 2877 206 tsts

307 262 567 308 ralissimum
607 260 704 303 tecit
734 244 940 308 edictum,
967 258 1030 300 ut·
1054 269 1130 312 per
1163 261 1300 299 totum
1336 253 1543 298 mundum
1567 256 1601 301 Α
1625 263 1648 294 a
1669 251 1755 294 Deo
1774 257 1856 295 est.
1861 249 1974 303 Ergo
1995 255 2039 293 et
2055 246 2259 294 Ecclesia
2290 255 2480 305 potestas
2505 250 2551 294 ln
2571 249 2699 294 terris
2723 261 2747 292 a
2770 235 2883 330 Deor

308 334 549 379 Christiana
571 334 719 387 religio
738 337 950 375 tencatur

363 406 483 459 Tunc
506 381 735 460 impessator
755 402 976 459 Sylvestro
992 402 1187 445 Romano
1206 398 1395 457 pontifici
1417 411 1541 454 rega·

309 480 362 521 lia
385 477 564 532 insignia
582 475 822 528 concessit3
848 481 891 518 et
915 476 1021 530 ipse,
1042 479 1088 516 ut
1110 474 1313 527 maiorem
1335 471 1542 514 Ecclesiis

307 551 427 594 daret
447 549 650 604 quietem,
675 547 808 591 curiae
837 547 1067 589 tumultum
1094 545 1254 588 amovit
1280 556 1411 599 seque
1441 555 1540 586 cum

305 621 420 664 omni
446 632 597 675 pompa
622 631 699 663 sua
722 619 972 675 Byzantium
996 618 1037 661 in
1059 617 1275 673 regionem
1293 615 1538 659 Graecorum

305 692 555 734 transvexit.
583 690 641 733 Ex
675 703 759 745 qua
781 690 1013 734 donatione
1039 690 1210 732 videtur
1231 687 1437 731 Romanae
1458 687 1539 731 Ec-

302 762 445 807 clcslae
468 762 599 804 Roma
623 774 720 810 cum
746 760 866 809 ltalia
891 768 935 805 et
955 760 1093 804 Gallia
1120 760 1256 804 fuisse
1278 771 1303 803 a
1323 758 1538 803 Constan-

303 837 395 879 tino
417 834 569 880 collata

356 904 526 958 imperii
547 915 651 947 vero
671 902 862 946 fautores
879 908 1081 946 asserunt
1100 901 1430 946 Constantinum
1451 912 1538 944 non

301 980 358 1020 tta
395 990 571 1033 regnum
605 976 797 1026 dedisse,
826 974 902 1019 sed
932 974 1149 1018 Romanos
1187 974 1414 1030 pontifices
1443 980 1540 1017 tan-

301 1063 425 1105 quam
459 1050 615 1094 summi
644 1049 719 1093 Dei
753 1048 1013 1098 sacerdotes,
1039 1048 1096 1091 ob
1125 1048 1314 1091 divinam
1338 1059 1541 1091 reveren-

301 1125 403 1167 tiam
435 1125 477 1166 in
512 1129 654 1178 patres
679 1123 872 1177 elegisse,
899 1130 944 1165 ut
970 1122 1023 1166 ab
1051 1122 1115 1165 eis
1137 1122 1322 1166 debeant
1342 1121 1539 1166 benedici

298 1206 533 1249 eorumque
561 1194 674 1249 apud
707 1193 838 1237 Deum
878 1194 1147 1237 orationibus
1180 1193 1389 1248 adjuvari.
1418 1192 1541 1249 Adji-

298 1267 418 1309 ciunt
463 1267 591 1310 etlam
643 1267 1020 1322 approbationem
1062 1269 1162 1322 quia
1208 1266 1536 1318 Constantinus,

298 1351 394 1385 cum
435 1342 546 1383 inter
577 1339 684 1383 filios
708 1353 810 1384 suos
834 1340 980 1383 orbem
1003 1340 1238 1390 divisisset,
1271 1342 1344 1384 uni
1374 1339 1539 1384 dederit

297 1410 531 1462 Orientmu,
559 1412 679 1455 alteri
704 1412 976 1456 Occidentem
1006 1419 1050 1457 et
1077 1412 1204 1456 tertio
1234 1412 1538 1456 Ptolemaidem

297 1496 395 1525 cum
423 1483 667 1539 Babylonia.
701 1484 836 1537 Quam
870 1497 960 1529 rem
997 1486 1205 1529 honestus
1228 1486 1429 1541 princeps
1451 1497 1538 1529 non

296 1554 485 1606 Fecisset,
510 1557 546 1599 si
571 1569 700 1611 regna
723 1557 1024 1608 occidentalia,
1051 1569 1149 1600 cum
1174 1558 1331 1613 quibus
1355 1566 1397 1602 et
1416 1556 1537 1600 ltalia

294 1628 701 1684 comprehenditur.
740 1628 942 1673 Ecclesiae
984 1630 1250 1675 contulisset.
1297 1630 1538 1674 Theodosio

293 1699 422 1741 etiam
451 1698 630 1755 aliisque
658 1700 805 1744 multis
836 1700 1050 1756 religiosis
1073 1700 1424 1757 imperatoribus,
1446 1700 1535 1745 Ro-

291 1778 406 1811 mam
438 1781 535 1812 cum
567 1770 714 1825 reguis
737 1771 1076 1816 occidentalibus
1108 1772 1151 1814 in
1183 1777 1342 1815 sortem
1370 1772 1539 1817 venisse

291 1851 343 1883 ac
367 1842 559 1885 tenuisse
593 1841 821 1886 affirmant.
847 1842 910 1887 Ad
934 1843 1039 1894 liaee,
1070 1844 1314 1899 imperiales
1341 1844 1537 1900 disputa-

290 1918 407 1956 tores
423 1913 650 1970 Evangelia
670 1913 893 1968 inducunt,
911 1921 959 1958 ut
981 1916 1086 1959 illud
1109 1932 1118 1959 ;
1140 1914 1311 1960 Reddite
1326 1929 1418 1973 quae
1439 1925 1536 1960 sunt

289 1984 488 2037 Caesaris.
509 1985 685 2038 Caesart',
710 1995 748 2032 et
766 1999 858 2044 quse
879 1997 973 2032 sunt
999 1989 1090 2040 Dei,
1110 1989 1195 2032 Deo
1220 1989 1391 2042 (Halala.
1423 2003 1533 2044 xxti,

287 2057 378 2101 211.
392 2056 496 2102 Item
515 2075 524 2101 z
541 2058 747 2103 Dominus
762 2061 852 2116 ipse
868 2062 1077 2105 tributum
1093 2074 1172 2118 pro
1192 2075 1238 2107 se
1254 2069 1295 2107 et
1314 2074 1393 2119 pro
1406 2062 1535 2107 Petro

289 2130 494 2185 persolvit
519 2130 691 2187 (Mami.
719 2146 824 2186 xvii,
854 2133 1021 2188 25-26).
1054 2133 1215 2179 Paulus
1239 2135 1369 2184 etiam
1396 2134 1530 2184 dicit:

290 2200 370 2246 em·
386 2202 596 2255 honorem,
615 2203 809 2248 ltonorem
824 2205 958 2261 (Rom.
977 2218 1074 2259 xm,
1095 2207 1162 2262 7)’;
1186 2208 1284 2263 quia
1303 2207 1436 2252 onmis
1455 2220 1532 2263 po-

290 2281 416 2318 testas
440 2289 468 2320 a
484 2275 568 2325 Deo
585 2285 647 2321 est
667 2277 796 2333 (laid.
803 2278 834 2334 ).
855 2277 945 2322 Hoc
967 2279 1153 2323 dicens
1143 2292 1234 2335 ipse
1252 2279 1413 2324 Paulus
1429 2286 1534 2325 tnnc

289 2359 375 2390 non
411 2348 581 2392 Petrum
615 2350 823 2401 intellexit
858 2351 901 2394 in
938 2364 1007 2394 vei
1012 2352 1081 2403 bo
1114 2353 1189 2397 sed
1227 2353 1531 2409 impiissimum
1554 2375 1588 2421 C

288 2417 516 2471 Neronem,
536 2434 577 2477 q·
582 2421 610 2463 ti
633 2422 766 2468 totius
788 2423 906 2466 orbis
926 2425 1097 2467 tenibat
1122 2424 1535 2480 imperium.1ntro·

291 2489 456 2534 ducunt
477 2494 604 2535 etiam
628 2492 915 2549 Augustinum
935 2494 1180 2541 dicentem:
1208 2497 1412 2554 Quoiure
1434 2511 1534 2555 pos-

292 2561 407 2605 sides
434 2563 609 2606 villam?
633 2563 784 2607 Divino
810 2573 885 2611 aut
905 2565 1121 2611 humano?
1146 2567 1298 2613 Divino
1324 2570 1426 2626 quia
1449 2570 1534 2615 Do-

289 2633 391 2676 mini
417 2639 483 2677 est
510 2641 623 2678 terra
647 2642 689 2679 et
715 2637 934 2692 plenitudo
966 2640 1075 2693 eJ'us.
1109 2638 1152 2682 Si
1178 2640 1396 2686 humano?
1418 2641 1534 2700 Ergo

289 2714 313 2746 a
335 2705 522 2769 regibus.
545 2704 589 2748 Si
614 2705 754 2750 dicis:
779 2707 888 2760 Quid
914 2710 1018 2752 milii
1038 2716 1079 2752 ct
1100 2711 1219 2766 regi?
1251 2710 1531 2770 Respondet·

287 2776 398 2827 Quid
424 2777 502 2820 tibi
524 2783 566 2820 e't
589 2780 882 2839 possessioni?

345 2848 548 2894 Ecclesiae
571 2859 711 2895 autem
734 2852 985 2899 defensores
1006 2854 1063 2898 ita
1087 2856 1376 2912 respondent:
1403 2827 1531 2905 Chri·

291 2927 384 2964 stus
408 2921 639 2967 Ecclesiam
665 2935 785 2969 suam
806 2927 1034 2971 mundanis
1055 2931 1419 2984 possessionibus,
1435 2945 1533 2989 qum

289 2995 446 3048 regalia
474 2994 691 3047 dicuntur,
717 2998 850 3041 voluit
879 2999 1098 3045 honorari.
1124 3001 1218 3046 Non
1249 3009 1315 3047 est
1349 3006 1530 3051 creden·

287 3064 388 3108 dum
424 3067 538 3120 quod
576 3066 689 3112 Deus
722 3066 956 3114 Ecclesiam
991 3084 1130 3123 suam,
1160 3086 1287 3129 quam
1319 3076 1530 3133 sanguine

286 3145 366 3176 suo
393 3136 588 3187 redemit,
613 3138 683 3186 cui
711 3139 827 3184 misit
850 3139 1058 3196 Spiritum
1092 3152 1305 3194 sanctum,
1328 3145 1530 3192 Paracle-

287 3211 376 3247 tum
403 3208 456 3251 de
488 3210 627 3260 coelis,
653 3211 799 3267 aliquo
831 3214 985 3268 spiritu
1015 3218 1175 3263 erroris
1208 3217 1344 3274 decipi
1369 3218 1529 3274 permi-

287 3277 432 3330 sisset,
458 3286 506 3323 ut
530 3294 578 3325 ea
604 3296 697 3339 quae
720 3296 807 3327 non
828 3285 973 3329 debuit
996 3288 1247 3342 possideret.
1272 3289 1397 3341 Multi
1412 3292 1529 3338 enim

284 3350 363 3394 viri
397 3354 585 3407 probatae
615 3356 712 3400 vitae
746 3360 904 3414 regalia
935 3360 1142 3407 hactenus
1177 3370 1422 3418 tenuerunt,
1451 3368 1528 3423 qui

283 3436 382 3479 cum
402 3425 468 3470 bis
486 3440 664 3483 reguum
692 3429 764 3473 Dei
789 3433 1026 3488 acquisisse
1047 3434 1298 3483 creduntur.
1321 3490 1329 3494 ᾗ

336 3495 442 3543 Aliis
466 3500 593 3546 etiam
627 3502 767 3553 modis
803 3506 1130 3561 quamplurimis
1161 3515 1306 3565 posset
1329 3510 1523 3567 probari,

280 3571 395 3626 quod
418 3576 459 3613 et
482 3571 793 3620 Constantinus
817 3575 1019 3622 Ecclesiae
1041 3581 1201 3635 regalia
1230 3581 1347 3636 juste
1369 3591 1523 3627 contu·

280 3642 345 3694 lit,
385 3649 426 3686 et
461 3642 653 3692 Ecclesia
690 3648 803 3693 licite
842 3651 1046 3706 suscepit.
1083 3651 1129 3695 Si
1164 3654 1278 3697 enim
1314 3657 1522 3711 quaeritur

282 3715 395 3759 unde
418 3730 537 3773 reges
562 3718 653 3761 baec
676 3720 896 3768 habeant?
917 3726 1179 3780 respondent
1205 3742 1214 3769 :
1248 3726 1320 3773 Dei
1344 3725 1520 3774 ordina-

281 3788 396 3832 tione
429 3797 470 3831 et
505 3790 714 3836 electione
739 3795 901 3849 populi.
938 3795 1063 3851 Quod
1102 3798 1138 3842 si
1173 3797 1287 3845 Deus
1318 3799 1409 3845 haec
1442 3801 1519 3845 tri-

285 3861 452 3906 buendo
484 3865 672 3920 regibus,
713 3868 871 3923 injuste
908 3881 996 3917 non
1034 3870 1151 3924 fecit,
1196 3879 1358 3928 quanto
1382 3875 1519 3932 magis

278 3932 393 3985 juste
416 3934 513 3978 iecit
539 3937 648 3982 Deus
670 3939 761 3982 ord
766 3942 908 3984 nando
926 3948 972 3990 ut
994 3954 1018 3990 a
1035 3943 1224 4004 regibus,
1249 3945 1438 4002 quibus
1428 3959 1518 4002 ipse

282 4001 413 4053 dedit,
447 4005 497 4046 ad
525 4019 750 4059 personam
771 4009 1119 4057 Ecclesiasticam
1153 4013 1518 4066 transferrentur?

283 4072 403 4117 Sicut
450 4076 519 4119 De·
512 4091 560 4121 us
606 4081 863 4125 voluntatem
923 4085 1066 4140 populi
1117 4086 1170 4128 ad
1230 4086 1515 4147 ordinandum

279 4157 422 4202 regem
451 4150 530 4191 sub
565 4163 648 4192 uno
673 4164 884 4198 consensu
923 4157 1130 4216 disponit,
1157 4158 1215 4214 lta
1245 4159 1374 4203 etiam
1396 4160 1515 4216 prin-

277 4218 387 4275 cipis
404 4220 660 4263 voluntatem
676 4224 726 4264 ad
748 4225 1010 4282 largiendum
1030 4229 1232 4275 Ecclesiae
1246 4232 1405 4289 regalia
1419 4246 1515 4290 pro-

284 4292 463 4333 vocavit.
489 4291 573 4336 Cor
597 4295 708 4350 regis
732 4297 774 4339 in
798 4311 922 4342 manu
948 4299 1036 4346 Dei.
1063 4299 1298 4360 Omnisque
1321 4309 1512 4364 potestas

332 4412 394 4470 (5)
427 4413 472 4460 1³.
497 4430 571 4471 per
592 4418 851 4473 bvperbaton
879 4438 887 4464 :
910 4425 961 4466 sit
990 4426 1101 4469 tatus
1119 4434 1166 4469 ut
1188 4440 1348 4481 noum,
1369 4435 1451 4474 etc.

1617 326 1701 364 cst.
1720 318 1852 376 igitur
1874 327 1916 363 et
1939 318 2055 364 Deus
2077 330 2221 376 regem
2252 318 2414 365 babere
2434 321 2615 376 regalia,
2630 319 2748 375 juste
2767 316 2872 364 dis—⁷

1619 395 1786 448 posuit,
1810 399 1852 437 et
1884 393 2087 449 princeps
2102 391 2222 447 juste
2247 392 2366 437 dedit
2386 393 2619 447 Ecclesiae3
2642 398 2685 437 et
2707 391 2868 437 Eccle-.
2921 412 2923 414 ·

1620 465 1683 507 sia
1699 463 1823 507 licite>
1836 462 2050 518 digneque
2073 461 2278 519 suscepit.
2886 506 2889 507 γ

1674 535 1764 592 Ego
1783 542 1942 587 autem,
1973 542 2020 578 ut
2047 534 2102 578 de
2131 547 2264 580 sensu
2288 546 2383 579 meo
2405 534 2573 591 loquar,
2604 540 2746 578 utrum
2770 533 2862 580 Deo

1619 607 1756 664 magis
1770 607 1936 662 placeat
1963 605 2102 662 gloria
2122 611 2166 649 et
2206 604 2412 649 exaltatio
2426 604 2646 655 Ecclesiae,
2665 615 2760 660 quae
2777 604 2867 665 boe,

1618 687 1811 735 tempore
1841 684 1925 732 est,
1961 684 2036 722 aut
2074 677 2316 722 humiliatio
2345 689 2441 734 quae
2476 678 2677 734 primitus
2701 676 2870 735 fuerat,-

1619 750 1828 795 confiteor
1850 762 1919 793 me
1953 749 2169 806 ignorare.
2203 746 2386 793 Videtur
2409 748 2557 792 multis
2581 748 2753 804 quidem
2771 745 2879 804 prt-

1618 833 1715 865 mus
1736 813 1967 865 itle'status
2001 820 2221 873 sanction
2249 820 2332 864 iste
2355 818 2535 864 felicior.
2561 819 2763 865 Assentio
2782 831 2863 882 ιιι-,ι

1618 899 1704 938 tem
1728 893 1855 936 matri
1883 900 2044 937 nostrae
2077 891 2284 936 Romanae
2316 890 2535 945 Ecclesiae,
2568 904 2664 948 quae
2685 891 2815 936 sunda
2872 909 2877 914 ·

1617 972 1683 1010 est
1700 977 1829 1022 supra
1851 971 2035 1022 petram,
2056 964 2101 1009 id
2118 970 2184 1009 est
2207 964 2425 1009 Christum
2446 979 2460 1020 ;
2483 965 2614 1009 credo
2634 963 2748 1020 quod
2767 971 2874 1016 crs

1617 1039 1703 1093 dit;
1740 1038 1879 1083 sentio
1921 1036 2036 1095 quod
2079 1038 2237 1091 sentit;
2273 1038 2440 1082 aestimo
2470 1037 2730 1094 possidenda
2767 1049 2824 1094 qu

1618 1109 1826 1167 possidet.
1864 1108 1989 1167 Quod
2023 1107 2136 1154 enim
2170 1108 2364 1153 Ecclesia
2403 1109 2522 1154 nullo
2543 1121 2691 1154 errore
2722 1107 2870 1155 dec*

1619 1183 1771 1240 possit,
1797 1183 1898 1227 inde
1932 1182 2194 1232 credendum
2225 1190 2292 1227 est
2327 1183 2429 1239 quia
2450 1189 2586 1240 portae
2611 1182 2740 1237 inferi
2776 1194 2851 1227 ιιι--

1618 1255 1906 1312 praevalebunt
1928 1254 2135 1300 adversus
2165 1267 2278 1299 eam.
2305 1252 2429 1308 Quod
2455 1259 2599 1299 autem
2625 1254 2732 1299 fides
2769 1253 2806 1309 eJ‘
2865 1272 2866 1285 2

1619 1334 1762 1372 manet
1788 1329 1830 1371 in
1853 1334 2079 1379 aeternum,
2112 1326 2212 1371 inde
2235 1326 2498 1371 eredendum
2516 1331 2601 1378 est,
2631 1325 2732 1384 quia
2753 1319 2843 1374 dixi
2863 1326 2868 1367 ὲ

1618 1397 1818 1444 Christus
1841 1415 1849 1422 ·
1878 1397 1960 1451 Euo
1976 1410 2054 1454 pro
2071 1406 2110 1442 te
2126 1398 2285 1454 rogavi,
2301 1396 2444 1449 Petre,
2463 1402 2510 1442 ut
2525 1409 2607 1441 non
2624 1395 2791 1453 deficiat
2810 1394 2857 1455 ff.
2879 1450 2881 1452 ῃ

1617 1469 1688 1514 des
1709 1477 1783 1512 tua
1805 1469 1908 1527 &Luc
1922 1481 2033 1521 un,
2064 1467 2334 1527 52).Caetera
2362 1481 2495 1526 super
2514 1467 2583 1514 his
2614 1468 2810 1526 quaestiot
2864 1471 2873 1489 ⁵

1619 1544 1715 1594 bus,
1742 1542 1980 1598 majoribus
1995 1544 2160 1588 nostris
2179 1543 2384 1587 solvenda
2401 1543 2700 1601 relinquimus.
2719 1541 2808 1586 Pau
2824 1566 2839 1577 ›-
2860 1570 2867 1575 >

1616 1621 1762 1660 tamen
1784 1615 1980 1661 versifice
1993 1614 2136 1659 adhuc
2157 1614 2211 1659 de
2226 1614 2515 1660 Constantino
2534 1613 2746 1660 dicemus.

1618 1706 1726 1750 Item
1765 1705 1816 1750 de
1857 1706 1999 1751 eodem
2034 1704 2312 1750 Constantino
2349 1707 2615 1762 imperatore,
2652 1704 2792 1749 triceni

2007 1768 2156 1819 quarto
2189 1761 2242 1805 ab
2270 1762 2476 1818 Augusto.

1614 1832 1705 1882 Rex
1726 1834 2055 1888 Constantinus,
2083 1834 2122 1879 si
2151 1835 2340 1879 scribere
2372 1847 2474 1880 vera
2495 1834 2694 1886 velimus.

1614 1907 1756 1953 Verus
1770 1908 2031 1954 christicola
2047 1907 2190 1953 suerat
2212 1907 2295 1953 sub
2318 1913 2513 1964 tempore
2532 1907 2690 1965 primo,

1669 1982 1798 2028 Novit
1821 1988 1863 2027 et
1884 1982 1968 2027 hoc
1985 1981 2158 2035 Oriens,
2178 1982 2474 2040 occiduusque
2493 1983 2638 2028 sinus.

1614 2054 1754 2100 Annis
1776 2055 1844 2100 bis
1862 2053 2003 2107 denis,
2031 2066 2109 2099 rex
2147 2066 2246 2098 cum
2270 2053 2518 2100 diademate
2534 2053 2664 2106 sedit.

1611 2127 1826 2172 Eusebius
1845 2128 1959 2172 binis
1986 2128 2238 2184 annis-tunc
2261 2137 2369 2184 papa
2394 2126 2570 2177 resedit,

1667 2199 1849 2256 Insuper
1871 2207 1915 2245 et
1936 2212 2148 2258 mensem,
2171 2205 2239 2244 ter
2263 2211 2436 2257 quoque
2457 2200 2645 2257 quinque
2665 2196 2776 2249 dies.

1614 2272 1707 2319 Sub
1722 2273 2010 2321 Constantino
2025 2272 2244 2334 sylvester
2258 2285 2369 2330 papa
2384 2279 2578 2325 notatur,
2623 2311 2626 2315 .

1612 2344 1815 2402 Fertque,
1843 2352 1996 2402 quater
2019 2346 2152 2398 senis,
2179 2347 2322 2389 minus
2338 2357 2469 2397 anno,
2487 2343 2809 2403 pontificatum,
2826 2346 2858 2366 ‘⁴-

1668 2419 1810 2476 Atque
1833 2420 1979 2464 decem
2003 2431 2176 2464 menses
2189 2418 2288 2471 sert,
2308 2419 2576 2476 totidemque
2591 2418 2702 2465 dies.

1612 2492 1850 2549 Baptizavit
1873 2505 1972 2537 eum
2008 2491 2243 2550 sylvester,
2269 2491 2470 2548 idemque
2491 2491 2679 2546 fatemur
2703 2507 2714 2536 ι

1612 2565 1742 2609 Arius
1766 2566 1882 2609 huuc
1898 2564 2100 2623 posthaec
2122 2564 2333 2621 corrupit,
2355 2570 2399 2608 et
2418 2563 2517 2608 inde
2531 2564 2743 2617 dolemus;

1670 2637 1911 2682 Schismate
1935 2649 2122 2696 namque
2145 2648 2226 2681 suo
2253 2636 2584 2681 commaculavit
2597 2648 2712 2686 eum,

1612 2707 1704 2754 Hoc
1728 2710 1836 2755 suit
1825 2724 1869 2754 tn
1888 2711 2004 2764 villa,
2026 2722 2156 2767 quam
2174 2709 2256 2754 rite
2271 2715 2433 2753 vocant
2447 2708 2737 2779 Aquilonam,

1611 2782 1792 2835 Quando
1814 2782 2108 2839 rebaptizans
2110 2767 2346 2827 foedaverat
2369 2782 2462 2840 ipse
2483 2793 2706 2833 coronam.

1668 2855 1839 2912 Scripta
1862 2855 2099 2912 Tripartita
2120 2854 2411 2901 testificantur
2434 2855 2511 2904 ita

1610 2928 1813 2974 Praesulis
1833 2928 2009 2973 Eusebii
2036 2927 2238 2972 manibus
2254 2926 2614 2974 Nicomediensis
2731 2956 2735 2962 -

1609 3001 1755 3058 Turpe
1789 3001 1888 3046 tulit
1917 3002 2154 3046 lavacrum
2163 3013 2255 3051 rex,
2286 2998 2430 3056 turpia
2452 2998 2651 3056 dogmata
2686 2995 2843 3051 sensit·

1664 3072 1771 3118 Tres
1792 3085 1965 3130 quoqne
1980 3072 2100 3117 tilioli
2120 3071 2185 3117 sic
2207 3082 2388 3138 sapuere
2403 3071 2488 3115 sui.
2822 3078 2838 3099 ··>

1607 3146 1697 3191 Rex
1714 3146 2025 3191 Constantinus
2048 3156 2262 3202 proceres
2267 3146 2311 3187 in
2329 3134 2479 3188 fraude
2501 3141 2696 3195 Latinos,

1609 3218 1739 3264 Duxit
1763 3219 1956 3263 abitalia
1974 3219 2152 3275 fierique
2173 3218 2313 3274 coegit
2332 3216 2538 3269 Achivos,
2820 3256 2841 3276 ,

1660 3293 1937 3337 constituens
1954 3290 2133 3335 Romam
2152 3291 2281 3335 rebus
2302 3295 2345 3335 et
2362 3301 2463 3334 arce
2481 3301 2652 3334 novam.
2671 3325 2672 3328 η
2755 3317 2758 3319 Δ
2818 3312 2845 3346 ,η’
2906 3325 2910 3335 .

1605 3365 1842 3411 Transtulit
1862 3363 2090 3421 lmperium
2113 3364 2291 3414 Graecis,
2315 3363 2549 3419 tribuitque
2567 3361 2779 3422 faverent,
2811 3372 2834 3435 ξ]
2915 3385 2920 3395 -

1548 3435 1583 3480 D
1607 3438 1723 3481 nans
1745 3435 2013 3491 alienigenis,
2042 3446 2172 3491 quem
2196 3434 2334 3478 Roma
2362 3435 2543 3480 tenebat
2564 3433 2791 3486 honorem.
2911 3458 2916 3468 ·

1659 3508 1761 3552 itala
1783 3508 2042 3560 destituens,
2070 3506 2264 3559 Graecula
2282 3521 2414 3565 regna
2434 3507 2599 3553 colens.
2815 3519 2825 3566 5·
2904 3560 2906 3562 ,

1601 3582 1803 3626 Cat-dinis
1816 3580 1989 3637 Imperii
2010 3589 2112 3626 tunc
2140 3581 2338 3639 partibus
2354 3582 2633 3630 enumeratis,
2735 3606 2740 3623 ι
2805 3602 2828 3643 4

1601 3655 1746 3701 Terna
1758 3655 1899 3699 tribus
1923 3655 1978 3698 tri
1986 3654 2080 3699 buit
2099 3654 2260 3711 regalia
2276 3654 2598 3706 climatanatis,

1656 3727 1847 3783 Tresque
1870 3729 2008 3772 tribus
2034 3728 2157 3783 jubet
2186 3727 2255 3772 his
2284 3728 2543 3784 participare
2570 3726 2700 3771 alatis.
2811 3773 2820 3794 ‘

1599 3800 1812 3845 Occiduos
1832 3802 1988 3857 primo,
2012 3800 2184 3846 Graecos
2204 3801 2322 3845 dedit
2346 3801 2417 3845 ille
2437 3800 2643 3848 secundo.
2809 3796 2821 3851 i

1598 3870 1767 3918 Tei-nus
1780 3875 1908 3918 babet
1916 3875 2122 3932 Babylon,
2131 3873 2506 3929 ptolemaidaque
2488 3885 2587 3929 Jure
2604 3871 2829 3926 rotundos

1652 3945 1813 3990 Taliter
1832 3946 2022 3990 instituit
2041 3945 2251 4003 quidquid
2276 3946 2322 3989 in
2344 3945 2449 3990 orbe
2468 3945 2564 3989 suit.
2807 3972 2809 3974 -

1597 4017 1707 4074 ipsis
1730 4019 1996 4075 temporibus
2018 4031 2129 4062 crux
2146 4023 2298 4063 sancta
2321 4011 2490 4074 reperta
2507 4017 2693 4068 levatur,
2798 4066 2824 4085 ‚⁶

1596 4091 1757 4136 Helena
1779 4097 1929 4136 sancta
1952 4091 2048 4144 suit,
2067 4091 2193 4147 euius
2221 4090 2378 4136 studiis
2401 4096 2655 4142 venet-amr,-
2796 4088 2822 4142 ,ξ
2892 4112 2894 4116 ,

1651 4163 1706 4207 Ut
1728 4165 1784 4209 sit
1804 4158 1963 4210 nomen
1984 4164 2099 4208 latus
2133 4163 2195 4222 (5)
2216 4175 2324 4208 crux
2345 4162 2569 4208 benedicta
2580 4167 2724 4218 eaput»
2900 4191 2904 4200 ·

1594 4235 1703 4280 Cum
1724 4236 2013 4282 Constantino
2036 4235 2206 4280 Marcus
2220 4245 2394 4292 quoque
2416 4245 2526 4292 papa
2539 4233 2719 4283 resedit.
2797 4258 2804 4264 ·

1593 4308 1670 4353 Cui
1691 4309 1803 4370 binis
1822 4309 1947 4355 annis
1969 4308 2155 4366 populus
2177 4306 2397 4352 Romanus
2419 4304 2578 4357 obedit.
