2924 4588
203 161 312 207 {¹09
540 175 568 210 c

1180 147 1343 192 Perat
1376 141 1727 204 consssroius

2654 149 2765 193 2200

201 256 311 300 etue
340 251 488 298 codem
510 247 693 306 ponebat
717 256 847 302 squei-
879 253 1043 287 cornua
1084 241 1231 294 altaris
1257 239 1438 290 incensi,
1462 242 1500 285 A
1523 243 1609 288 cto,
1645 243 1689 279 et
1713 248 1798 279 uon
1820 236 1904 280 nisi
1930 235 1974 285 in
2006 236 2154 280 cadent
2173 235 2244 282 'die
2279 245 2363 293 qua
2398 236 2703 291 offerebantur,
2726 237 2766 286 si

201 335 243 372 et
265 321 727 383 egrediens,reliquum
747 315 968 373 sanguinis
984 312 1189 358 fundebat
1210 312 1326 356 cirea
1349 323 1440 355 cre·

199 400 391 457 pidinem
417 390 848 442 altaristolocausti,
872 395 914 432 ct
948 394 1119 432 omnem
1146 386 1314 440 adipem
1338 394 1436 427 cuin

198 474 374 519 renibus
403 478 444 515 et
471 467 720 512 renunculis
744 465 944 509 adolebat
965 475 1096 519 super
1115 463 1260 529 'altare
1281 495 1292 512 ‚
1325 461 1439 504 sicut

197 554 242 589 et
275 545 327 588 de
365 542 497 585 vitulo
522 539 675 583 bostiae
714 536 1012 593 pacificorum.
1053 534 1212 577 Pellem
1251 544 1370 580 vero.
1397 537 1440 573 et

200 629 349 661 onines
366 626 518 658 carnes
539 624 638 655 cnm
657 612 758 653 limo
776 612 904 653 etiam
928 607 1131 652 efferebat
1152 612 1272 649 extra
1297 611 1437 647 castra

200 690 401 735 inlocum
430 686 659 734 mundum,
677 684 750 726 ubi
770 683 937 726 cineres
958 681 1119 724 effundi
1145 679 1356 732 solebant,
1397 684 1440 720 ct

198 760 482 806 incendebant
505 770 555 801 ea
578 744 707 812 super
731 763 892 799 struem
917 751 1151 810 lignorum.

254 833 444 875 'Acutilio
473 831 512 874 1.
535 817 643 882 Quia
667 829 826 873 vitulus
861 828 1034 885 propria
1059 826 1201 870 liostia
1239 831 1332 869 erat
1371 836 1441 868 sa-

198 906 438 951 ccrdotum.

389 978 492 1020 Car.
518 975 620 1018 vlit.
646 975 731 1018 Pro
755 981 924 1030 peccato
952 971 1199 1028 Syriaqoqae.

258 1066 271 1092 t
308 1049 430 1101 Quod
457 1048 490 1090 si
524 1047 667 1090 omnis
690 1047 811 1088 turba
851 1057 927 1100 per
959 1044 1247 1101 ignorantiam
1272 1041 1438 1095 fecerit,

197 1123 313 1177 qnod
336 1127 486 1164 contra
516 1119 766 1162 mandatum
789 1116 959 1160 Domini
995 1122 1078 1167 est,
1101 1114 1339 1158 offerebant
1369 1126 1438 1157 se-

198 1195 341 1238 niores
365 1192 511 1248 populi
544 1191 597 1235 ad
633 1191 792 1233 ostium
837 1189 1100 1232 tabernaculi
1127 1200 1204 1243 per
1231 1192 1446 1230 matur-um

197 1264 515 1319 impositionem
559 1263 741 1305 vitulum
781 1261 931 1315 (levit.
961 1259 1062 1315 iv)':
1102 1273 1118 1301 t
1145 1266 1187 1302 et
1224 1258 1351 1302 tiebat
1386 1259 1439 1301 de

203 1336 286 1378 bue
306 1334 456 1385 vitulo,
493 1334 607 1377 sicut
631 1340 673 1376 ct
700 1336 751 1375 de
780 1331 1011 1387 prior-ipro
1039 1336 1213 1386 peccato
1234 1331 1440 1374 sacerdo-

197 1407 267 1450 tis.
311 1405 363 1448 Et
383 1413 532 1448 orante
553 1417 628 1460 pro
654 1405 714 1447 eis
746 1402 983 1452 sacerdote,
1009 1399 1221 1457 propitius
1265 1409 1356 1443 erat
1380 1401 1443 1443 cis

204 1479 429 1523 Dominus.
457 1477 501 1520 ln
526 1477 695 1519 duobus
724 1483 887 1518 tuntum
911 1475 981 1517 liic
1019 1474 1213 1517 innuitur
1234 1473 1442 1518 'differen-

201 1553 259 1596 tia
288 1551 398 1596 inter
420 1557 641 1606 peccatum
682 1547 920 1591 sacerdotis
954 1554 995 1590 et
1035 1545 1199 1601 populi,
1226 1546 1327 1602 quia
1354 1545 1443 1588 sci-

196 1626 297 1668 licet
320 1623 523 1667 sacerdos
548 1635 631 1665 non
652 1621 808 1664 dicitur
832 1631 1009 1676 peccare
1031 1629 1107 1674 per
1137 1619 1441 1674 ignorantiam,

197 1710 283 1740 non
309 1698 421 1740 enim
443 1696 543 1739 licet
562 1697 601 1738 ei
630 1681 828 1750 ignorare
847 1692 1048 1735 mandata
1073 1691 1260 1735 Domini.
1283 1690 1440 1734 lterum

195 1770 298 1826 quia
329 1782 415 1812 non
451 1769 607 1823 legitur
646 1768 742 1828 quis
776 1759 900 1809 orare
947 1776 1025 1820 pro
1068 1766 1308 1818 sacerdote,
1339 1765 1442 1820 quia

201 1857 215 1883 t
250 1841 287 1885 si
324 1852 559 1896 percussus
600 1838 730 1882 suerit
771 1840 1058 1882 incantatora
1084 1844 1298 1892 serpente,
1343 1838 1442 1893 quis

196 1913 436 1957 medebitur
459 1912 525 1956 ei?
568 1912 719 1968 (Et-cli.
744 1911 846 1966 xit.)
867 1926 881 1951 ι
909 1909 1019 1954 Ecce
1058 1909 1440 1966 patetdiffercntia

196 1987 307 2030 inter
324 1986 578 2030 holocausta
601 1985 708 2038 hacc,
731 1991 774 2027 ct
794 1983 1016 2039 praedicta,
1041 1983 1145 2038 quia
1162 1995 1214 2027 ex
1243 1978 1312 2027 bis
1335 1982 1443 2035 niltii

194 2067 286 2102 erat
316 2059 612 2110 sacerdotum,
645 2065 780 2099 totum
805 2055 990 2098 Domino
1013 2056 1286 2114 cremabatur
1310 2057 1340 2104 ἰ.
1366 2064 1442 2100 ne-

194 2143 278 2189 que
319 2132 512 2175 membra
554 2132 736 2174 istorum
765 2142 862 2174 cum
900 2131 1052 2186 capite,
1088 2131 1270 2186 pedibus
1299 2133 1343 2176 et
1377 2131 1420 2174 in

193 2205 364 2248 testinis
408 2204 510 2248 lotis
535 2203 804 2259 ponebantur
828 2215 959 2259 super
987 2203 1126 2246 altare
1219 2203 1442 2247 Generalis

194 2277 309 2321 enim
334 2286 426 2321 erat
445 2278 607 2332 regula,
635 2276 736 2332 quia
760 2277 813 2319 de
843 2277 967 2332 quus
991 2276 1200 2332 sanguine
1225 2276 1442 2319 insereba—

195 2358 267 2394 tur
285 2351 328 2393 in
351 2349 664 2401 sanctuarium,
686 2348 745 2390 nil
770 2360 823 2391 ex
843 2360 893 2391 eo
918 2348 1072 2391 licebat
1097 2360 1337 2400 remanere,
1362 2360 1440 2391 nce

196 2422 360 2478 aliquid
383 2435 434 2466 ex
471 2433 522 2464 eo
546 2434 675 2477 super
709 2422 844 2466 altare
880 2421 1149 2474 adolebatur,
1188 2421 1272 2464 nisi
1309 2422 1441 2476 adeps

196 2509 295 2540 cum
337 2496 515 2539 renibus
552 2502 595 2537 et
637 2494 904 2538 renunculis.
947 2495 990 2537 ln
1031 2495 1158 2538 modo
1181 2495 1311 2538 etiam
1336 2494 1437 2537 offc-

196 2568 337 2622 rendi,
378 2574 421 2611 et
464 2579 645 2611 numero
690 2569 959 2611 sacerdotum
1011 2567 1302 2620 offerentium,
1348 2575 1442 2611 erat

196 2639 452 2684 differentia.
478 2637 539 2682 De
562 2639 767 2683 carnibus
808 2640 921 2683 enim
949 2640 1192 2686 holocausti
1237 2642 1440 2684 salutaris

196 2710 355 2755 fiebant
379 2722 532 2754 novem
558 2717 720 2766 partes,
756 2724 864 2767 quas
891 2724 1022 2768 super
1061 2714 1199 2766 altare¹
1223 2715 1444 2768 ponebant

196 2795 351 2828 novem
388 2783 650 2839 sacerdotes,
676 2785 860 2841 quisque
894 2798 1037 2841 suam,
1066 2800 1178 2831 unus
1203 2796 1435 2842 veroqua-

197 2866 299 2902 tuor
337 2858 466 2902 simul
503 2858 755 2912 oflerebant,
798 2859 965 2903 scilicet
1003 2868 1209 2915 caput‚ct
1231 2860 1375 2915 pedes,
1398 2867 1441 2904 et

193 2930 332 2986 jecur,
368 2938 412 2974 et
446 2930 649 2976 intestina
687 2931 775 2975 lota
793 2944 922 2987 aqua,
947 2932 1032 2976 duo
1060 2944 1163 2975 vero
1185 2932 1439 2987 sanguinem

196 3001 448 3055 offerebant,
474 3009 521 3046 ut
544 3014 694 3047 omnes
716 3004 847 3048 simul
866 3012 1009 3048 essent
1028 3003 1270 3048 duodecim.

251 3076 269 3094 '¹
287 3075 461 3117 Acidino
491 3075 528 3118 l.
549 3074 672 3128 Quod
696 3077 825 3120 ctiam
847 3089 979 3132 supra
1019 3084 1243 3121 notaverat
1278 3078 1321 3121 in
1356 3078 1439 3122 fine

198 3148 423 3203 ‘cuj'usdattt
443 3150 635 3205 capituli,

250 3223 283 3239 ⁹·
309 3222 500 3265 xit-ditio.
523 3223 567 3266 2.
603 3223 727 3268 Hanc
769 3224 962 3268 camdem
1010 3226 1205 3282 regulam
1247 3225 1438 3270 liabcsin

197 3292 407 3349 Apostolo
429 3327 442 3355 ,
470 3302 511 3339 et
535 3294 578 3337 in
597 3295 787 3351 Epistola
806 3297 1095 3342 ad·licbraeos.

323 3366 425 3411 cto.
451 3367 521 3411 IX.
548 3367 608 3411 De
633 3369 769 3411 hostia
789 3382 864 3424 pro
895 3380 1065 3426 peccato
1083 3373 1306 3429 principis.

253 3432 298 3480 Si
321 3440 559 3493 peccaverit
583 3441 800 3496 princeps,
823 3442 957 3497 quiet
976 3444 1241 3490 cbilarebus
1263 3447 1419 3491 dicitur

199 3509 267 3553 vel
303 3511 523 3562 tribunus,
549 3524 625 3567 per
648 3511 955 3568 ignorantiam,
988 3522 1030 3562 et
1052 3524 1149 3571 post
1180 3518 1440 3563 intellexerit

200 3589 422 3636 peccatum
462 3595 606 3636 suum,
633 3584 696 3626 vel
742 3596 818 3639 per
860 3596 922 3638 se,
945 3586 1012 3629 vel
1035 3601 1112 3642 per
1137 3590 1270 3633 alium
1290 3591 1441 3634 ussei-at

202 3656 256 3698 ad
293 3656 453 3698 ostium
498 3656 757 3700 tabernaculi
812 3671 887 3712 per
922 3673 1076 3705 manus
1121 3662 1438 3718 impositionem

203 3731 370 3773 hircum
408 3732 735 3774 immaculatum
779 3733 929 3788 (Lern.
966 3736 1043 3791 tv).
1069 3736 1163 3788 Quo
1199 3739 1439 3794 immolato,

204 3801 395 3856 tingebat
431 3804 632 3846 sacci-dos
659 3803 839 3859 digitum
865 3807 907 3848 in
936 3810 1160 3863 sanguiue,
1182 3822 1269 3866 quo
1290 3819 1440 3869 tange-

202 3875 278 3918 bat
302 3887 464 3919 cornua
510 3877 656 3919 altaris
702 3878 959 3932 holocausti,
996 3882 1209 3936 reliquum
1255 3884 1440 3930 lundens

205 3947 259 3989 ad
303 3947 441 3990 basim
469 3948 580 4001 ejus,
607 3955 648 3990 et
670 3949 867 3993 adolebat
910 3953 1096 4007 adipem,
1134 3968 1255 4000 rencs
1289 3966 1331 4000 et
1369 3972 1438 4002 re-

202 4018 431 4070 nunculos,
456 4019 617 4074 reliqna
651 4029 773 4063 erant
810 4025 1098 4068 sacerdotum.
1122 4027 1205 4071 Sed
1226 4030 1324 4084 quia
1345 4039 1441 4075 crat

203 4090 344 4135 hostia
370 4103 446 4146 pro
470 4098 660 4145 peccato,
687 4101 729 4134 et
754 4094 805 4135 dc
830 4096 1038 4150 sanguine
1061 4100 1154 4154 ejus
1186 4102 1317 4145 tincta
1342 4115 1439 4146 cor-

203 4175 287 4206 nua
315 4163 464 4206 altaris
495 4162 750 4214 holocausti,
789 4178 940 4210 carnes
970 4169 1063 4223 ejus
1104 4179 1227 4215 erant
1262 4183 1438 4228 sanctae,

200 4241 243 4276 ct
277 4232 617 4285 sanctificabant,
661 4247 756 4289 quae
782 4237 836 4278 ab
858 4238 921 4280 eis
950 4247 1075 4283 eraut
1098 4249 1224 4295 tacta,
1251 4246 1324 4288 sed
1352 4260 1436 4290 non

203 4306 399 4362 qualibet
432 4306 519 4348 imo
558 4306 598 4347 in
622 4319 775 4361 genere
800 4321 897 4360 suo,
938 4322 1041 4355 caro
1077 4325 1269 4368 carnem,
1296 4318 1437 4366 simila

203 4379 388 4422 similam
413 4379 535 4434 panis
555 4391 724 4433 panem,
745 4388 788 4423 ct
806 4394 892 4424 non
912 4385 1163 4428 xesccbatur
1181 4388 1244 4431 eis
1266 4390 1348 4434 nisi
1368 4404 1438 4438 sae

202 4451 351 4495 certios
375 4459 545 4504 unctus,
569 4458 611 4495 et
629 4452 834 4507 munduS,
859 4462 900 4498 et
925 4470 1008 4500 non
1044 4459 1127 4504 nisi
1149 4461 1190 4503 in
1216 4462 1311 4510 loco
1334 4477 1435 4513 sau-

1423 3481 1435 3500 ’
1465 3480 1498 3522 D

1518 309 1622 366 quid
1644 309 1866 353 residuum
1890 316 2022 364 esset,
2048 309 2143 366 igne
2164 310 2499 354 comburebatur
2520 315 2550 354 ·.
2566 310 2618 355 Si·
2632 314 2770 359 vestis·

1519 382 1794 437 polluebatur
1831 382 1927 438 ejus
1963 382 2192 439 sanguine,
2218 383 2491 437 abluebatur,
2528 390 2577 428 ut
2599 385 2766 430 nntium

1520 461 1764 498 remaneret
1787 456 1910 498 in-ca
1935 455 2162 511 sanguinis
2185 455 2432 512 vestigium,
2446 457 2646 514 'alioquin
2664 471 2767 502 ure-

1519 526 1663 571 batur.
1694 526 1780 572 Vas
1816 534 2002 574 testeum
2043 529 2088 571 in
2114 540 2201 584 quo
2241 530 2506 584 coquebatur
2532 540 2650 581 caro,
2676 535 2765 574 sta*

1521 601 1598 643 tim
1619 598 1916 657 frangebatur,
1943 613 2104 647 aereum
2137 601 2444 655 defricabatur,
2467 609 2510 647 ct
2541 602 2769 647 lavabatur

1519 683 1650 726 aqna.

1577 747 1591 763 “
1615 745 1790 789 Additio
1810 747 1849 790 l.
1880 746 1969 792 {loc
1988 761 2074 792 non
2092 755 2271 804 propter
2304 749 2387 792 hoc
2409 750 2671 794 sacrificium
2701 748 2769 794 di·-

1521 828 1638 866 ctum
1667 828 1752 873 est,
1772 833 1871 864 cum
1910 820 1954 862 in
1985 832 2037 864 eo
2059 833 2147 864 non
2184 830 2301 866 esset
2325 823 2487 876 simila,
2507 827 2579 869 ¹vel
2619 827 2767 882 panis;

1521 894 1602 942 sed,
1631 892 1684 936 ad
1710 892 1935 946 sequentia
1957 893 2149 949 respicit,
2186 894 2351 938 scilicet
2375 895 2637 941 sacrificium
2661 909 2770 955 pau-

1519 967 1660 1023 peris.

1685 1039 1791 1086 Cat».
1820 1040 1876 1086 X.
1901 1041 1958 1084 De
1984 1042 2121 1085 hostia
2141 1055 2216 1099 pro
2238 1051 2405 1098 peccato
2431 1045 2600 1092 animm.

1572 1113 1680 1157 Cum
1719 1122 1866 1157 autem
1898 1116 2107 1170 peccabat
2129 1128 2207 1172 per
2229 1117 2517 1172 ignorantiam
2554 1121 2697 1165 anima
2715 1120 2770 1168 de

1520 1187 1680 1242 populo
1715 1194 1859 1237 terrae,
1884 1189 2093 1233 offerebat
2125 1199 2301 1246 capram
2341 1191 2684 1247 inu-naculatam,
2717 1207 2771 1239 co

1524 1259 1654 1303 modo
1694 1271 1782 1314 qno
1817 1259 1908 1312 alii,
1931 1260 1993 1303 vel
2022 1272 2179 1316 agnum
2204 1259 2355 1314 (Levit.
2387 1263 2479 1318 1v);
2505 1270 2546 1305 et
2571 1263 2699 1307 fiebat
2718 1264 2773 1308 d'e

1468 1305 1499 1350 B
1523 1332 1615 1375 hat}
1630 1332 1772 1376 hostia
1797 1333 1950 1376 codem
1977 1334 2110 1377 modo
2127 1343 2214 1389 quo
2238 1342 2280 1377 et
2313 1334 2365 1378 de
2394 1334 2519 1378 liirco
2541 1332 2768 1391 principis.

1526 1398 1570 1442 Si
1600 1407 1745 1444 autem
1781 1413 1867 1444 non
1896 1407 2243 1456 poteratrnanus
2278 1401 2372 1456 ejus
2400 1402 2595 1445 invenire
2617 1415 2771 1458 pecuS,

1523 1472 1730 1517 efferebat
1752 1474 1870 1520 duos*
1895 1474 2038 1529 pullos
2076 1474 2277 1526 turturis,
2320 1475 2387 1518 vel
2413 1476 2642 1528 columnae,
2668 1489 2774 1531 quo·
2798 1521 2801 1525 ,
2862 1535 2863 1538 ¹

1526 1557 1623 1588 runi
1656 1548 1765 1588 atter
1789 1544 2051 1591 offerebatur
2075 1545 2262 1592 Domino
2299 1547 2346 1591 in*
2369 1548 2778 1611 liolocaustum,·al·
2831 1558 2837 1564 ·

1525 1629 1590 1662 ter
1610 1628 1703 1663 erat
1747 1620 2040 1673 sacerdotum,
2069 1623 2196 1678 enjus
2216 1629 2360 1666 tamen
2401 1626 2578 1678 sanguis
2596 1622 2774 1667 adsim.-

1523 1693 1775 1739 damentum
1799 1694 1950 1738 altaris
1970 1694 2211 1739 holocausti
2237 1695 2546 1749 distillabatur,
2573 1697 2672 1752 qnia
2693 1709 2772 1752 pro

1523 1774 1701 1821 peccato
1730 1774 1839 1812 erat.
1864 1766 1986 1820 Quod
2007 1768 2043 1825 si
2066 1780 2144 1812 nec
2164 1769 2360 1812 aviculas
2376 1775 2544 1825 poterat
2560 1770 2769 1823 invenire,

1522 1837 1731 1882 offerebat
1763 1838 1970 1892 similam,
1995 1840 2209 1884 decimam
2231 1849 2396 1897 partem
2424 1842 2539 1896 ephi,
2577 1854 2656 1886 nce
2674 1845 2775 1887 mit·

1526 1910 1643 1953 tebat
1660 1910 1704 1952 in
1729 1923 1783 1961 ea.
1806 1911 1969 1965 oleum,
2003 1919 2074 1955 aiat
2099 1913 2215 1965 thus,
2237 1913 2338 1968 qnia
2361 1926 2440 1969 pro
2464 1921 2638 1968 peccato
2657 1922 2767 1961 crat.

1523 1981 1663 2037 Cujus
1699 1983 1952 2031 memoriale
1993 1984 2201 2030 sacerdos
2231 1985 2432 2031 adolebat
2453 1997 2583 2042 super
2603 1989 2771 2044 altat-cg

1523 2055 1739 2111 reliquum
1770 2057 1860 2112 ipse
1883 2056 2070 2102 habebat
2096 2057 2138 2103 itt
2165 2070 2364 2102 munere.

1618 2129 1719 2172 Gar.
1747 2128 1821 2172 Xl.
1851 2128 1911 2178 De
1932 2130 2025 2185 ique.
2043 2131 2158 2186 junii,
2183 2138 2223 2173 et
2243 2131 2446 2188 ejectione
2467 2133 2671 2178 cinerum.

1578 2215 1592 2241 ‹
1621 2200 1779 2246 Iterum
1802 2202 1974 2252 locutus
1992 2211 2062 2249 est
2086 2204 2296 2249 Dominus
2330 2207 2383 2250 ad
2413 2206 2588 2264 Moysen
2613 2223 2622 2251 :
2654 2208 2771 2264 Ignis
2847 2219 2850 2223 ’

1521 2285 1695 2330 semper
1729 2275 1770 2318 in
1811 2275 1937 2318 altari
1975 2277 2159 2330 ardebit,
2196 2291 2324 2334 quem
2362 2281 2525 2323 nutriet
2565 2282 2771 2326 sacerdos

1512 2347 1760 2404 ‘subjiciens
1779 2361 1904 2392 manc
1925 2350 2041 2405 ligna
2060 2363 2136 2406 per
2158 2352 2355 2408 singulos
2369 2353 2463 2398 dies
2476 2367 2493 2407 ;.
2507 2354 2641 2400 eterit
2659 2355 2771 2411 ignis

1524 2434 1577 2465 ex
1617 2423 1768 2466 eodeni
1797 2421 1922 2466 altari
1948 2421 2100 2478 (Leeie.
2142 2423 2221 2480 rt),
2247 2440 2263 2467 ι
2298 2426 2341 2470 id
2379 2434 2446 2470 est
2483 2439 2570 2472 non
2597 2428 2770 2475 aliunde
2802 2443 2803 2446 ’

1523 2504 1726 2550 sumptus
1759 2502 2018 2551 apponetur.
2046 2495 2154 2540 Cum
2188 2509 2289 2541 vero
2312 2499 2478 2544 cineres
2500 2502 2772 2556 superabun—

1523 2568 1701 2621 dabant,
1749 2568 2010 2612 induebatur
2046 2570 2254 2615 sacerdos
2285 2573 2480 2618 restibus
2500 2581 2690 2630 quatuor
2705 2589 2772 2620 sa·

1524 2640 1832 2694 cerdotalibus,
1856 2654 1965 2697 quas
1990 2644 2340 2697 praetaxavimus,
2361 2652 2404 2689 et
2425 2647 2581 2693 tollens
2602 2651 2771 2694 cineres

1523 2713 1576 2756 de
1602 2713 1747 2768 altari,
1774 2716 2013 2770 reponebat
2045 2715 2086 2758 in
2114 2716 2268 2773 pelvim
2294 2718 2420 2770 juxta
2458 2719 2609 2774 altare,
2629 2722 2770 2771 etde·

1523 2786 1677 2840 positis
1715 2788 1908 2832 vestibus
1942 2787 2106 2832 sanctis
2146 2789 2410 2847 indutusque
2439 2793 2684 2845 aiiis,sot·.te
2715 2795 2771 2840 ad

1525 2857 1607 2902 boc
1638 2858 1882 2914 destinatis,
1911 2861 2137 2908 veletiam
2162 2864 2255 2907 suis
2287 2865 2491 2920 propriis,
2508 2867 2684 2913 eineres
2705 2869 2772 2915 es-

1522 2928 1689 2973 serebat
1709 2938 1834 2974 extra
1858 2940 2019 2984 castra,
2039 2934 2140 2977 etin
2163 2935 2257 2980 loco
2289 2938 2595 2989 mundissimo.
2631 2953 2771 2999 usque

1523 3001 1575 3046 ad
1602 3001 1789 3046 favillam
1821 3002 2006 3053 faciebat
2026 3009 2243 3051 consumi.¹

1573 3073 1676 3117 Cae.
1700 3073 1790 3118 xit.
1812 3074 1874 3118 De
1901 3089 1972 3128 esu
1996 3076 2149 3134 adipis,
2174 3085 2214 3120 et
2240 3092 2458 3136 sanguinis
2486 3083 2714 3136 prohibito.

1578 3146 1677 3192 llaec
1707 3148 1759 3191 de
1785 3148 2081 3200 oblationibus
2102 3152 2216 3196 dicta
2248 3153 2462 3198 sufficiant
2490 3157 2580 3201 liic.
2603 3157 2654 3202 ln
2674 3157 2770 3203 Nu-

1521 3222 1652 3265 meris
1690 3223 1742 3266 dc
1779 3226 2075 3272 oblationibus
2119 3235 2292 3283 septem„
2309 3229 2514 3286 legalium
2557 3223 2766 3278 festorum

1521 3294 1694 3351 legitur,
1736 3296 1818 3342 boc
1860 3300 2234 3356 aaldcndo,.quod
2269 3304 2413 3347 omnis
2442 3306 2575 3362 adeps
2592 3304 2767 3352 Domini

1519 3377 1613 3414 erat
1644 3366 1796 3427 (Nam.
1839 3375 1980 3431 xxix).
2011 3375 2191 3432 Adipem
2218 3384 2260 3421 et
2299 3381 2552 3435 sanguinem
2590 3393 2675 3427 non
2699 3398 2767 3430 co·

1522 3443 1702 3487 metietis
1756 3447 1934 3490 oninino
1979 3446 2132 3503 (Levis.
2160 3451 2323 3506 tit-iv),
2356 3455 2471 3508 quod
2509 3454 2766 3513 intelligitur

1521 3518 1575 3560 de
1619 3519 1881 3566 animalibus
1906 3521 2082 3575 oblatis,
2124 3533 2266 3568 tamen
2302 3536 2478 3583 propter
2499 3528 2603 3574 illud
2625 3531 2763 3578 Judaet
2792 3535 2794 3540 ’

1520 3590 1575 3633 ab
1599 3592 1715 3638 omni
1732 3592 2174 3647 adipe-abstinebant.
2204 3597 2287 3641 Sed
2312 3600 2456 3644 verius
2476 3603 2593 3657 quod
2617 3603 2765 3648 Domi-

1521 3674 1604 3721 nus
1628 3664 1816 3720 adipem,
1842 3667 1916 3722 qui
1962 3669 2327 3724 debehtttosserri,
2369 3672 2573 3723 itt-esum
2612 3678 2765 3732 protn-

1520 3734 1612 3777 bnit
1637 3736 1716 3788 eis,
1748 3740 1876 3784 etiam
1908 3742 2164 3787 nominatim
2202 3745 2375 3800 adipem
2407 3746 2763 3803 'bov‘isyoviffiket

1510 3821 1661 3864 :caprae
1684 3812 1712 3854 ⁶.
1734 3810 1814 3856 Adi
1820 3826 1914 3867 pern
1937 3827 2038 3861 vero
2055 3818 2432 3871 morticini,-t³eta
2453 3821 2590 3866 bestia
2609 3824 2760 3878 occisi,
2790 3833 2793 3838 ·

1519 3884 1748 3929 ooiicessit.
1770 3885 1834 3928 eis
1861 3888 1901 3930 in
1926 3891 2227 3945 usus-varim,
2255 3893 2420 3937 scilicet
2456 3895 2519 3941 vel
2541 3897 2596 3940 ad
2613 3898 2763 3942 lucer-

1520 3967 1615 4009 nas,
1646 3957 1711 4000 vel
1746 3959 1974 4004 unctiones
2017 3962 2302 4009 extrinsecas..
2327 3965 2438 4018 Quid
2463 3979 2565 4023 ergo
2594 3964 2760 4014 faciunt
2785 3994 2787 3997 f

1519 4029 1571 4071 de
1593 4029 1719 4084 adipe
1737 4033 1938 4076 animalis
1959 4034 2115 4079 mundi,
2131 4047 2218 4078 non
2237 4037 2388 4089 oblati,
2414 4049 2504 4091 nee,
2519 4042 2758 4095 morticini,

1520 4114 1599 4145 nec
1622 4115 1645 4144 a
1665 4103 1800 4150 bestia
1820 4104 1953 4160 capti,
1972 4106 2009 4149 si
2033 4104 2204 4150 Domini
2223 4110 2327 4151 est?
2356 4109 2482 4154 Forte
2504 4113 2755 4168 projiciunt,

1517 4175 1583 4217 vel
1631 4175 1731 4219 (lant
1768 4177 2022 4234 alienigenis
2046 4179 2100 4221 ad
2141 4179 2373 4225 edendum.
2415 4181 2502 4229 Sed
2537 4186 2758 4241 quomodo

1519 4247 1619 4299 boc,
1644 4249 1709 4291 vel
1729 4249 2025 4294 illudsaciunt
2051 4252 2104 4295 de
2124 4252 2216 4305 itio,
2245 4255 2284 4298 si
2306 4253 2478 4299 Domini
2497 4263 2580 4302 est.
2601 4257 2756 4301 Prohi-

1518 4317 1612 4364 buit
1650 4321 1779 4363 etiam
1819 4322 1882 4365 eis
1925 4322 2134 4368 Dominus
2163 4336 2339 4369 omnem
2363 4339 2487 4371 esum
2531 4330 2757 4386 sanguinis

1513 4391 1668 4447 (Lavit.
1709 4395 1791 4449 ni).
1815 4393 2038 4451 ‹losepbuav
2048 4397 2125 4450 ait,
2146 4398 2249 4453 quia
2281 4400 2470 4444 animam
2494 4403 2757 4457 etspirituin

1519 4464 1563 4508 in
1589 4477 1650 4508 ·co
1688 4465 1974 4523 essenoyscs
1995 4469 2178 4525 putruit.
2209 4469 2257 4513 ln
2295 4481 2384 4527 quo
2417 4474 2758 4519 esutrsunocau·
