2924 4588
285 81 395 128 {6³9

405 171 506 215 Car.
539 165 798 212 CLxxxtx.
830 164 889 206 De
913 164 1108 207 mamiato
1132 165 1366 209 custodum.

306 243 619 297 =Cumfautetq
679 240 767 282 haec
804 238 954 280 tierent
977 270 988 288 ,
1028 238 1231 282 custodes
1265 238 1538 294 redierunt„

278 317 525 359 nuntiantes
561 313 831 373 principibus
859 311 1150 368 sacerdotum,
1172 324 1267 379 quae
1293 312 1405 354 sacta
1429 310 1522 354 sue·

277 395 373 431 rant
384 388 557 442 (70-71).
571 387 691 428 Atilii
704 385 883 441 pecunia
897 385 1069 439 eopiosa
1080 386 1517 441 corrupti,-dixerunt:

276 461 408 504 Nobis
450 459 762 517 dormiewibus
801 458 931 500 furati
969 463 1072 507 sunt
1116 458 1316 512 discipuli
1362 470 1520 513 corpus

274 533 390 577 Jesu.
416 533 468 575 Et
491 532 648 574 mansit
670 531 750 574 hoe
774 530 1084 585 verbumapud
1106 527 1295 581 Judaeos,
1317 542 1454 585 usque
1475 529 1520 573 in

274 607 522 651 hodiernam
543 606 670 647 diem.

273 678 373 721 Cap,
406 676 527 719 CXC.
546 676 665 727 Quod
683 676 884 719 Dominus
904 677 1095 731 apparuit
1113 676 1354 719 mulieribus
1373 676 1415 719 in
1435 677 1518 720 via.

332 765 346 790 ι
383 743 508 793 Venit
532 755 671 792 autem
698 747 829 790 Maria
855 748 1104 804 Magdalene
1123 748 1212 802 jam
1244 749 1442 797 credens,
1476 754 1520 792 et

270 823 454 865 inventis
481 822 595 870 aliis,
618 834 712 876 quae
732 833 830 864 cum
857 822 928 863 illa
952 821 1073 876 prius
1097 821 1284 872 fucrant,
1307 821 1423 864 ibant
1453 822 1516 864 si-

269 897 356 938 mul
380 895 433 937 ad
458 894 710 949 discipulos,
743 893 834 950 jam
858 896 1066 942 certaede
1101 896 1435 939 resurreetione.
1466 895 1517 939 Et

268 981 369 1013 ecce
392 970 580 1012 occurrit
600 969 662 1012 eis
684 968 811 1012 Jestts
849 969 1031 1012 dicens:
1067 968 1215 1011 Avete.
1251 967 1337 1012 1³1ae
1372 979 1514 1012 autem

268 1050 561 1091 accesserunt,
600 1047 644 1085 et
686 1046 919 1084 tenuerunt
963 1042 1094 1095 pedes
1130 1041 1225 1096 ejus
1265 1042 1512 1085 adorantes.

267 1113 380 1157 Dixit
399 1114 462 1159 eis
478 1113 621 1158 Jesus:
648 1113 738 1167 lte.>
753 1114 951 1157 nuntiate
971 1112 1183 1156 fratribus
1202 1113 1325 1164 meis,
1354 1121 1401 1156 ut
1418 1119 1516 1155 eant

266 1188 308 1232 in
332 1186 564 1238 Galilaeam,
591 1187 647 1230 ibi
678 1199 745 1229 me
762 1186 968 1232 videbunt
990 1185 1162 1242 (itacui.
1187 1186 1323 1243 xxvi).
1350 1202 1363 1228 ›
1395 1186 1515 1230 Hanc

263 1260 473 1303 visionem
501 1260 570 1302 sui
596 1260 641 1303 in
663 1258 855 1311 Galilaea,
880 1272 970 1315 prae.
1000 1260 1168 1303 caeteris
1196 1260 1403 1302 Dominus
1424 1272 1515 1303 me·

264 1338 420 1384 morat,
445 1336 547 1388 quia
580 1333 624 1375 in
661 1345 710 1375 ea
738 1333 954 1377 credimus
991 1345 1142 1376 omnes
1175 1333 1412 1387 discipulos
1437 1334 1514 1376 ad·

265 1404 413 1449 fuisse.
439 1405 748 1460 Exprobranclo
771 1406 1030 1460 quibusdam
1050 1405 1254 1448 duritiam
1269 1405 1414 1450 cordis
1438 1417 1513 1450 eo«-

264 1490 375 1528 rum,
395 1490 469 1522 eos
487 1479 824 1534 plenius-dicitur
840 1478 1120 1522 certificasse.
1143 1478 1350 1521 Abierant
1368 1486 1511 1522 autem

262 1553 480 1603 mulieres,
500 1558 542 1595 et
558 1553 866 1594 nuntiaverunt
880 1552 1022 1595 omnia
1038 1551 1229 1595 undeinn
1244 1551 1508 1606 lugentibus,

262 1630 303 1667 ct
327 1625 394 1668 bis
416 1626 486 1680 qui
507 1637 603 1666 cum
622 1624 684 1667 eis
702 1631 840 1675 erant,
866 1625 1015 1668 etvisa
1036 1633 1137 1667 sunt
1159 1629 1260 1667 ante
1281 1637 1373 1678 eos,
1398 1625 1512 1675 sicut

260 1700 588 1745 deliramentum
618 1700 745 1743 verba
773 1700 878 1743 baec.
912 1715 927 1739 ι
964 1698 1117 1742 Petrus
1149 1704 1291 1742 autem
1327 1711 1510 1762 surgens

261 1772 453 1816 cucurrit
474 1772 525 1815 ad
547 1778 888 1822 monumentum,
916 1787 931 1812 »
963 1778 1009 1814 ut
1031 1771 1172 1815 Lucas
1193 1772 1312 1815 dicit.
1338 1771 1390 1814 Et
1406 1769 1511 1815 tunc

259 1846 491 1890 verisimile
518 1851 599 1895 est,
627 1846 741 1901 quod
762 1846 970 1889 Dominus
1001 1847 1198 1900 apparuit
1227 1845 1268 1888 ei
1288 1846 1331 1888 in
1353 1845 1439 1896 via,
1464 1851 1509 1899 et

260 1919 295 1961 si
320 1930 404 1960 non
423 1919 588 1973 legatur
604 1919 646 1960 in
665 1918 913 1973 Evangelio,
935 1918 994 1961 De
1016 1930 1102 1973 quo
1122 1918 1280 1961 dicitur
1303 1933 1314 1962 :
1341 1917 1511 1974 ‹Appa-

260 1991 349 2033 rzuit
374 1998 415 2035 et
438 1991 581 2035 Petro.
619 2008 633 2033 ι
662 1991 899 2048 Quinquies
920 1993 1061 2048 prima
1085 1992 1155 2036 die
1178 1992 1510 2038 resurrectionis

259 2066 472 2120 apparuit.

342 2137 444 2182 cn».
476 2136 618 2183 cxci.
650 2138 711 2182 De
729 2137 887 2181 duobus
909 2138 1100 2182 euntibus
1125 2140 1167 2200 ζὴ
1200 2139 1419 2184 Emmaus.

314 2210 469 2254 Eadem
487 2211 555 2254 die
577 2212 696 2256 visus
719 2219 785 2258 est
802 2213 970 2256 duobus
991 2213 1216 2268 discipulis
1237 2215 1440 2259 euntibus
1460 2214 1506 2257 in

258 2282 478 2334 Emmaus,
505 2297 687 2339 quorum
722 2298 833 2328 unus
857 2286 1082 2330 dicebatur
1106 2286 1336 2341 Cleophas,
1371 2288 1505 2331 tacito

257 2356 432 2399 nomine
448 2358 627 2400 alterius
658 2358 891 2413 putabatur
925 2370 971 2401 sc
997 2358 1136 2402 Lucas
1161 2358 1268 2414 (cap.
1295 2360 1413 2417 xxiv)
1437 2361 1514 2404 ιιι--

255 2429 420 2476 nuisse.
443 2442 560 2473 more
579 2432 838 2485 scriptorum
866 2444 1000 2475 sacra„=
1027 2431 1276 2487 Scripturae.
1306 2433 1389 2478 Sed
1409 2434 1507 2478 Am·

255 2502 427 2546 brosius
454 2503 496 2545 in
526 2503 683 2546 Lucam
710 2503 830 2553 dicit,
850 2504 970 2546 illum
996 2512 1194 2547 vocatum
1223 2507 1378 2550 Amon.
1401 2506 1505 2552 Post

255 2577 537 2620 vastationem
561 2576 717 2620 Judaeae
742 2579 824 2620 sub
843 2579 983 2621 Marco
1009 2579 1239 2623 Aureliano
1260 2583 1503 2625 restaurata

255 2658 320 2692 est
341 2648 558 2698 Emmaus.
580 2657 621 2693 et
644 2651 756 2693 dicta
780 2658 844 2694 est
867 2651 1101 2707 Nicopolis;
1140 2653 1231 2696 haec
1254 2659 1346 2697 erat
1388 2666 1411 2697 a
1437 2653 1505 2699 Je-

255 2723 439 2766 rusalem
483 2724 528 2766 in
566 2724 704 2779 spatio
737 2724 792 2767 60
839 2725 1092 2770 stadiorum.
1136 2726 1329 2770 Tradunt
1363 2727 1500 2773 Gracci

254 2796 486 2850 scriptores
522 2795 748 2839 Herculem
793 2797 1008 2852 gigantem
1057 2811 1144 2842 uno
1183 2800 1375 2844 anhelitu
1419 2802 1500 2844 125

254 2879 408 2922 passus
438 2869 701 2915 cucurrisse,
727 2872 770 2910 et
809 2869 998 2919 stetisse,
1023 2874 1065 2911 et
1089 2881 1112 2911 a
1131 2870 1286 2913 stando
1313 2871 1497 2926 spatium

253 2940 499 2994 hujusmodi
526 2946 679 2982 vocant
702 2941 904 2984 stadium.
929 2941 1124 2997 Cumque
1149 2949 1246 2986 octo
1271 2945 1408 2987 stadia
1437 2944 1499 2986 la-

252 3013 369 3054 ciant
401 3013 582 3055 milliare
607 3014 647 3054 in
684 3026 850 3055 summa
877 3013 932 3057 60
971 3013 1137 3057 faciunt
1169 3022 1332 3070 septem
1363 3017 1498 3059 millia

252 3096 457 3140 passuum
483 3091 526 3127 ει
560 3086 836 3140 quingentos,
867 3086 907 3128 id
932 3094 998 3130 εει
1031 3087 1054 3128 7
1084 3088 1283 3130 niiliiaria
1327 3095 1369 3131 et
1390 3102 1500 3144 qua*-

251 3163 351 3199 tuor
366 3157 521 3205 stadia,
542 3158 583 3199 id
603 3163 669 3200 est
692 3157 837 3200 leucas
855 3164 942 3209 tres
961 3164 1002 3200 et
1026 3164 1114 3202 tres
1151 3166 1297 3214 partes
1314 3167 1494 3216 quartae.

249 3226 340 3272 lbat
363 3235 503 3271 autem
524 3228 650 3272 Jesus
673 3242 769 3272 eum
789 3230 889 3281 illis,
915 3237 958 3273 et
987 3243 1065 3275 ocu
1087 3231 1098 3272 i
1121 3244 1269 3274 corum
1297 3233 1498 3276 teneban-

249 3307 338 3351 tur,
374 3315 428 3346 ue
461 3314 560 3346 eum
597 3308 907 3357 agnoscerent,
943 3304 1057 3348 uude
1093 3305 1263 3358 videtur
1301 3306 1419 3348 aliud
1453 3307 1496 3350 in

1276 73 1438 116 PETRI
1471 74 1822 119 cottfisrottts

1539 170 1579 215 Α
1602 165 1968 218 via,etquomo‹10
1980 171 2380 231 cognoverunteum
2407 168 2448 209 in
2474 167 2682 214 fractione
2706 180 2847 228 panis.
2874 155 2878 158 ⁴

1658 235 1848 279 Ἃιιαῑιῑο
1881 238 1920 280 1.
1952 236 2112 293 fregit,
2137 245 2180 282 et
2213 239 2455 295 porrigebat
2491 242 2592 287 nus.
2628 243 2727 288 ideo
2760 237 2886 294 nes*

2740 84 2850 128 1640

1603 306 1709 350 fiunt
1731 314 1875 363 partes
1895 309 2062 359 ltostiae,
2090 323 2173 354 una
2193 313 2317 366 quasi
2342 319 2407 356 est
2430 311 2614 366 Dmnini,
2631 318 2725 362 duae
2749 333 2849 375 por-

1601 382 1818 436 riguntur,
1839 396 1922 425 una
1947 385 2176 438 sacerdoti,
2202 388 2337 430 altera
2374 387 2591 440 ministro,
2613 396 2678 434 vel
2709 376 2850 438 reserss

1602 459 1728 496 vat-ur
1753 454 1937 499 infirmo.

1601 525 1702 569 Car.
1736 526 1896 571 CXCII.
1933 528 2055 581 Quod
2092 528 2298 572 Dominus
2333 527 2523 584 apparuit
2556 534 2651 577 aliis
2683 535 2875 580 absente
2919 574 2924 583 ,,

2133 583 2320 629 Thema.

1656 672 1839 725 Quidam
1862 679 2003 717 autem
2029 687 2079 718 ex
2103 676 2166 719 eis
2191 689 2277 718 nen
2301 664 2591 731 crediderunt,
2610 692 2662 722 ex
2688 676 2848 736 quibus

1598 758 1711 789 unus
1746 751 1838 789 erat
1876 745 2064 790 Thomas
2110 747 2260 804 (loun.
2294 760 2380 800 xx;
2424 750 2527 794 Luc.
2567 762 2710 809 xxiv).
2754 753 2850 805 Quo
2913 775 2924 811 ᾗ

1597 831 1789 876 egresso,
1811 831 1909 862 cum
1932 819 2074 863 adhue
2095 821 2168 864 alii
2191 823 2540 878 colloquerentur
2564 825 2616 868 de
2643 825 2726 874 bis,
2754 836 2850 881 quae
2911 814 2924 869 ‘j

1599 893 1838 944 audierant,
1865 899 1908 936 ει
1936 895 2136 949 serojam
2163 905 2294 947 esset,
2320 903 2361 939 et
2385 898 2498 941 sores
2518 899 2666 943 essent
2688 901 2849 947 clausae

1598 972 1774 1021 propter
1810 973 1970 1008 metum
2010 966 2273 1018 ludaeorum,
2312 972 2429 1013 stetit
2462 970 2588 1020 lesus
2621 974 2662 1016 in
2705 975 2849 1018 medio

1596 1048 1762 1087 eorum,
1801 1044 1843 1080 et
1879 1040 1967 1082 ait:
2009 1053 2022 1078 ‹
2058 1037 2146 1082 Pax
2170 1041 2291 1084 vobis

1597 1121 1730 1153 mere.
1765 1126 1778 1151 ι
1805 1107 1892 1165 Ipsi
1932 1112 2074 1155 autem
2110 1112 2372 1165 conturbati,
2403 1116 2611 1170 putabant
2637 1130 2682 1161 se
2716 1118 2843 1173 spiri-

1598 1188 1687 1225 tum
1713 1183 1873 1227 videre.
2323 1182 2331 1189 “
2780 1244 2783 1245 ⁷

1650 1255 1851 1300 Nondum
1877 1257 1992 1309 enim
2023 1257 2275 1313 credebant,
2309 1260 2375 1306 vel
2400 1262 2524 1306 tertia
2558 1263 2628 1307 die
2651 1266 2845 1320 potuisse

1592 1342 1739 1372 veram
1757 1343 1928 1374 carnem
1947 1345 2191 1388 resurgere,
2214 1334 2281 1379 vel
2303 1337 2576 1394 suscitatam.
2599 1339 2760 1384 clausis
2777 1340 2845 1394 ja-

1592 1401 1710 1452 nuis,
1746 1404 1875 1458 p‘osse
1911 1404 2088 1448 intrare.
2108 1404 2159 1448 Et
2195 1407 2255 1449 ait
2289 1406 2408 1452 illis:
2451 1424 2465 1449 ‹
2494 1407 2645 1453 Videte
2690 1423 2843 1455 manus

1593 1486 1727 1525 meas,
1749 1482 1789 1518 ει
1810 1475 1940 1530 pedes
1967 1489 2102 1527 meos,
2123 1478 2293 1534 palpate
2316 1486 2358 1523 ct
2401 1481 2558 1532 videte,
2587 1483 2686 1538 quia
2713 1485 2843 1538 spiri·

1593 1552 1662 1590 tus
1681 1558 1872 1596 earnem,
1892 1555 1934 1591 et
1952 1560 2052 1591 ossa
2074 1561 2160 1593 non
2184 1550 2329 1602 habet,
2359 1553 2473 1596 sicut
2502 1566 2570 1599 me
2590 1556 2744 1599 vidctis
2767 1557 2843 1599 ba·

1568 1617 1710 1662 bere.
1740 1634 1753 1659 ι
1778 1610 1977 1663 Ostendit
1994 1622 2058 1664 eis
2083 1621 2307 1667 cicatrices
2343 1637 2566 1677 manuum,
2608 1627 2843 1683 pedum‘et

1590 1692 1756 1737 lateris.
1786 1692 1943 1737 Tribus
1967 1693 2021 1739 de
2055 1697 2202 1740 causis
2233 1699 2453 1758 praecipue
2490 1703 2725 1745 reservavit
2757 1701 2842 1746 Do-

1591 1764 1735 1808 minus
1759 1765 1985 1810 cicatrices
2015 1767 2058 1810 in
2097 1760 2292 1830 corpore,
2322 1771 2421 1816 licet
2440 1773 2750 1829 incoruptibili.
2775 1776 2841 1821 Ad

1589 1837 1957 1881 corroborandam
1978 1839 2102 1882 fidem
2123 1831 2440 1896 apostolorum,
2453 1848 2555 1903 quia
2574 1855 2840 1904 surrexerat;

1589 1915 1632 1951 et
1658 1916 1706 1952 ut
1731 1922 1901 1966 semper
1928 1921 2203 1969 repraesentet
2227 1915 2362 1967 Patri,
2383 1920 2508 1975 quale
2530 1933 2665 1976 genus
2689 1924 2839 1968 mortis

1590 1981 1686 2026 tulit
1721 1995 1800 2039 pro
1833 1985 1976 2037 nobis,
2002 1988 2116 2043 quod
2149 1996 2215 2033 est
2252 1991 2427 2046 quidam
2461 1994 2613 2039 modus
2653 1996 2841 2043 interve-

2335 1075 2345 1093 ,
2381 1055 2460 1097 ego
2484 1056 2596 1096 sum,
2634 1046 2767 1090 nolite
2793 1045 2846 1090 tl'-
2920 1067 2924 1070 ·

1589 2055 1736 2102 niendi
1771 2068 1851 2112 pro
1875 2059 2028 2115 no.bis;
2054 2066 2096 2103 et
2131 2060 2242 2105 utin
2261 2063 2430 2118 jttdicio
2457 2065 2632 2117 videant
2668 2067 2835 2124 perfidi,
2909 2115 2912 2118 Α

1588 2130 1634 2172 in
1664 2142 1791 2186 quem
1821 2139 2094 2188 pupugerunt
2118 2133 2264 2192 (Apo-c.
2286 2134 2333 2193 ι).
2361 2135 2412 2180 Ει
2434 2143 2479 2180 ιιι
2501 2140 2701 2183 ostendat
2719 2141 2838 2186 omni

1585 2200 1709 2247 carni
1735 2205 1859 2263 signu
1884 2206 2076 2251 victoriae
2099 2221 2204 2253 suae.
2231 2208 2362 2254 Verbi
2387 2203 2690 2268 gratia,‘miles
2714 2214 2839 2260 sorti·

1589 2282 1655 2321 ter
1677 2279 1782 2334 egit,
1811 2284 1855 2323 et
1878 2280 2026 2324 multis
2049 2281 2299 2327 vulneribus
2321 2284 2544 2339 perfossus
2568 2292 2651 2331 est.
2684 2287 2754 2331 Ait
2775 2289 2838 2333 itti
2915 2278 2918 2280 v

1549 2348 1810 2395 ¹-medicus:
1840 2351 1916 2397 Vis
1939 2355 2083 2397 sanari
2116 2356 2211 2399 sine
2234 2359 2350 2400 omni
2386 2358 2616 2403 cicatrice?
2638 2362 2703 2405 vel
2735 2374 2833 2405 cum

1586 2424 1866 2468 cicatricibus
1901 2426 1994 2469 sine
2026 2428 2140 2470 omni
2177 2428 2483 2475 deformitate?
2506 2429 2618 2476 Puto
2639 2434 2754 2490 quod
2792 2435 2836 2479 in

1585 2495 1756 2555 signum
1783 2497 1929 2552 gloriae
1951 2510 2055 2551 sum,
2082 2509 2124 2542 et
2149 2513 2227 2556 pro
2252 2503 2449 2559 exemplo
2482 2503 2591 2548 alios
2613 2507 2834 2550 animandi

1584 2573 1638 2617 ad
1674 2574 1804 2626 idem,
1838 2583 2081 2619 reservaret
2116 2576 2360 2623 cicatrices.
2388 2579 2439 2622 Et
2462 2587 2564 2624 nota
2594 2583 2709 2636 quod
2747 2583 2834 2627 duo

1583 2647 1692 2690 mira
1714 2649 1952 2692 secundum
1980 2649 2213 2693 humanam
2238 2653 2467 2703 rationem,
2493 2660 2535 2696 et
2557 2654 2638 2698 sibi
2659 2661 2833 2699 coutra-

1585 2722 1646 2764 ria
1665 2721 1872 2766 Dominus
1893 2723 2084 2767 ostendit
2107 2725 2187 2776 eis,
2208 2737 2367 2781 corpus
2390 2727 2554 2771 scilicet
2571 2729 2832 2787 incorrupti-

1581 2796 1667 2838 bile
1703 2802 1746 2839 ει
1765 2796 1994 2851 palpabile.
2018 2796 2125 2841 Nam
2145 2799 2310 2855 palpari
2326 2812 2411 2843 non
2427 2806 2585 2857 potest,
2605 2803 2719 2859 quod
2745 2815 2831 2850 uon

1579 2875 1888 2925 corrumpitur,
1915 2875 1957 2914 et
1981 2873 2204 2928 corrumpi
2227 2884 2405 2917 necesse
2427 2879 2509 2923 est,
2540 2876 2654 2931 quod
2677 2864 2829 2935 palpa-

1579 2948 1666 2984 tur.
1698 2941 1807 2985 Dicit
1830 2949 1972 2986 tamen
1995 2943 2127 2993 Beda,
2149 2945 2264 3001 quod
2289 2958 2446 3001 corpus
2470 2947 2637 2993 Domini
2671 2952 2830 2997 subtile

1577 3022 1671 3058 erat
1694 3029 1771 3071 per
1793 3017 1990 3061 effectum
2024 3018 2263 3073 spiritualis
2297 3021 2512 3076 potentiae.
2550 3030 2591 3065 et
2615 3025 2829 3081 palpabile

1579 3102 1654 3144 per
1674 3091 1896 3134 veritatem
1921 3098 2101 3144 naturoe,
2124 3092 2166 3135 id
2190 3099 2257 3137 est
2281 3095 2492 3150 palpabile
2515 3103 2754 3151 ostensum,
2778 3105 2827 3143 ut

1576 3164 1799 3208 veritatem
1825 3167 1969 3209 carnis
2005 3167 2222 3221 probaret.
2265 3166 2338 3226 Ycl
2373 3175 2513 3224 potest
2546 3170 2631 3214 dici
2665 3183 2826 3228 corpus

1576 3232 1746 3279 Domini
1772 3249 1872 3280 vere
1897 3238 2082 3290 visibile,
2103 3245 2147 3282 et
2168 3239 2380 3296 palpabile
2400 3242 2496 3285 aliis
2516 3242 2825 3300 incorruptibi-

1577 3307 1717 3360 libus;
1749 3321 1773 3351 a
1814 3312 2170 3367 corruptibilibus
2195 3326 2297 3358 vero
2319 3315 2455 3358 videri
2477 3322 2518 3359 et
2542 3317 2707 3373 palpari
2736 3329 2823 3361 non

249 3376 389 3421 oculis
409 3388 557 3419 eorum
583 3375 734 3427 tuisse,
774 3389 824 3420 ne
847 3389 944 3420 cum
975 3385 1274 3432 agnoscerent.
1316 3379 1367 3422 Et
1390 3380 1491 3423 alibi
1518 3387 1554 3432 Ι)
1577 3388 1734 3438 potest,
1761 3384 1844 3428 nisi
1866 3386 2137 3431 miraculose.

250 3449 407 3505 legitur
427 3449 539 3505 quod
572 3449 770 3504 apparuit
787 3450 850 3492 eis
873 3450 918 3493 in
954 3451 1038 3493 alia
1069 3449 1222 3508 effigie,
1250 3464 1354 3508 ergo
1378 3452 1494 3503 aliud

249 3520 377 3564 etiam
405 3526 498 3563 erat
519 3520 562 3563 in
584 3531 652 3570 eo,
678 3531 732 3563 ne
756 3531 852 3563 eum
871 3530 1170 3576 agnoscerent.
1198 3522 1343 3567 Potuit
1366 3525 1494 3567 etiam

250 3606 362 3646 esse,
397 3598 444 3637 ut
474 3594 653 3637 mutatio
675 3594 868 3649 ejusdem
893 3596 1090 3651 corporis
1120 3598 1316 3641 mortalis
1340 3598 1383 3641 in
1410 3599 1494 3641 im-

251 3665 445 3716 mortale,
468 3678 555 3708 non
582 3667 729 3720 possit·
751 3667 841 3710 lieri
877 3667 971 3711 sine
994 3668 1179 3723 quadam
1218 3670 1490 3725 alteratione,

249 3749 328 3793 pro
349 3751 434 3794 qua
468 3740 611 3783 subito
634 3740 753 3784 visus
775 3753 858 3783 non
885 3748 1209 3795 agnosceretur,
1239 3751 1301 3789 ut.
1339 3747 1375 3788 si
1395 3748 1492 3800 quis

248 3824 376 3868 quem
394 3812 762 3867 vidissetpuerum
789 3814 825 3856 si
845 3816 974 3868 paulo
997 3822 1093 3870 post
1115 3825 1387 3868 occurentem
1409 3821 1491 3865 sibi

247 3886 447 3943 iuvenem
460 3888 639 3938 videret,
658 3901 745 3931 non
761 3901 859 3931 mox
883 3902 980 3932 eum
998 3898 1294 3945 cognosceret.
1314 3891 1363 3934 Et
1391 3906 1488 3938 cum

251 3961 665 4015 cognovissenteum
689 3961 730 4002 in
756 3961 964 4004 fractione
996 3964 1155 4017 panis*‚
1180 3970 1223 4006 et
1241 3965 1489 4009 evanuisset

249 4030 304 4073 ab
325 4030 406 4080 eis,
434 4031 582 4074 eadem
607 4032 710 4075 hora
731 4033 913 4086 regressi
939 4040 1039 4075 sunt
1085 4034 1129 4075 in
1162 4033 1420 4085 Jerusalem,
1445 4042 1487 4078 et

249 4103 506 4145 invenerunt
528 4111 807 4158 congregatos
824 4104 1023 4148 undecim
1054 4114 1094 4148 et
1114 4118 1187 4149 eos
1210 4108 1282 4162 qui
1308 4120 1404 4151 cum
1423 4122 1486 4154 ets

248 4182 371 4220 erant
393 4175 602 4225 dicentes,
635 4177 734 4228 quia
756 4178 942 4222 surrexit
975 4176 1181 4221 Dominus
1212 4193 1325 4230 vere,
1347 4189 1388 4224 et
1412 4196 1485 4234 ap-

251 4247 397 4298 paruit
418 4247 501 4289 Situ
539 4261 595 4297 ιιι,
618 4249 739 4290 etuti
765 4249 1016 4301 narrabant,
1050 4263 1144 4307 quac
1161 4260 1278 4307 gesta
1298 4262 1419 4299 erant
1443 4270 1487 4299 tn

308 4385 471 4441 ,to-71)
504 4388 565 4430 Ex
598 4389 825 4446 Evangelio
847 4391 1086 4448 Nicodemi,
1111 4404 1153 4441 et
1174 4396 1376 4443 Matthaei.

1633 3457 1822 3501 ‘Additio
1858 3459 1898 3502 l.
1931 3458 2034 3503 Inde
2065 3466 2147 3511 est,
2179 3465 2293 3516 quod
2330 3461 2373 3505 in
2409 3463 2620 3508 mittendo
2656 3471 2819 3521 partem

1576 3529 1728 3577 bostiae
1751 3531 1795 3573 in
1822 3532 2016 3583 calicem,
2040 3533 2108 3576 ubi
2146 3535 2343 3590 signatur
2361 3538 2640 3590 resurrectio,
2670 3538 2820 3583 subdi·

1577 3597 1675 3647 tur:
1701 3603 1797 3646 Pax
1813 3604 1982 3649 Domini
2005 3607 2059 3649 sit
2081 3619 2241 3662 semper
2264 3609 2488 3653 vobiscum.
2514 3609 2564 3652 Et
2587 3611 2816 3667 episcopus

1576 3691 1672 3722 cum
1695 3680 1832 3735 primo
1858 3682 2068 3723 convertit
2090 3694 2136 3725 se
2155 3682 2207 3724 ad
2234 3683 2436 3737 populum
2459 3684 2502 3726 iu
2523 3685 2654 3728 missa
2681 3684 2814 3732 dicit:

1575 3749 1670 3792 Pax
1694 3750 1822 3795 vobis.
1860 3750 2065 3796 Osculum
2098 3765 2199 3798 vero
2234 3755 2357 3809 longe
2390 3761 2487 3811 post
2522 3755 2817 3802 introductum

1572 3829 1653 3874 cst,
1675 3837 1752 3880 pro
1771 3837 1900 3867 causa
1930 3827 2192 3882 supradicta.

1573 3894 1674 3940 Car.
1707 3895 1884 3940 exctit.
1921 3898 2041 3950 Quod
2072 3907 2287 3957 postquam
2325 3901 2504 3944 comedit
2536 3914 2629 3944 cum
2659 3902 2719 3946 eia
2752 3903 2815 3945 in·

1815 3955 1985 4010 sufflans
2007 3955 2119 3998 dedic
2141 3955 2343 4011 Spiritum
2365 3966 2571 4001 sanctum.

1626 4044 1778 4088 Adbuc
1817 4047 1899 4090 illis
1925 4058 2044 4090 nunc
2071 4047 2344 4092 credentibus
2366 4052 2425 4092 ait
2455 4049 2607 4094 Jesus:
2635 4050 2810 4096 Habetis

1571 4121 1642 4162 bic
1683 4120 1861 4174 aliquid,
1901 4119 2017 4175 quod
2055 4120 2354 4165 manducetur.
2397 4123 2446 4164 Et
2486 4123 2732 4166 obtulerunt
2766 4123 2806 4166 ei

1571 4198 1733 4247 partem
1763 4178 1894 4246 piscis
1915 4192 2017 4242 assi,
2043 4190 2251 4247 etsavum
2286 4195 2442 4237 mellis.
2469 4193 2521 4235 Et
2538 4195 2805 4238 manducans

1569 4265 1771 4321 reliquias
1790 4263 1906 4308 dedit
1925 4264 2008 4308 illis
2027 4262 2146 4321 (Luc.
2168 4278 2294 4320 xx1v3
2313 4265 2437 4308 Ιοαη.
2453 4263 2542 4324 xx).
2566 4264 2650 4311 sed
2663 4266 2804 4324 scien-

2896 3807 2924 3847 .i

2893 3875 2924 3900 Ἰ
