2924 4588
308 96 415 140 1335

308 270 407 300 num
432 240 645 301 deducens
673 258 724 300 ad
766 256 997 299 Antonium
1027 256 1262 307 remeabat,
1286 268 1412 311 quem
1453 250 1543 297 Αηὲ

306 331 448 373 tonius
474 331 613 372 securi
650 304 877 382 percussit.
918 314 1291 383 Conii'rmatusqtie
1324 334 1390 372 est
1414 327 1542 370 Hero·

304 403 379 445 des
406 403 449 444 in
490 400 824 474 regno-tudam,
868 408 1021 456 quarto
1045 413 1159 444 auno
1183 414 1235 443 ex
1273 413 1358 456 quo
1397 399 1542 444 Roinae

303 470 498 515 diadema
526 479 790 527 susceperat.
815 471 916 517 inde
942 473 1140 528 estquod
1163 473 1422 529 quandoque
1446 474 1541 528 piu-

304 556 387 592 res.
412 545 666 599 quandoque
682 546 906 600 pauciores
925 546 1024 588 anni
1044 548 1161 602 regni
1189 546 1370 595 Herodis
1389 547 1540 602 legun-

304 624 388 660 tur.
413 616 682 660 Translatum
709 624 774 661 est
803 617 944 674 itaque
969 631 1144 673 regnum
1169 619 1222 662 de
1237 617 1346 661 Juda
1365 619 1415 662 ad
1437 620 1557 664 alie—.

301 691 512 745 n’gonam,
542 690 788 733 imminente
807 690 970 734 Christi
995 691 1198 734 adventu.
1223 690 1414 743 Audiens
1446 691 1541 734 Hir·

302 772 436 803 canus
461 759 668 803 Herodem
688 767 952 817 regnantem,
985 762 1110 805 rediit
1134 764 1175 805 in
1198 763 1407 814 Judaeam,
1430 771 1472 808 et
1494 765 1536 806 in

303 833 530 888 pristinum
565 840 720 876 statum
748 836 969 884 restitutus
992 841 1073 886 est,
1099 843 1278 892 excepto
1302 837 1418 893 quod
1450 851 1535 880 non

301 903 586 947 ministrabat.

364 976 464 1020 Car.
497 977 641 1022 XXlll.
667 979 723 1022 De
748 988 877 1023 morte
899 978 1142 1025 Har-iamnes
1158 981 1255 1025 dolo
1278 982 1462 1027 Salome.

353 1044 483 1090 Facta
508 1054 572 1091 est
606 1057 744 1092 autem
789 1050 1003 1101 dissensio
1045 1053 1158 1096 inter
1194 1052 1459 1097 Mariannem
1494 1059 1536 1097 et

300 1115 513 1160 Salomam
550 1132 741 1164 sororem
782 1122 988 1177 Herodis;
1026 1123 1116 1167 haec
1157 1125 1218 1167 illi
1241 1127 1532 1177 meretricum,

297 1189 368 1231 illa
399 1189 498 1233 huic
521 1190 828 1246 ignobilitatem
847 1195 1095 1251 objiciebat.
1117 1195 1309 1242 Consilio
1337 1210 1436 1242 vero
1463 1211 1535 1242 so-

297 1262 409 1306 roris
434 1262 623 1308 Herodes
660 1265 892 1310 Hircanum
917 1268 1074 1312 occidit
1107 1269 1223 1321 dolo,
1249 1283 1300 1314 eo
1327 1271 1442 1324 quod
1461 1283 1527 1315 re·
1558 1264 1590 1307 Β

297 1346 423 1389 gnum
450 1336 529 1380 sthi
552 1335 694 1380 deberi
723 1338 935 1385 Hircanus
958 1340 1133 1384 diceret.
1161 1341 1204 1384 ln
1230 1344 1429 1386 solatium
1453 1357 1534 1387 au·-

294 1414 379 1452 tem
410 1409 650 1456 Marianncs
684 1412 913 1466 Jonatlian,
950 1415 1121 1461 fratrem
1146 1418 1257 1473 ejus,
1289 1431 1386 1462 cum
1419 1426 1534 1464 esset

294 1482 439 1525 decem
458 1495 666 1527 annorum
692 1486 734 1528 in
760 1488 1000 1541 pontificem
1024 1491 1251 1543 ordinavit,
1269 1497 1312 1535 ct
1336 1491 1531 1537 Dosidem

294 1567 391 1598 cum
426 1555 510 1599 tilio
547 1560 772 1613 Antipatro
795 1592 806 1611 ‚
842 1562 892 1605 ad
937 1564 1186 1618 petitionem
1223 1565 1480 1618 Mariannes,
1508 1580 1533 1611 a

291 1625 527 1671 Jerusalem
571 1631 749 1686 expulit,
770 1634 874 1678 solis
913 1636 1052 1682 tribus
1090 1637 1452 1694 solemnitatibus,
1478 1641 1533 1684 ad

292 1699 518 1751 orandum,
547 1704 777 1748 ascendere
813 1707 876 1750 eis
912 1705 1222 1766 lerosolymam
1259 1712 1529 1766 permittens.

293 1771 494 1824 Econtra,
534 1773 702 1818 Saloma
729 1785 999 1834 suggerente,
1025 1781 1194 1826 occisus
1219 1790 1284 1827 est
1303 1783 1530 1836 Jonathas,

291 1856 342 1887 eo
388 1845 500 1900 quod
538 1847 590 1889 ad
636 1860 813 1903 regnum
850 1850 1069 1896 videretur
1104 1855 1310 1911 aspirare.
1339 1856 1532 1913 Cumque

291 1924 512 1967 accusaret
549 1918 715 1964 Saloma
751 1921 1012 1970 Mariannem
1038 1926 1092 1971 de
1119 1928 1346 1982 adulterio,
1367 1932 1531 1976 addidit

290 1990 403 2045 quod
426 2004 628 2050 expresse
652 1996 877 2052 imaginem
901 2011 1023 2044 snam
1058 2001 1234 2046 miserat
1251 2003 1456 2057 Antonio,
1482 2014 1530 2050 ut

290 2064 342 2106 ad
370 2077 556 2110 amorem
593 2081 716 2112 suum
752 2083 848 2126 eum
873 2073 1071 2118 incitaret
1099 2090 1110 2119 :
1145 2077 1258 2133 quod
1290 2084 1337 2121 ut
1365 2091 1530 2136 cogno-

290 2143 430 2181 sceret
465 2138 672 2191 Herodes,
703 2146 947 2201 properavit
987 2147 1039 2190 ad
1069 2148 1318 2203 Antonium,
1346 2151 1532 2198 Marian-

292 2221 388 2252 nem
410 2212 491 2254 sub
521 2217 715 2258 custooia
750 2218 830 2260 viri
867 2216 1037 2264 Salome
1073 2223 1310 2278 collocans,
1344 2233 1460 2269 certa
1489 2228 1528 2271 ei

290 2281 465 2327 tradens
502 2284 770 2343 intersignia,
807 2291 888 2334 sub
917 2294 1073 2350 quibus
1098 2298 1134 2341 si
1163 2299 1407 2343 nuntiatum
1446 2301 1526 2360 ipsi
1551 2319 1594 2371 C*

289 2353 410 2405 soret,
435 2354 694 2402 ulariannem
715 2361 944 2415 occideret,
965 2364 1159 2424 ‚dumque
1179 2381 1341 2413 moram
1369 2371 1528 2417 taceret

288 2425 478 2471 Herodes
514 2429 620 2486 ipse,
646 2438 688 2475 et
722 2434 890 2478 audiret
924 2437 977 2480 ab
1003 2437 1191 2486 Antonio
1222 2442 1451 2498 imaginem
1477 2446 1533 2489 il·

288 2499 370 2542 lam
396 2502 568 2546 missam
594 2503 827 2559 Marianne‚
855 2510 955 2565 quia
981 2509 1194 2558 Antonius
1233 2516 1340 2560 adeo
1373 2518 1524 2576 dilige-

289 2572 360 2615 bat
381 2571 605 2627 Herodem,
636 2578 750 2632 quod
783 2580 891 2622 nihil
915 2593 1014 2626 eum
1039 2585 1212 2638 celaret,
1241 2588 1305 2631 vir
1340 2587 1525 2646 Salome,

289 2657 383 2699 quae
407 2646 486 2690 sibi
525 2647 693 2692 fuerant
727 2653 934 2708 imperata
958 2654 1178 2702 Marianne
1203 2661 1422 2708 revelavit.
1445 2662 1527 2708 Re—

288 2730 413 2761 verso
433 2727 572 2763 autem
598 2720 781 2775 Herode,
812 2739 933 2776 uxor,
966 2741 1064 2771 cum
1101 2731 1143 2774 iu
1183 2735 1280 2776 sinu
1311 2726 1403 2790 ejus
1433 2736 1530 2781 dor-

290 2791 431 2844 miret,
458 2805 554 2836 cum
585 2794 786 2852 lacrymis
810 2811 903 2854 qnae
933 2801 985 2844 de
1013 2810 1149 2847 morte
1171 2804 1267 2859 ejus
1290 2807 1528 2862 imperave-

289 2873 371 2918 rat,
400 2867 618 2912 indicavit.
645 2869 943 2930 Exsiliensque
977 2886 1000 2917 a
1038 2878 1186 2923 stratis
1212 2878 1419 2931 Herodes,
1442 2883 1527 2925 sci-

286 2940 522 2989 scitabatur
545 2955 567 2985 a
596 2957 743 2989 sorore
773 2962 783 2990 ε
821 2962 835 2986 ι
865 2946 1129 2995 Dormivitne
1169 2955 1232 2995 vir
1274 2959 1376 2998 tuus
1427 2968 1524 2999 cum

288 3011 538 3056 Mai-ianne?
562 3028 656 3070 quae
681 3018 737 3059 ait
764 3034 774 3060 :
808 3017 1029 3064 Dormivit.
1059 3038 1073 3064 ι
1110 3021 1349 3080 Statimque
1386 3030 1524 3071 occidi

288 3083 547 3132 Mai-tannem
569 3087 681 3140 serit,
706 3098 746 3134 et
764 3091 902 3136 virum
926 3097 1106 3140 sororis.
1138 3096 1289 3141 Verum
1313 3099 1366 3147 de
1389 3112 1526 3147 morte

289 3157 450 3208 uxoris,
471 3171 597 3213 quam
618 3173 747 3217 supra
771 3163 943 3209 modum
967 3166 1169 3224 diligebat
1194 3172 1299 3217 adeo
1323 3172 1522 3226 indoluit,

287 3235 333 3274 nt
356 3235 557 3287 tanquam
583 3233 797 3279 lunaticus
829 3237 980 3282 crebro
1010 3240 1050 3282 in
1074 3245 1304 3288 amentiam
1338 3252 1526 3292 vertere·

285 3376 515 3421 revocavit.
543 3378 673 3423 Filios
699 3388 840 3426 autem
873 3396 979 3440 quos
1004 3386 1056 3430 de
1080 3387 1299 3435 Marianne
1322 3405 1522 3450 suscepe·
1551 3401 1582 3443 D

288 3453 368 3495 rat,
396 3448 680 3496 Alexandrum
703 3462 743 3500 et
767 3455 1078 3514 Aristobulum,
1101 3461 1281 3510 Romam
1316 3467 1452 3519 misit,
1478 3469 1525 3512 li·

285 3515 503 3567 beralibus
527 3527 693 3571 artibus
718 3530 994 3583 erudiendos.

287 3605 388 3653 Cu»,
419 3607 565 3655 xxtv.
599 3613 716 3663 Quod
749 3614 959 3682 Anqustna
985 3621 1147 3666 addidit
1182 3638 1305 3682 regno
1343 3627 1524 3676 Herodis

592 3669 922 3717 Tracltonittdem
934 3684 972 3718 et
990 3677 1010 3719 t
1017 3685 1209 3724 turoeam.

343 3735 445 3780 Post
470 3739 558 3782 haec
580 3745 858 3790 commissum
892 3755 957 3792 est
995 3752 1185 3806 praelium
1219 3757 1330 3810 apud
1353 3757 1521 3804 Actium

290 3808 399 3852 inter
421 3809 656 3866 Augustum
685 3822 726 3858 et
749 3818 995 3867 Antonium.
1017 3824 1085 3866 cui
1108 3837 1192 3869 non
1219 3828 1413 3872 interfuit
1440 3830 1522 3875 sse·

288 3880 431 3932 rodes,
450 3882 608 3926 missus
632 3885 686 3927 ab
710 3887 891 3934 Antonio
914 3901 1063 3936 contra
1090 3907 1231 3951 regem
1255 3899 1444 3943 Arabum
1468 3902 1522 3945 ad

290 3954 537 4008 petitionem
573 3957 829 4015 Cleopatrae,
870 3971 943 4016 ut,
972 3968 1161 4022 quolibet
1202 3983 1350 4016 eorum
1390 3975 1520 4028 victo,

292 4026 385 4082 ipsa
409 4040 586 4087 regnum
615 4031 727 4076 illius
766 4035 992 4082 obtineret.
1020 4040 1197 4087 Mortem
1230 4045 1343 4088 enim
1375 4059 1522 4104 regum

293 4097 574 4143 Orientalium
607 4102 695 4158 jam
730 4111 833 4149 tunc
865 4110 1136 4163 moliebatur,
1163 4122 1208 4158 ut
1243 4130 1319 4172 pro
1343 4119 1406 4163 eis
1431 4120 1523 4175 ipsa

291 4181 506 4228 regnaret.
531 4176 723 4237 Cumque
747 4179 955 4227 Herodem
990 4186 1197 4235 oflensum
1219 4192 1407 4237 Antonio
1428 4195 1525 4238 red-

294 4242 393 4288 dere
418 4248 663 4303 moliretur,
698 4264 778 4296 nec
808 4254 974 4300 elucere
1011 4259 1198 4312 valeret,
1237 4268 1380 4307 tamen
1415 4265 1525 4310 seri-

295 4316 543 4363 chontinam
567 4328 725 4368 terram
744 4327 982 4382 palmarum
1006 4339 1049 4375 et
1067 4332 1247 4377 balsami
1270 4335 1451 4386 feracem
1479 4341 1525 4383 in

292 4387 359 4434 sui
380 4389 612 4442 dominium
630 4397 717 4451 jam
746 4401 1034 4447 transtulerat.
1061 4402 1182 4451 Victo
1199 4419 1299 4463 ergo
1320 4408 1518 4463 Antonio,

1298 91 1468 136 PE'rat
1496 87 1845 140 consssfrotus

301 196 437 239 aurea
460 195 623 255 corona
644 185 728 227 Deo
754 183 943 227 dedicata
970 184 1153 234 sublata,
1176 184 1337 227 victum
1360 184 1534 239 Antigo·
1566 189 1600 233 Α
1623 190 1719 222 cum
1745 178 1966 236 Augustus
1983 175 2181 231 Rhodum
2206 178 2412 230 venisset,
2444 191 2523 223 nec
2544 179 2777 231 Antonium
2798 183 2863 226 vi-
2900 186 2902 191 '

1598 838 1907 881 ⁴coronamque
1939 836 2037 867 cum
2077 822 2260 866 fortuma
2291 823 2498 878 deposui,
2541 825 2595 869 ad
2639 832 2679 870 te
2714 819 2896 872 auten?

2758 47 2878 141 eze
2903 146 2906 151 ,

1621 255 1738 293 ctum
1762 256 1996 306 reputaret,
2021 261 2119 293 cum
2145 256 2391 305 superesset
2413 249 2604 295 Herodes
2619 283 2632 304 ,
2648 252 2863 308 ‘periculis

1619 333 1852 365 occurrens
1881 320 2098 372 Herodes,
2124 321 2323 376 deposito
2359 321 2505 366 habitu
2532 325 2650 380 regio
2674 326 2718 369 in
2741 325 2881 382 cultu¹

1620 394 1790 448 privato
1824 393 1942 436 stetit
1974 398 2076 435 ante
2107 391 2339 451 Caesarem,
2367 398 2410 435 et
2443 392 2538 437 ait:
2562 408 2577 434 ι
2606 391 2763 438 Fateor
2792 406 2861 438 me

1622 465 1771 510 utilem
1807 463 1940 507 fuisse
1965 462 2181 512 Antonio.
2214 467 2257 507 et
2292 462 2483 515 fidelem,
2509 463 2625 519 quod
2655 472 2869 521 expertus-

1618 536 1774 580 i'nisses
1800 535 1939 586 Actio,
1962 535 1999 580 si
2024 533 2259 579 affuissem.
2287 533 2443 578 Verum
2473 546 2555 579 nec
2585 538 2760 581 omnino
2784 537 2860 582 de·

1607 611 1694 663 -sui,
1713 609 1888 658 auxilia,
1914 614 1959 652 et
1981 607 2196 651 frumenta
2220 607 2395 651 mittens
2412 607 2468 660 ei,
2485 620 2565 652 nec
2587 609 2714 654 modo
2736 609 2861 673 deesf

1618 694 1726 732 sem,
1755 681 1793 724 si
1818 679 1922 723 mihi
1955 678 2237 733 acquiescens
2254 710 2265 728 ‚
2288 677 2559 734 cleopatram
2575 713 2587 733 ,
2618 682 2706 726 odii
2726 677 2859 728 vestri

1618 755 1806 798 fomitem
1829 752 2072 796 occidisset.
2097 750 2189 794 Una
2207 763 2310 807 ergo
2326 763 2423 794 cum
2447 754 2559 797 victo
2581 753 2720 798 vietus
2741 748 2870 808 sum,
2885 765 2893 774 ’-

1617 900 1730 950 reni,
1758 911 1876 954 spem
1902 898 2057 941 salutis
2079 897 2133 940 de
2155 897 2314 941 virtute
2339 909 2618 952 praesumens.
2648 915 2662 937 ›
2681 895 2745 943 Ad
2768 897 2862 945 ΜΟ
2889 924 2894 925 ⁷

1615 972 1759 1016 Caesar
1783 983 1793 1012 ε
1823 985 1837 1011 ι
1867 969 1956 1013 lino
1977 969 2123 1014 salvus
2139 974 2252 1019 esto,
2275 975 2314 1012 et
2334 982 2448 1012 nunc
2473 976 2650 1026 regnato
2670 973 2827 1018 certius
2842 972 2889 1019 2³

1615 1044 1793 1089 meritus
1817 1056 1881 1095 es,
1912 1049 1956 1084 ut
1971 1043 2182 1097 plurimos
2204 1053 2346 1098 regas,
2367 1053 2465 1087 cum
2483 1042 2715 1086 amicitiam
2737 1045 2876 1090 tanta'
2902 1102 2906 1103 ⁷

1615 1118 1698 1162 tide
1722 1117 1900 1161 tuearis.
1927 1114 2060 1159 Recte
2089 1114 2193 1159 fecit
2215 1115 2445 1166 Antonius,
2471 1115 2544 1170 qui
2571 1116 2707 1172 magis
2728 1110 2873 1163 Cleo-¹

1614 1197 1748 1246 patrae
1777 1189 1920 1246 paruit
1941 1200 2068 1245 quam
2094 1187 2186 1231 tibi.
2214 1186 2276 1232 Te
2289 1189 2403 1232 enim
2429 1188 2581 1231 lucrati
2609 1201 2759 1234 sumus
2782 1183 2902 1246 per*

1613 1277 1727 1314 eum,
1754 1269 1929 1319 propter
1959 1262 2055 1317 eius
2088 1261 2337 1305 amentiam.
2358 1261 2564 1318 Experiar
2587 1275 2756 1319 quoque
2780 1260 2868 1309 tibi
2918 1315 2920 1318 ¹

1613 1335 1881 1390 benefacere,
1910 1342 1956 1379 ut
1979 1348 2065 1379 non
2083 1346 2250 1391 quaeras
2273 1334 2519 1378 Antonium.
2555 1351 2570 1378 ι
2587 1334 2695 1380 Cum
2713 1334 2896 1380 autom⁴'·

1614 1415 1864 1466 properaret
1903 1408 2124 1465 Augustus
2165 1408 2210 1451 in
2233 1406 2487 1464 AEgyptum,
2512 1420 2603 1453 non
2641 1409 2779 1453 solnm
2812 1410 2885 1452 in*

1614 1481 1772 1536 praeliis
1798 1482 1935 1525 virtus
1959 1479 2143 1524 Herodis
2167 1480 2348 1531 enituit,
2374 1492 2524 1524 verum
2553 1481 2682 1524 etiam
2713 1481 2756 1524 in
2781 1481 2875 1524 tie--

1614 1559 1728 1596 serto
1751 1555 1869 1596 eunti
1893 1559 1936 1598 et
1964 1552 2160 1597 redeunti
2183 1553 2411 1604 exercitui,
2430 1553 2496 1596 ita
2514 1553 2680 1609 paravit
2702 1544 2886 1605 neces-‘³1

1612 1626 1746 1675 saria,
1782 1632 1829 1668 nt
1867 1638 1945 1670 nee
1978 1637 2186 1682 aquarum
2225 1623 2398 1669 deesset
2440 1626 2579 1681 copia,
2611 1637 2693 1668 nec
2730 1626 2890 1682 quid-

1612 1709 1740 1751 quam
1767 1697 2031 1749 utensilium,
2072 1697 2130 1739 ita
2167 1701 2213 1740 ut
2235 1697 2466 1741 miraretur
2488 1695 2647 1741 Cacsar.
2675 1693 2870 1743 Mortuis*

1611 1780 1712 1812 vero
1749 1767 1978 1824 Cleopatra
2013 1775 2058 1813 et
2081 1768 2284 1819 Antonio,
2311 1769 2526 1813 modicum
2551 1781 2647 1814 esse
2677 1781 2868 1827 regimur

1611 1840 1792 1885 Herodis
1815 1847 1856 1885 et
1876 1840 2058 1885 Romani
2075 1842 2423 1896 conclamabant;
2449 1841 2504 1885 ob
2521 1841 2604 1885 hoc
2620 1844 2852 1906 Augustus,
2890 1875 2891 1878 η

1610 1926 1707 1957 cum
1735 1915 1995 1959 restituisset
2020 1922 2187 1970 partem
2212 1915 2350 1970 regni,
2377 1927 2505 1970 quam
2527 1914 2756 1972 Cleopatra
2779 1917 2856 1974 ab·
2884 1940 2891 1954 a

1610 1983 1804 2037 stulerat‚
1847 1988 2046 2032 condidit
2082 1990 2120 2033 ei
2161 1988 2531 2042 Trachonitidem,
2563 1994 2604 2034 et
2639 1984 2874 2044 ituraeam,
2906 1981 2910 1984 ’

1610 2067 1830 2116 totamque
1855 2061 2121 2104 maritimam
2139 2094 2152 2113 ,
2181 2074 2319 2119 usque
2338 2062 2391 2106 ad
2419 2061 2592 2118 Pirgum
2621 2062 2852 2119 Stratonis,

1609 2146 1737 2190 quam
1767 2139 1865 2190 post
1894 2136 1939 2178 in
1978 2135 2184 2178 honorem
2208 2136 2388 2192 Augusti
2426 2135 2666 2181 Caesaream
2704 2138 2853 2194 appel-

1610 2207 1727 2251 lavit.
1754 2207 2002 2251 AEclilicarit
2021 2215 2163 2252 autem
2186 2209 2228 2252 in
2252 2209 2463 2254 Ascalone
2481 2210 2654 2255 domum
2673 2213 2851 2268 regiam,

1610 2287 1652 2324 et
1675 2281 1876 2338 deinceps
1912 2283 2215 2339 agnominatus
2251 2290 2318 2328 ost
2342 2282 2647 2349 ,Ascalonitass
2671 2283 2852 2331 Natiouo
2896 2303 2898 2307 ’

1609 2355 1723 2397 enim
1743 2354 1956 2400 idumaeus
1984 2354 2066 2398 suit
2090 2368 2140 2400 ex
2171 2363 2307 2412 patre,
2332 2355 2470 2402 Arabs
2493 2368 2595 2402 vcro
2625 2369 2678 2402 ex
2699 2365 2849 2403 matre.

1608 2424 1732 2468 Dedit
1770 2426 1806 2469 ei
1845 2427 1992 2471 Caesar
2029 2427 2370 2485 quadringentos
2406 2427 2581 2479 Galatas
2618 2430 2850 2486 satellites,
2886 2422 2888 2427 ’

1607 2497 1841 2553 stipatores
1865 2498 2120 2556 cleopatrae,
2161 2500 2400 2555 immanes,
2434 2506 2477 2545 et
2509 2501 2735 2559 sauguinis
2770 2501 2882 2546 tiu-³·

1607 2573 1722 2615 mani
1747 2574 1912 2618 avidos.
2456 2571 2459 2574 ’
2883 2581 2885 2588 '

1668 2645 1682 2665 ·
1714 2643 1887 2688 Additio
1926 2646 1966 2687 l.
1987 2644 2064 2689 Vel
2102 2646 2277 2702 proprie
2312 2642 2454 2698 dictus
2486 2651 2551 2694 est
2586 2646 2848 2691 Ascalonita.
2876 2651 2884 2660 ’·

1606 2715 1723 2761 Avus
1759 2716 1872 2760 enim
1911 2717 2024 2772 eius,
2070 2718 2142 2774 qni
2167 2724 2211 2761 et
2250 2717 2459 2768 Herodes,
2491 2718 2735 2763 Ascalonita
2773 2715 2850 2762 luit

1605 2788 1795 2838 natione,
1831 2795 1875 2832 et
1912 2789 2097 2833 aedituus
2121 2790 2266 2846 templi
2301 2790 2540 2847 Apollinis,
2568 2790 2692 2845 eujus
2718 2790 2848 2834 lilium
2875 2789 2886 2800 ”

1604 2858 1871 2914 Antipatrem
1891 2862 2138 2916 puerulum,
2159 2873 2341 2916 rapuere
2372 2863 2562 2907 latrones
2590 2860 2787 2914 idumaei,
2807 2863 2874 2906 et·¹
2898 2895 2899 2898 =

1606 2943 1707 2974 cum
1733 2933 1795 2976 eis
1820 2939 1987 2975 tantum
2027 2933 2123 2985 tuit,
2167 2935 2278 2990 quod
2316 2936 2446 2979 etiam
2482 2940 2581 2991 post
2619 2934 2761 2982 sactus
2782 2935 2862 2980 est'

1606 3004 1809 3062 princeps·
1830 3018 1996 3051 eorum.
2026 3005 2148 3052 Unde
2174 3013 2217 3052 et
2235 3005 2448 3052 ldumaeus
2469 3007 2612 3055 dictus
2632 3015 2714 3054 cst.
2871 3007 2886 3019 “’

1908 3094 2011 3140 Car.
2037 3095 2170 3140 XXV.
2194 3095 2252 3140 De
2278 3096 2548 3142 Herodianis.
2575 3089 2580 3094 ’
2612 3153 2614 3156 y

1661 3183 1744 3236 Qui
1781 3197 1876 3228 enm
1921 3186 2040 3241 prius
2080 3185 2296 3230 Eleutheri
2329 3187 2592 3238 dicerentur,
2615 3195 2638 3228 a
2673 3182 2866 3246 flumine„

1606 3257 1835 3302 Eleuthero
1874 3260 2109 3317 superioris
2135 3259 2343 3312 Galum,
2373 3273 2501 3317 snper
2529 3258 2644 3322 quod
2676 3256 2875 3306 oriundi

1606 3329 1792 3378 fuerant.
1818 3331 1871 3374 de
1907 3338 2063 3375 caetero
2094 3331 2324 3375 llerodiani
2357 3331 2461 3375 dicti
2490 3335 2608 3386 sunt.
2637 3329 2744 3375 Cum
2770 3339 2858 3373 au-
2916 3341 2918 3362 1

1607 3407 1691 3445 tem
1718 3402 2027 3459 secissetprius
2059 3404 2101 3446 in
2123 3403 2362 3448 Jerusalem
2388 3403 2543 3448 turrim
2565 3413 2693 3460 quam
2718 3411 2861 3466 vocas
2902 3419 2905 3458 ς

1606 3473 1667 3516 vit
1690 3473 1942 3526 Antoniam,
1967 3475 2042 3531 qui
2069 3487 2186 3518 nune
2219 3474 2351 3518 turris
2391 3473 2524 3518 David
2549 3473 2727 3524 dicitur,
2748 3470 2853 3517 soci*
2899 3515 2901 3521 ,

1603 3550 1645 3588 et
1670 3558 1785 3588 nunc
1808 3545 1936 3590 aliam
1960 3559 2090 3602 quam
2114 3546 2282 3590 vocavit
2299 3544 2594 3601 Agrippinam.
2622 3543 2657 3586 A
2676 3538 2856 3613 Caesa‘s-

1603 3619 1718 3662 enim
1737 3621 1961 3664 amabatur
1984 3628 2079 3677 post
2103 3621 2332 3677 Agrippam
2349 3652 2361 3673 ,
2387 3627 2430 3664 et
2452 3619 2507 3663 ab
2528 3618 2718 3674 Agrippa
2762 3635 2768 3655 ι
2849 3614 2868 3659 Γ

1604 3692 1835 3739 Caesarem.
1857 3693 2023 3744 Posuit.
2053 3702 2095 3738 et
2120 3695 2308 3751 aquilam
2331 3705 2506 3742 auream
2524 3705 2657 3749 super
2679 3691 2865 3757 specio&-

1604 3778 1694 3809 sam
1717 3773 1887 3822 portam
1912 3767 2059 3823 templi
2100 3766 2300 3811 immensi
2326 3765 2531 3822 ponderis
2563 3767 2604 3808 in
2639 3755 2889 3810 honorent

1603 3835 1916 3893 Romanorum,
1939 3836 2102 3881 Judaeis
2125 3837 2167 3880 id
2189 3848 2300 3892 aegre
2317 3835 2573 3880 serentibus.
2597 3833 2717 3879 Fecit
2738 3844 2887 3892 quq-5.

1605 3922 1688 3964 que
1710 3907 1944 3960 lierodion,
1963 3909 2008 3953 in
2025 3921 2111 3966 quo
2133 3914 2175 3954 et
2196 3908 2392 3964 sepultus
2416 3912 2500 3952 est.
2519 3906 2640 3969 Fecit
2660 3911 2704 3950 et
2734 3896 2848 3948 Pha'-
2863 3902 2913 3971 72³¹?

1604 3979 1752 4023 saelum
1780 3980 1822 4022 in
1846 3981 2098 4024 memoriam
2128 3978 2292 4023 fratris.
2317 3977 2549 4034 Reparavit
2585 3975 2845 4040 Samariam,
2873 3970 2878 3974 ’
2909 3994 2911 4001 ·

1603 4065 1732 4108 quam
1758 4060 1800 4096 ct
1826 4052 2048 4097 Sebastcm
2069 4051 2194 4098 dixit.
2222 4051 2294 4095 ubi
2318 4056 2362 4096 et
2377 4050 2582 4107 templum
2610 4048 2768 4092 maxim
2844 4068 2845 4071 =
2906 4110 2911 4116 ¹

1605 4123 1765 4168 Caesari
1790 4124 2019 4168 dedicavit.
2051 4122 2180 4167 Aliud
2202 4122 2333 4167 etiam
2365 4122 2572 4177 templum
2609 4121 2725 4164 circa
2747 4116 2850 4188 Iol-'7

1603 4197 1730 4240 danis
1749 4196 1912 4250 sontem
1940 4197 2128 4242 candido
2164 4196 2219 4240 de
2247 4207 2464 4247 marmore
2485 4193 2647 4238 Caesari
2669 4190 2855 4257 dedic?-

1603 4270 1711 4314 νῆ’.
1731 4269 1918 4318 Prorsus
1941 4281 2029 4314 non
2051 4268 2350 4314 eratidoneus
2384 4266 2506 4324 regni
2539 4266 2680 4316 locus,
2715 4263 2852 4322 quem

1603 4354 1785 4386 vacuum
1820 4339 1983 4386 honore
2012 4340 2196 4386 Caesaris
2217 4339 2493 4398 relinqueret.
2523 4337 2649 4384 Anno
2672 4345 2845 4394 quoque
2870 4368 2909 4415 34,

1604 4415 1756 4470 «punto
1778 4414 1944 4459 decimo
1967 4414 2086 4472 regni
2111 4413 2180 4460 sui
2206 4413 2409 4471 templum
2427 4411 2594 4458 Domini
2620 4409 2843 4469 magnifice
2867 4418 2885 4460 ,ι

2867 4471 2893 4518 a!

2867 4527 2906 4588 ἰ.
