2924 4588
92 61 175 106 ota

94 234 192 268 vero
226 233 327 277 saga
365 217 513 263 eodem
534 229 610 274 per
631 217 773 262 omnia
805 214 934 260 modo
967 227 1040 260 sex
1076 213 1191 270 sagis
1222 225 1327 258 con-

86 296 237 351 juncta
258 297 398 342 erant,
423 296 599 345 excepto
621 289 735 344 quod
758 286 936 332 cortinae
967 285 1154 337 annulis,
1179 292 1226 328 ut
1261 284 1327 328 di-

89 372 205 408 ‹tnm
242 368 324 414 est,
348 361 508 412 aureis,
545 372 644 417 saga
670 370 773 403 vero
798 358 939 402 fibulis
970 358 1100 402 aeneis
1129 357 1326 413 copulata

90 435 277 479 ruerunt.
323 433 454 477 Erant
479 443 649 488 quoquc
679 430 841 476 ansulae
870 429 1157 487 hyacinthinae
1186 429 1232 472 in
1261 429 1325 472 la-

88 507 250 551 teribus
293 517 342 548 ac
383 502 704 549 summitatibus
745 503 1012 546 cortinarum
1048 517 1058 545 ε
1104 501 1168 545 sic
1210 502 1323 546 enim

86 580 294 634 scriptum
319 583 384 622 est
412 591 421 622 t
446 575 630 619 Ausulas
657 574 948 632 hyacinthinas
977 575 1022 618 in
1044 574 1245 619 lateribus
1275 588 1325 619 ac

85 653 393 698 summitatibus
417 652 545 709 facies
570 652 826 694 cortinarum
852 649 1005 707 (Exod.
1032 663 1150 702 xxvi,
1172 650 1233 709 t).
1270 650 1324 700 Et

84 731 186 771 sunt
207 726 378 783 quidem
421 725 614 769 nonnulli
648 719 720 780 qui
753 724 832 768 has
855 725 1117 768 cortinarum
1145 724 1323 768 summi-

82 805 193 844 tates
218 801 307 856 ipsa
331 811 477 843 carum
502 798 660 855 capita,
681 810 775 853 quae
797 797 997 841 deorsum
1020 796 1206 853 pendent
1227 810 1323 840 rer-

81 884 158 918 sus
185 877 358 925 terrain,
398 872 548 914 dicunt
583 871 740 915 debere
773 870 969 926 intelligi,
992 871 1034 914 et
1072 870 1125 914 ad
1162 871 1242 914 hoc
1276 870 1320 914 in

82 945 189 1001 ipsis
208 945 420 1000 capitibus
441 955 568 987 ansas
597 944 751 987 dehere
768 944 892 999 poni;
916 949 1128 998 quatenus
1152 943 1320 990 innexis

80 1017 258 1062 funibus
300 1017 514 1072 praedictae
560 1017 738 1060 cortinae
774 1017 1077 1067 tenderentur,
1117 1021 1160 1060 et
1202 1006 1322 1061 tene-

79 1098 229 1135 rentur
246 1091 432 1147 paxillis,
456 1103 507 1133 ne
529 1089 732 1133 violentia
759 1089 1032 1133 suboriundae
1055 1091 1321 1144 tempestatis

78 1166 194 1222 ipsas
215 1165 430 1210 evelleret.
457 1164 508 1206 lit
524 1163 623 1220 quia
649 1164 801 1208 harum
820 1163 1068 1207 ansularum
1093 1174 1318 1206 numerum

0 1678 7 1734 J
72 1682 220 1731 putant
241 1677 500 1719 summitates
530 1676 798 1729 cortinarum,
823 1678 962 1732 capita
988 1689 1133 1719 earum
1156 1677 1198 1719 iu
1218 1675 1317 1720 tatt-

58 1744 214 1792 'tudi'nc
249 1748 391 1792 debere
429 1750 621 1808 inlelliqi,
662 1750 797 1806 ibique
835 1749 1024 1799 ansulas,
1058 1749 1168 1792 sicut
1197 1755 1237 1791 et
1271 1750 1314 1792 in

75 1822 273 1865 lateribus
312 1824 404 1877 ,liert
442 1830 689 1878 pracceptum
729 1822 872 1877 [uisse.
914 1820 994 1866 Sed
1033 1834 1127 1866 cum
1165 1820 1218 1864 ab
1255 1822 1314 1864 eis

72 1897 274 1952 queri-itur
297 1893 351 1938 ad
383 1909 483 1951 quos
510 1909 609 1938 usus
633 1895 691 1938 ibi
712 1895 882 1952 suerint,
908 1895 946 1938 si
968 1903 1109 1938 tamen
1135 1893 1193 1938 ibi
1218 1894 1312 1938 fue—

73 1969 175 2020 rint,
214 1967 472 2023 respondent,
521 1975 565 2010 ut
604 1967 773 2024 [unibus
812 1967 972 2011 ansulis
1012 1967 1209 2011 immissis
1242 1979 1314 2023 per

71 2041 249 2096 vasculos
287 2042 381 2085 ltine
413 2040 507 2085 inde
529 2040 858 2085 distenderentur
892 2041 1087 2091 cortinoe,·
1112 2039 1183 2084 sed
1218 2042 1314 2084 nul-

74 2116 158 2157 iam
191 2115 283 2159 inde
306 2117 549 2159 mentionem
586 2114 804 2170 Scriptura
836 2113 974 2170 [acere
1007 2113 1179 2156 ridetur.
1213 2112 1313 2157 Haec

3 2231 7 2239 ,
73 2187 143 2232 ille
164 2188 217 2236 dc
239 2189 575 2232 summitatibus.
612 2187 707 2231 Non
740 2199 842 2243 ergo
881 2186 994 2231 idem
1024 2187 1091 2230 vir
1123 2186 1311 2232 disertus

73 2260 150 2305 has
175 2262 436 2304 cortinarum
459 2261 744 2313 summitates,
777 2259 917 2317 capita
939 2272 1088 2304 earum
1108 2260 1308 2310 deorsum

71 2346 221 2378 versus
245 2340 403 2378 terram
426 2334 724 2391 dependentia,
752 2333 826 2378 sed
859 2334 1039 2391 angulos
1071 2335 1230 2390 potius,
1268 2340 1310 2378 et

0 2407 10 2461 ‚¹
73 2407 322 2463 superficies
344 2408 527 2451 laterum
549 2398 813 2451 cortinarum
841 2408 1026 2464 appellat
1053 2423 1062 2450 :
1086 2408 1129 2451 in
1154 2407 1311 2464 quibus

71 2481 268 2533 videlicet
286 2481 492 2526 lateribus
524 2481 832 2537 quinquaginta
856 2493 932 2536 per
954 2481 1127 2537 longum
1151 2482 1311 2526 ansula}

0 2562 3 2570 ¹
35 2547 38 2550 ’
71 2561 209 2606 eraut,
235 2555 347 2598 sieut
370 2555 413 2597 in
436 2554 775 2609 praecedentibus
799 2554 902 2597 dicit
921 2569 929 2597 :
945 2554 1131 2607 Videtur,
1157 2554 1309 2613 inquit,

0 2676 1 2682 χ
71 2627 204 2679 uobis,
229 2627 336 2685 quod
359 2641 612 2684 unaquaeque
638 2628 800 2670 cortina
833 2629 875 2670 in
909 2636 1080 2684 utraque
1109 2636 1227 2684 parte
1250 2642 1330 2672 se-.

0 2690 13 2716 ²”
71 2699 246 2743 cundum
274 2701 571 2757 lonyitudinem
603 2714 739 2753 suam,
771 2708 811 2745 et
847 2703 887 2744 in
925 2701 1249 2754 summitatibus,
1268 2702 1311 2744 id

2 2769 10 2777 ’
71 2781 130 2815 est
152 2773 192 2814 in
230 2773 392 2830 anqult's
412 2773 606 2825 laterum,
633 2774 805 2821 ansulas
828 2775 1127 2831 quinquaqinta
1150 2774 1310 2819 habuit.

73 2844 130 2889 De
154 2846 454 2901 conjunctione
487 2858 588 2891 vero
613 2847 875 2889 cortinarum
901 2853 943 2890 et
975 2859 1175 2903 sagorum
1200 2848 1335 2892 idem*

0 2915 9 2923 “
41 2907 53 2930 '³
73 2918 153 2962 hoc
173 2918 299 2961 morlo
323 2919 474 2963 scrIbit
497 2934 506 2963 :
531 2918 847 2976 Iutcli'iqendum
867 2927 927 2962 est
949 2928 1310 2974 proemoustratum

0 2982 4 3007 ¹
73 2991 200 3045 {uisse
223 2991 359 3048 Moysi
382 2991 694 3035 tabernaculum
715 2992 758 3035 in
782 3001 934 3044 iuome,
960 2992 1015 3036 ad
1035 2994 1154 3049 cujus
1175 3006 1314 3038 exem·

0 3064 6 3070 ”
71 3063 165 3117 plur
188 3062 308 3114 illud,
338 3064 446 3119 quod
479 3063 667 3119 facturus
693 3071 802 3118 erat,
827 3064 960 3120 fieret.
984 3063 1313 3124 Tabeifiaeaculuin

0 3137 5 3196 J
74 3147 164 3197 uero
183 3136 242 3178 ita
265 3136 357 3191 fieri
389 3136 597 3192 praecepit,
623 3143 670 3179 ut
701 3137 923 3192 supponit:
941 3137 1181 3194 scilicet-,lut
1205 3139 1314 3181 ucci-

6 3218 8 3221 '
72 3210 240 3264 piantur
271 3209 409 3253 decem
441 3211 626 3262 cortinae,
659 3211 804 3271 *quales
855 3219 894 3253 et
915 3217 1096 3267 quantas,
1125 3210 1209 3266 ipse
1242 3210 1313 3254 de·-

0 3282 4 3354 ,'
75 3284 236 3335 scribit,
263 3292 299 3326 et
327 3284 459 3327 mult-a
498 3284 583 3327 alia
625 3297 716 3341 quae
751 3285 956 3341 adJuuyit,
988 3293 1031 3328 ut
1066 3297 1117 3330 ea:
1151 3286 1212 3331 eis
1236 3287 1313 3343 fiat

0 3364 2 3376 ’
77 3355 400 3400 tabernaculum.

129 3428 274 3474 xxiii.
309 3429 538 3474 Sciendum
570 3437 713 3475 tamen
741 3432 931 3486 cortinas
963 3434 1133 3489 proprie
1167 3436 1312 3479 vocari

0 3494 4 3523 ἕ
75 3502 411 3563 tabernaculum.
437 3502 703 3559 Hyacinthus
732 3503 831 3547 lana
851 3503 944 3562 hoc
974 3506 1119 3558 colore
1150 3506 1309 3562 tincta3

75 3586 265 3630 purpura
304 3576 526 3633 sanguinei
551 3583 616 3620 est
648 3577 822 3628 coloris,
843 3583 886 3620 et
913 3576 968 3627 de
990 3579 1311 3636 conchyliorum

79 3652 284 3705 sanguine
317 3653 477 3705 tincta;
513 3664 668 3696 coccus
693 3653 760 3697 bis
784 3652 942 3699 tinctus
981 3654 1078 3699 lana
1112 3640 1313 3705 coccineo

79 3722 221 3765 colore
247 3722 314 3766 bis
335 3724 481 3774 tincta,
508 3730 555 3766 ut
578 3724 758 3767 multum
781 3726 914 3771 rubea
948 3727 1030 3779 sit;
1063 3727 1218 3784 byssus
1247 3733 1313 3772 est

79 3806 212 3848 genus
248 3796 486 3839 mollissimi
525 3802 567 3840 et
604 3798 1024 3853 candidissimilini,
1058 3812 1186 3856 opere
1220 3801 1314 3857 plu-

81 3867 229 3910 mario.
255 3866 421 3921 Pluma,
458 3875 502 3911 ut
539 3869 642 3913 dicit
665 3870 949 3927 Augustinus,
981 3873 1125 3930 lingua
1157 3875 1313 3931 punica

81 3936 237 3983 dicitur
259 3950 378 3982 acus.
404 3938 519 3996 Opus
556 3942 814 3996 plumarium
838 3949 920 3995 est,
947 3956 1044 3992 cum
1075 3946 1166 4001 iam
1201 3947 1315 3990 sacto

83 4020 223 4069 panno
248 4010 315 4052 (ila
357 4023 487 4055 aurea
522 4020 595 4056 aut
628 4021 827 4070 argentea
864 4028 943 4063 acu
963 4004 1241 4071 inseruntur,
1268 4025 1314 4062 nt

12 4098 13 4102 ¹
84 4079 156 4138 liat
175 4083 503 4139 auriphrysium,
523 4091 596 4128 aut
616 4084 795 4130 diversae
813 4088 856 4130 in
878 4087 973 4144 ipso
989 4101 1132 4144 panno
1150 4091 1310 4146 ligurae:

73 4152 327 4219 ⁸hujusmodi
364 4168 471 4212 opus
506 4158 632 4215 vulgo
666 4159 909 4217 brustatum
948 4163 1151 4218 appellari
1189 4164 1315 4214 solet.—

85 4223 236 4269 Decem
259 4227 435 4271 cortinae
454 4229 719 4274 tabernaculi
751 4232 815 4276 sic
850 4225 1071 4290 dispositae
1102 4243 1241 4289 erant,
1268 4245 1315 4281 ut

76 4293 571 4358 ''quinquejungcrentur
614 4309 655 4347 et
675 4301 940 4367 adhaererent
975 4307 1054 4351 sihi
1075 4315 1248 4362 mutum
1272 4318 1316 4354 et

88 4371 179 4416 alioe
200 4366 387 4430 quinque
404 4374 614 4420 similiter.
642 4373 822 4423 Ausulas
845 4380 1130 4436 hyacinthinas
1151 4384 1314 4433 inlate-

782 51 852 98 nt:
881 50 1211 96 TmPAnTrro
1236 49 1654 99 TABERNAcuLo.
1679 73 1737 86 --
1766 50 1908 97 PARS
1938 52 1971 98 1.

92 160 214 205 uem,
236 149 310 206 qui
333 148 378 191 in
401 153 580 203 utraque
606 143 756 202 quinta
776 143 943 188 cortina
965 149 1102 187 erant.
1128 141 1324 197 Quinque
1346 147 1382 192 Α
1405 139 1521 184 ritus
1544 154 1594 185 ac
1615 142 1926 187 summitatibus
1949 144 2077 200 [acies
2116 146 2386 196 cortinarum,
2405 155 2451 189 ut
2486 151 2646 202 possim

2559 59 2645 102 cia

1406 213 1578 261 invicem
1632 215 1820 269 copulari
1870 214 2027 273 (Exeat,
2071 230 2203 271 xxvi,
2242 218 2301 276 4).
2343 217 2422 262 uic
2459 222 2644 263 ostendit

1406 287 1621 342 quomodo
1641 287 1870 344 jungendae
1901 296 2004 333 sunt
2024 290 2106 334 sil-i
2140 292 2320 335 invicem
2345 295 2534 337 cortinae.
2559 293 2643 336 Dn-

1404 358 1522 408 bium
1560 365 1702 406 autem
1726 363 1794 404 est
1829 371 1884 403 an
1917 360 2083 416 jubeat,
2107 368 2155 405 ut
2190 363 2269 406 hoc
2301 362 2428 407 modo
2467 365 2645 422 singulae

1404 432 1584 489 singulis
1621 432 1892 489 copulentur,
1918 445 1974 476 an
2007 435 2195 491 quinque
2232 448 2328 479 cum
2365 437 2572 494 quinque,
2596 442 2643 480 ut

1403 515 1536 546 unum
1558 515 1610 547 ex
1633 503 1834 549 omnibus
1856 504 1929 547 liat
1951 506 2276 562 operimentum.
2304 505 2481 552 Videtur
2501 510 2641 559 nohis,

1403 577 1517 633 quod
1557 589 1822 634 unaquaeque
1857 579 2027 621 cortina
2060 579 2188 637 352
2230 581 2272 623 in
2311 588 2490 638 utraque
2522 589 2643 640 parto

1403 650 1639 695 secundum
1662 650 1970 707 longitudinem
2001 664 2123 695 suam
2168 658 2210 696 et
2237 653 2280 696 in
2305 656 2640 708 summitatibus,

1401 721 1444 766 id
1465 727 1547 773 est,
1572 723 1741 779 angulis
1775 723 1974 775 laterum,
2014 725 2321 782 quinquaginta
2356 729 2529 772 ansulas
2565 729 2640 772 ha·

1401 795 1523 839 buit:
1548 802 1590 839 et
1625 796 1740 852 quod
1774 798 1841 841 vel
1877 798 2013 848 vittis,
2036 799 2103 841 vel
2136 799 2392 854 quibusdam
2418 802 2515 844 aliis
2537 802 2643 859 liga-

1402 868 1622 925 turistper
1661 869 1836 914 ansulas
1875 870 1957 913 sibi
1994 870 2172 914 firmiter
2215 883 2418 916 connexae
2450 871 2646 924 fuerint.

1401 943 1507 986 alias
1530 947 1694 986 tantum
1716 943 1906 998 quinque
1928 951 1969 987 et
1992 944 2180 1000 quinque
2203 945 2285 988 sthi
2309 951 2459 988 mutuo
2482 946 2639 1002 junge·

1399 1014 1573 1068 bantur,
1604 1022 1649 1059 ut
1672 1029 1804 1059 unum
1831 1017 2143 1072 operimentum
2168 1017 2304 1069 fleret,
2328 1019 2640 1076 quinquaginta

1400 1086 1572 1130 annulis
1597 1088 1740 1131 aureis
1761 1088 2016 1142 conjunctas
2040 1088 2123 1132 sibi
2151 1088 2289 1133 fnisse
2311 1105 2321 1142 ;
2343 1090 2545 1147 ipsosque
2562 1104 2643 1136 an·-

1399 1159 1525 1205 nulos
1558 1159 1916 1216 intercapedinem
1956 1162 2176 1216 parvulam
2203 1162 2418 1218 habuisse,
2444 1170 2504 1214 ut,
2540 1177 2640 1208 cuni

16 1286 21 1292 Α
77 1249 216 1294 neque
254 1237 503 1288 auctoritas,
538 1237 649 1280 sicut
685 1236 870 1288 inarum,
909 1249 1003 1292 quae
1037 1237 1079 1278 in
1112 1236 1321 1280 lateribus
1342 1227 1646 1285 Berigendum
1683 1237 1797 1275 esset
1835 1231 2176 1284 tabernaculum,
2207 1234 2280 1291 ,vel
2324 1235 2636 1290 deponendum,

76 1316 214 1363 erant,
242 1323 381 1366 neque
413 1309 634 1353 doctorum
659 1308 847 1353 declarat
873 1309 1102 1366 expositio,
1141 1308 1316 1353 totidem

8 1379 18 1389 ”
76 1382 210 1427 fuisse
246 1388 476 1433 asserunt,
526 1382 744 1440 quotidem
783 1383 972 1426 cortinas
1011 1382 1172 1440 absque
1211 1395 1326 1439 ruga.

13 1441 18 1512 ,⁷
74 1462 219 1499 tencre
241 1465 427 1512 possent.
461 1454 544 1499 Sed
566 1455 649 1506 his,
676 1455 750 1512 qui
774 1456 855 1498 hoc
878 1455 1041 1507 dieunt,
1069 1454 1141 1498 ille
1164 1455 1228 1499 vir
1251 1454 1318 1497 ‹li-

14 1511 30 1537 η
76 1534 218 1572 sertus
253 1541 339 1572 non
364 1529 533 1572 videtur
558 1529 815 1580 consentire,
843 1527 916 1583 qui
948 1523 1001 1572 de
1024 1527 1187 1572 eisdem
1220 1539 1318 1571 cor-

8 1604 10 1610 ’
74 1602 262 1645 tinarum
287 1601 604 1646 summitatibus
637 1602 697 1644 ita
719 1602 870 1645 scribit
894 1617 904 1644 :
929 1600 1127 1654 Quidam,
1158 1601 1312 1658 inquit,

1397 1303 1569 1347 annulis
1609 1303 1732 1348 facile
1772 1305 1919 1356 inseri,
1945 1312 1984 1348 et
2020 1318 2194 1350 rursum
2233 1307 2286 1350 ab
2321 1308 2482 1353 eisdem
2515 1309 2640 1355 facilc

1396 1376 1565 1421 extrahi
1590 1383 1782 1432 possent.
1808 1377 1907 1421 ilaec
1931 1378 1982 1422 de
2003 1379 2201 1433 cortinis.

1451 1447 1599 1493 XXIV.
1636 1449 1794 1493 Scribit
1829 1451 1955 1494 ctiam
1994 1451 2047 1496 de
2080 1453 2194 1509 sagis
2226 1453 2306 1496 hoc
2346 1454 2502 1498 modo:
2527 1453 2638 1512 Saga

1395 1522 1590 1574 cilicina,
1616 1524 1660 1567 in
1684 1523 1877 1575 Hebraeo,
1904 1527 2096 1569 cortinas
2118 1526 2311 1570 cilicinas
2335 1543 2342 1570 ε
2372 1526 2638 1585 Augusti-nus

1394 1601 1518 1638 vocat
1543 1595 1621 1640 has
1645 1597 1834 1640 cortinas
1858 1597 1949 1640 vela
1972 1597 2206 1654 capillatia,
2237 1599 2336 1654 quia
2362 1599 2541 1643 forsitan
2578 1601 2637 1643 ita

1394 1674 1460 1712 cst
1499 1669 1543 1712 in
1584 1670 1866 1714 translatione
1899 1671 2186 1728 septuaginta,
2230 1684 2312 1729 qua
2355 1674 2446 1729 ipse
2483 1674 2632 1718 utitur.

1395 1741 1497 1786 Vela
1519 1743 1640 1795 dicit,
1668 1745 1770 1800 quia
1794 1744 1999 1800 quadrata
2031 1753 2132 1790 sunt
2164 1747 2206 1789 in
2233 1747 2404 1790 modum
2427 1748 2510 1792 reli
2533 1764 2542 1791 ε
2563 1760 2636 1793 ca-

1394 1815 1573 1871 pillatia,
1595 1817 1696 1872 quia
1720 1816 1772 1860 dc
1797 1817 1895 1873 pilis
1919 1816 2058 1870 saeta;
2079 1818 2222 1873 capilli
2245 1820 2357 1861 enim
2384 1819 2537 1875 capitis
2561 1820 2634 1876 pili

1394 1898 1507 1935 sunt.
1534 1890 1645 1947 Saga
1680 1892 1809 1935 etiam
1849 1892 1989 1937 cilicia
2025 1893 2110 1935 dici
2145 1893 2315 1946 solent;
2349 1894 2463 1949 quod
2494 1901 2634 1938 aulem

1393 1970 1490 2020 post
1514 1976 1613 2020 saga
1641 1965 1814 2008 ‘additur
1845 1966 2033 2018 cilicina,
2061 1965 2337 2022 pleonasmus
2371 1972 2451 2010 est.
2476 1962 2635 2011 Praetc-

1392 2048 1465 2079 rea
1487 2048 1637 2093 sagum
1674 2043 1741 2081 cst
1773 2039 1957 2083 militare
1986 2039 2161 2094 pallium
2188 2052 2210 2081 a
2236 2038 2367 2084 Gallis
2393 2041 2631 2092 inventum,

1392 2117 1434 2155 et
1456 2109 1616 2152 dictum
1641 2110 1868 2165 quadrum,
1895 2111 1996 2167 quia
2029 2112 2286 2168 quadratum
2312 2114 2451 2169 primo
2476 2115 2633 2159 sactum

1390 2188 1472 2236 est,
1508 2183 1574 2227 vel
1610 2183 1876 2239 quadruplex
1906 2200 1914 2227 :
1952 2183 2133 2229 forsitan
2170 2193 2345 2243 propter
2381 2188 2634 2243 quadratam

1391 2254 1570 2300 sormam
1598 2257 1693 2302 telae
1714 2258 1896 2302 cilicinae
1919 2292 1930 2310 ,
1955 2271 2050 2315 quae
2083 2259 2138 2303 ad
2170 2261 2447 2316 operiendum
2488 2263 2634 2306 taber·

1391 2331 1533 2374 naculi
1553 2336 1711 2375 tectum
1734 2332 2012 2388 parabantur,
2031 2345 2132 2390 saga
2157 2342 2257 2378 sunt
2273 2337 2501 2391 appellata.
2521 2336 2635 2380 Con·

1387 2405 1555 2462 junctio
1581 2419 1780 2462 sagorum
1817 2397 1868 2452 ad
1904 2408 2084 2452 invicem
2120 2410 2267 2453 eodem
2307 2412 2449 2463 modo,
2474 2424 2559 2469 quo
2592 2420 2634 2458 et

1390 2480 1654 2522 cortinarum
1679 2480 1791 2523 sacta
1813 2487 1878 2524 est
1899 2497 1908 2524 :
1931 2488 2108 2537 excepto
2132 2483 2246 2538 quod
2278 2483 2320 2525 in
2346 2484 2460 2540 sagis
2483 2485 2556 2529 sed
2580 2499 2632 2530 ex

1393 2563 1476 2594 una
1506 2558 1644 2607 parte,
1668 2557 1711 2596 et
1736 2553 1925 2608 quinque
1946 2565 1995 2596 ex
2023 2554 2122 2606 alia,
2148 2559 2191 2597 et
2214 2555 2329 2610 quod
2353 2556 2531 2600 cortinae
2552 2569 2632 2600 an-

1391 2625 1506 2668 nulis
1529 2626 1687 2676 aureis,
1714 2627 1803 2670 haec
1827 2634 1968 2670 autem
1993 2628 2123 2671 aeneis
2147 2628 2287 2673 fibulis
2317 2630 2515 2685 copulata
2540 2631 2634 2675 fue·-

1390 2703 1506 2741 runt.
1546 2697 1645 2741 liaec
1684 2698 1754 2742 ille
1791 2699 1844 2743 de
1884 2701 2064 2744 cortinis
2100 2706 2144 2743 ct
2182 2701 2296 2756 sagis
2328 2702 2494 2746 scribit.
2538 2701 2633 2747 Uno

1391 2770 1523 2826 igitur
1558 2777 1600 2815 et
1637 2784 1690 2815 ex
1727 2773 1924 2824 cortinis,
1957 2779 1998 2818 et
2034 2786 2085 2817 ex
2123 2775 2238 2830 sagis
2277 2773 2391 2819 sacto
2427 2776 2631 2829 tentorio,

1391 2845 1704 2903 suspendamus
1736 2858 1867 2902 supra
1894 2847 2094 2902 parietes,
2122 2847 2262 2904 primo
2295 2848 2465 2904 quidem
2500 2851 2634 2894 corti-

1391 2930 1485 2968 nas,
1511 2918 1664 2962 deinde
1690 2930 1814 2975 saga;
1840 2925 1881 2963 et
1904 2920 2125 2964 videamus
2153 2933 2239 2976 quo
2261 2921 2388 2965 modo
2418 2934 2493 2965 eos
2517 2926 2633 2979 tege-

1389 2989 1521 3044 bant;
1564 2991 1640 3036 sed
1677 2992 1797 3047 prius
1840 2992 2007 3036 duobus
2045 2995 2233 3050 acceptis
2272 2993 2501 3047 funiculis,
2546 3000 2631 3041 uno

1375 3062 1546 3108 *domus
1580 3065 1905 3121 longitudinem,
1931 3072 1973 3110 et
2005 3065 2139 3111 altero
2175 3067 2269 3123 ejus
2299 3081 2375 3124 per
2413 3074 2633 3113 transver-

1394 3149 1486 3181 sum
1527 3140 1755 3181 nietssamur
1798 3139 2084 3196 latitudinem.
2127 3139 2199 3184 ille
2239 3153 2342 3185 vero
2381 3141 2629 3194 funiculus,

1393 3222 1476 3265 quo
1511 3223 1561 3258 cx
1599 3216 1686 3255 toto
1709 3212 1863 3256 domus
1898 3212 2205 3270 longitudinem
2240 3215 2437 3259 volumus
2472 3215 2628 3266 metiri,

1392 3286 1435 3330 id
1456 3293 1538 3339 est,
1564 3300 1587 3330 a
1609 3288 1701 3333 basi
1725 3290 1853 3333 unius
1876 3302 1929 3334 ex
1950 3290 2138 3346 quinque
2160 3289 2389 3341 columnis,
2415 3302 2509 3345 quoe
2532 3296 2631 3334 sunt

1393 3360 1436 3403 in
1462 3359 1639 3403 introitu
1676 3361 1956 3412 tabernaculi,
1982 3374 2118 3418 usquc
2151 3362 2202 3406 ad
2240 3362 2377 3405 basim
2415 3362 2542 3406 unius
2567 3368 2631 3405 ta-

1392 3430 1589 3480 bularum
1626 3433 1801 3488 parietis
1837 3434 2133 3485 occidentalis,
2175 3434 2342 3478 cubitos
2366 3435 2409 3477 in
2443 3434 2631 3491 longitu-

1391 3503 1489 3546 dine
1528 3505 1836 3561 quinquaginta
1867 3506 2067 3560 habebit;
2105 3506 2250 3550 decem
2286 3506 2511 3554 videlicet,
2554 3497 2630 3562 per

1392 3589 1617 3620 ascensum
1644 3578 1820 3634 parietis
1844 3579 2083 3634 orientalis,
2113 3587 2153 3623 et
2175 3579 2349 3635 triginta
2378 3579 2419 3621 in
2445 3579 2630 3635 longitu-

1391 3649 1492 3694 dine
1528 3652 1696 3701 domus,
1724 3658 1765 3696 et
1802 3653 1949 3696 decem
1983 3653 2030 3695 in
2052 3653 2261 3696 descensu
2299 3652 2475 3707 parietis
2510 3652 2627 3695 occi-

1392 3723 1589 3768 dentalis.
1615 3724 1735 3767 Alter
1762 3737 1864 3768 vero
1900 3724 2131 3775 funiculus,
2156 3735 2241 3779 quo
2265 3724 2438 3767 domum
2476 3735 2631 3766 secun·

1393 3797 1493 3840 dum
1528 3797 1792 3848 latitudinem
1818 3810 1893 3852 per
1917 3803 2209 3842 transversum
2243 3797 2383 3839 metiri
2411 3798 2626 3849 volumus,

1394 3871 1434 3914 id
1460 3877 1541 3922 cst,
1570 3883 1594 3913 a
1628 3872 1717 3915 basi
1752 3872 1904 3914 tabulae
1939 3871 2138 3927 alicujus,
2164 3883 2258 3926 quae
2295 3870 2428 3914 estin
2466 3870 2629 3927 parieta

1393 3945 1714 4000 septentrionali
1739 3957 1877 4001 usquc
1900 3943 1949 3988 ad
1974 3945 2159 4000 alicuius
2182 3944 2335 3987 tabulae
2357 3943 2510 3994 basim,
2535 3955 2629 3999 quac

1392 4024 1457 4059 est
1493 4017 1534 4059 in
1574 4016 1734 4072 pariete
1766 4016 1960 4067 australi,
1992 4017 2158 4060 cubitos
2190 4015 2358 4059 habebit
2386 4016 2560 4071 triginta
2584 4016 2628 4057 in

1392 4089 1684 4145 longitudine,
1735 4090 1881 4134 decem
1919 4090 2114 4134 videlicet
2153 4091 2195 4132 in
2233 4097 2413 4133 ascensu
2454 4089 2629 4144 parietis

1394 4164 1754 4217 septentrionalis,
1785 4169 1827 4207 et
1864 4162 2010 4207 decem
2048 4164 2091 4206 in
2116 4163 2323 4207 descensu
2355 4161 2527 4216 parietis
2552 4172 2630 4203 au-

1395 4235 1554 4290 stralis,
1592 4241 1632 4279 et
1666 4235 1811 4280 decem
1855 4236 1898 4281 in
1931 4237 2190 4293 aequalitate,
2230 4236 2275 4280 in
2314 4246 2482 4279 summo
2518 4233 2627 4276 inter

1394 4308 1593 4363 parietes.

1438 4380 1577 4441 XXV.
1610 4382 1701 4427 Non
1730 4384 1843 4429 enim
1870 4385 1967 4440 hoc,
1991 4386 2043 4438 de
2069 4399 2154 4443 quo
2175 4384 2408 4442 loquimur,
2429 4381 2626 4425 taberna·
