<?xml version="1.0" encoding="UTF-8"?>
<!DOCTYPE html PUBLIC "-//W3C//DTD XHTML 1.0 Transitional//EN"
    "http://www.w3.org/TR/xhtml1/DTD/xhtml1-transitional.dtd">
<html xmlns="http://www.w3.org/1999/xhtml" xml:lang="en" lang="en">
 <head>
  <title>
</title>
<meta http-equiv="Content-Type" content="text/html;charset=utf-8" />
  <meta name='ocr-system' content='tesseract 3.04.00' />
  <meta name='ocr-capabilities' content='ocr_page ocr_carea ocr_par ocr_line ocrx_word'/>
</head>
<body>
  <div class='ocr_page' id='page_1' title='image "./patrologiaecursu00hammuoft_0770.png"; bbox 0 0 2924 4588; ppageno 0'>
   <div class='ocr_carea' id='block_1_1' title="bbox 304 251 616 324">
    <p class='ocr_par' dir='ltr' id='par_1_1' title="bbox 304 251 616 324">
     <span class='ocr_line' id='line_1_1' title="bbox 304 251 616 324; baseline -0.006 -29"><span class='ocrx_word' id='word_1_1' title='bbox 304 251 442 309; x_wconf 71' lang='lat' dir='ltr'><strong>,isa-s</strong></span> <span class='ocrx_word' id='word_1_2' title='bbox 588 290 616 324; x_wconf 43' lang='lat'>⁸</span> 
     </span>
    </p>
   </div>
   <div class='ocr_carea' id='block_1_2' title="bbox 468 329 1422 451">
    <p class='ocr_par' dir='ltr' id='par_1_2' title="bbox 468 329 1422 451">
     <span class='ocr_line' id='line_1_2' title="bbox 468 329 1422 433; baseline -0.012 -50"><span class='ocrx_word' id='word_1_3' title='bbox 468 340 570 384; x_wconf 61' lang='lat' dir='ltr'><strong>Car.</strong></span> <span class='ocrx_word' id='word_1_4' title='bbox 608 337 672 380; x_wconf 82' lang='lat' dir='ltr'><strong>vl.</strong></span> <span class='ocrx_word' id='word_1_5' title='bbox 704 337 766 379; x_wconf 82' lang='lat' dir='ltr'><strong>De</strong></span> <span class='ocrx_word' id='word_1_6' title='bbox 792 333 1140 433; x_wconf 44' lang='lat' dir='ltr'><strong>tyrannide-regis</strong></span> <span class='ocrx_word' id='word_1_7' title='bbox 1160 329 1390 376; x_wconf 73' lang='lat' dir='ltr'><strong>Alexandra·</strong></span> <span class='ocrx_word' id='word_1_8' title='bbox 1408 363 1422 383; x_wconf 87' lang='lat'><strong>,</strong></span> 
     </span>
     <span class='ocr_line' id='line_1_3' title="bbox 775 396 1105 451; baseline -0.006 -17"><span class='ocrx_word' id='word_1_9' title='bbox 775 405 797 434; x_wconf 89' lang='lat' dir='ltr'><strong>e</strong></span> <span class='ocrx_word' id='word_1_10' title='bbox 840 404 930 447; x_wconf 61' lang='lat' dir='ltr'><strong>ejus</strong></span> <span class='ocrx_word' id='word_1_11' title='bbox 961 396 1105 451; x_wconf 70' lang='lat' dir='ltr'><strong>morte.</strong></span> 
     </span>
    </p>
   </div>
   <div class='ocr_carea' id='block_1_3' title="bbox 324 475 1560 1834">
    <p class='ocr_par' dir='ltr' id='par_1_3' title="bbox 324 475 1560 1834">
     <span class='ocr_line' id='line_1_4' title="bbox 385 475 1559 544; baseline -0.008 -19"><span class='ocrx_word' id='word_1_12' title='bbox 385 483 482 534; x_wconf 80' lang='lat' dir='ltr'><strong>Quo</strong></span> <span class='ocrx_word' id='word_1_13' title='bbox 504 485 675 544; x_wconf 58' lang='lat' dir='ltr'><strong>mortuo</strong></span> <span class='ocrx_word' id='word_1_14' title='bbox 698 489 810 522; x_wconf 84' lang='lat' dir='ltr'><strong>uxor</strong></span> <span class='ocrx_word' id='word_1_15' title='bbox 828 477 923 532; x_wconf 80' lang='lat' dir='ltr'><strong>ejus</strong></span> <span class='ocrx_word' id='word_1_16' title='bbox 941 508 953 529; x_wconf 85' lang='lat'><strong>,</strong></span> <span class='ocrx_word' id='word_1_17' title='bbox 980 477 1080 532; x_wconf 85' lang='lat' dir='ltr'><strong>quia</strong></span> <span class='ocrx_word' id='word_1_18' title='bbox 1112 475 1274 532; x_wconf 88' lang='lat' dir='ltr'><strong>prolem</strong></span> <span class='ocrx_word' id='word_1_19' title='bbox 1302 486 1354 518; x_wconf 82' lang='lat' dir='ltr'><strong>ex</strong></span> <span class='ocrx_word' id='word_1_20' title='bbox 1386 486 1438 518; x_wconf 88' lang='lat' dir='ltr'><strong>ea</strong></span> <span class='ocrx_word' id='word_1_21' title='bbox 1470 486 1559 518; x_wconf 89' lang='lat' dir='ltr'><strong>non</strong></span> 
     </span>
     <span class='ocr_line' id='line_1_5' title="bbox 329 546 1559 608; baseline -0.009 -9"><span class='ocrx_word' id='word_1_22' title='bbox 329 558 605 608; x_wconf 81' lang='lat' dir='ltr'><strong>susceperat,</strong></span> <span class='ocrx_word' id='word_1_23' title='bbox 629 553 786 594; x_wconf 80' lang='lat' dir='ltr'><strong>fratres</strong></span> <span class='ocrx_word' id='word_1_24' title='bbox 810 549 890 593; x_wconf 84' lang='lat' dir='ltr'><strong>viri</strong></span> <span class='ocrx_word' id='word_1_25' title='bbox 913 549 1038 592; x_wconf 87' lang='lat' dir='ltr'><strong>solvit</strong></span> <span class='ocrx_word' id='word_1_26' title='bbox 1063 559 1088 590; x_wconf 87' lang='lat' dir='ltr'><strong>a</strong></span> <span class='ocrx_word' id='word_1_27' title='bbox 1112 547 1294 590; x_wconf 87' lang='lat' dir='ltr'><strong>vinculis</strong></span> <span class='ocrx_word' id='word_1_28' title='bbox 1309 576 1323 598; x_wconf 90' lang='lat'><strong>,</strong></span> <span class='ocrx_word' id='word_1_29' title='bbox 1351 546 1559 601; x_wconf 87' lang='lat' dir='ltr'><strong>majorem</strong></span> 
     </span>
     <span class='ocr_line' id='line_1_6' title="bbox 326 618 1558 677; baseline -0.006 -9"><span class='ocrx_word' id='word_1_30' title='bbox 326 632 430 668; x_wconf 85' lang='lat' dir='ltr'><strong>natu</strong></span> <span class='ocrx_word' id='word_1_31' title='bbox 453 621 743 667; x_wconf 73' lang='lat' dir='ltr'><strong>Alexandrum</strong></span> <span class='ocrx_word' id='word_1_32' title='bbox 770 633 913 677; x_wconf 81' lang='lat' dir='ltr'><strong>regem</strong></span> <span class='ocrx_word' id='word_1_33' title='bbox 947 620 1247 670; x_wconf 86' lang='lat' dir='ltr'><strong>constituens,</strong></span> <span class='ocrx_word' id='word_1_34' title='bbox 1285 618 1358 673; x_wconf 89' lang='lat' dir='ltr'><strong>qui</strong></span> <span class='ocrx_word' id='word_1_35' title='bbox 1396 630 1558 673; x_wconf 84' lang='lat' dir='ltr'><strong>cogno-</strong></span> 
     </span>
     <span class='ocr_line' id='line_1_7' title="bbox 327 692 1559 749; baseline -0.009 -9"><span class='ocrx_word' id='word_1_36' title='bbox 327 699 516 741; x_wconf 88' lang='lat' dir='ltr'><strong>minatus</strong></span> <span class='ocrx_word' id='word_1_37' title='bbox 538 701 604 740; x_wconf 85' lang='lat' dir='ltr'><strong>est</strong></span> <span class='ocrx_word' id='word_1_38' title='bbox 625 693 842 739; x_wconf 74' lang='lat' dir='ltr'><strong>Jamnaeus</strong></span> <span class='ocrx_word' id='word_1_39' title='bbox 860 726 871 745; x_wconf 88' lang='lat'><strong>,</strong></span> <span class='ocrx_word' id='word_1_40' title='bbox 917 694 991 749; x_wconf 91' lang='lat' dir='ltr'><strong>qui</strong></span> <span class='ocrx_word' id='word_1_41' title='bbox 1025 693 1156 737; x_wconf 86' lang='lat' dir='ltr'><strong>etiam</strong></span> <span class='ocrx_word' id='word_1_42' title='bbox 1174 696 1188 711; x_wconf 84' lang='lat'><strong>&#39;</strong></span> <span class='ocrx_word' id='word_1_43' title='bbox 1204 692 1414 736; x_wconf 89' lang='lat' dir='ltr'><strong>modestia</strong></span> <span class='ocrx_word' id='word_1_44' title='bbox 1448 705 1559 747; x_wconf 81' lang='lat' dir='ltr'><strong>prae..</strong></span> 
     </span>
     <span class='ocr_line' id='line_1_8' title="bbox 327 765 1554 818; baseline -0.005 -5"><span class='ocrx_word' id='word_1_45' title='bbox 327 775 444 813; x_wconf 77' lang='lat' dir='ltr'><strong>stare</strong></span> <span class='ocrx_word' id='word_1_46' title='bbox 466 768 708 811; x_wconf 86' lang='lat' dir='ltr'><strong>videbatur.</strong></span> <span class='ocrx_word' id='word_1_47' title='bbox 734 766 818 818; x_wconf 84' lang='lat' dir='ltr'><strong>Qui</strong></span> <span class='ocrx_word' id='word_1_48' title='bbox 841 765 1017 809; x_wconf 77' lang='lat' dir='ltr'><strong>fratrem</strong></span> <span class='ocrx_word' id='word_1_49' title='bbox 1042 765 1281 810; x_wconf 88' lang='lat' dir='ltr'><strong>secundum</strong></span> <span class='ocrx_word' id='word_1_50' title='bbox 1309 765 1554 815; x_wconf 78' lang='lat' dir='ltr'><strong>interfecit,</strong></span> 
     </span>
     <span class='ocr_line' id='line_1_9' title="bbox 327 834 1557 894; baseline -0.005 -12"><span class='ocrx_word' id='word_1_51' title='bbox 327 839 430 894; x_wconf 83' lang='lat' dir='ltr'><strong>quia</strong></span> <span class='ocrx_word' id='word_1_52' title='bbox 449 838 503 880; x_wconf 90' lang='lat' dir='ltr'><strong>ad</strong></span> <span class='ocrx_word' id='word_1_53' title='bbox 530 848 706 892; x_wconf 75' lang='lat' dir='ltr'><strong>regnum</strong></span> <span class='ocrx_word' id='word_1_54' title='bbox 732 837 928 891; x_wconf 87' lang='lat' dir='ltr'><strong>aspirare</strong></span> <span class='ocrx_word' id='word_1_55' title='bbox 949 834 1186 885; x_wconf 75' lang='lat' dir='ltr'><strong>videbatur,</strong></span> <span class='ocrx_word' id='word_1_56' title='bbox 1216 835 1386 878; x_wconf 84' lang='lat' dir='ltr'><strong>tertium</strong></span> <span class='ocrx_word' id='word_1_57' title='bbox 1412 846 1557 877; x_wconf 88' lang='lat' dir='ltr'><strong>secum</strong></span> 
     </span>
     <span class='ocr_line' id='line_1_10' title="bbox 326 899 1558 964; baseline -0.002 -11"><span class='ocrx_word' id='word_1_58' title='bbox 326 911 471 953; x_wconf 86' lang='lat' dir='ltr'><strong>vivere</strong></span> <span class='ocrx_word' id='word_1_59' title='bbox 500 910 638 964; x_wconf 78' lang='lat' dir='ltr'><strong>coegit</strong></span> <span class='ocrx_word' id='word_1_60' title='bbox 669 899 867 964; x_wconf 82' lang='lat' dir='ltr'><strong>privatim</strong></span> <span class='ocrx_word' id='word_1_61' title='bbox 885 941 897 958; x_wconf 87' lang='lat'><strong>,</strong></span> <span class='ocrx_word' id='word_1_62' title='bbox 921 908 1128 962; x_wconf 81' lang='lat' dir='ltr'><strong>duxitque</strong></span> <span class='ocrx_word' id='word_1_63' title='bbox 1154 902 1358 958; x_wconf 66' lang='lat' dir='ltr'><strong>uxorem,¹</strong></span> <span class='ocrx_word' id='word_1_64' title='bbox 1386 907 1558 950; x_wconf 89' lang='lat' dir='ltr'><strong>nomine</strong></span> 
     </span>
     <span class='ocr_line' id='line_1_11' title="bbox 326 978 1558 1034; baseline -0.001 -11"><span class='ocrx_word' id='word_1_65' title='bbox 326 980 639 1031; x_wconf 81' lang='lat' dir='ltr'><strong>Alexandram‚</strong></span> <span class='ocrx_word' id='word_1_66' title='bbox 662 991 758 1034; x_wconf 82' lang='lat' dir='ltr'><strong>quae</strong></span> <span class='ocrx_word' id='word_1_67' title='bbox 786 985 829 1023; x_wconf 92' lang='lat' dir='ltr'><strong>et</strong></span> <span class='ocrx_word' id='word_1_68' title='bbox 862 979 1034 1024; x_wconf 86' lang='lat' dir='ltr'><strong>Saloma</strong></span> <span class='ocrx_word' id='word_1_69' title='bbox 1066 979 1179 1022; x_wconf 86' lang='lat' dir='ltr'><strong>dicta</strong></span> <span class='ocrx_word' id='word_1_70' title='bbox 1215 985 1298 1023; x_wconf 87' lang='lat' dir='ltr'><strong>est.</strong></span> <span class='ocrx_word' id='word_1_71' title='bbox 1340 978 1419 1022; x_wconf 84' lang='lat' dir='ltr'><strong>Hic</strong></span> <span class='ocrx_word' id='word_1_72' title='bbox 1452 979 1558 1022; x_wconf 88' lang='lat' dir='ltr'><strong>adeo</strong></span> 
     </span>
     <span class='ocr_line' id='line_1_12' title="bbox 326 1051 1560 1108; baseline -0.003 -12"><span class='ocrx_word' id='word_1_73' title='bbox 326 1052 618 1108; x_wconf 88' lang='lat' dir='ltr'><strong>nequissimus</strong></span> <span class='ocrx_word' id='word_1_74' title='bbox 652 1051 764 1103; x_wconf 78' lang='lat' dir='ltr'><strong>fuit,</strong></span> <span class='ocrx_word' id='word_1_75' title='bbox 798 1052 910 1108; x_wconf 86' lang='lat' dir='ltr'><strong>quod</strong></span> <span class='ocrx_word' id='word_1_76' title='bbox 942 1052 987 1095; x_wconf 90' lang='lat' dir='ltr'><strong>in</strong></span> <span class='ocrx_word' id='word_1_77' title='bbox 1021 1055 1185 1107; x_wconf 84' lang='lat' dir='ltr'><strong>septem</strong></span> <span class='ocrx_word' id='word_1_78' title='bbox 1223 1051 1350 1095; x_wconf 88' lang='lat' dir='ltr'><strong>annis</strong></span> <span class='ocrx_word' id='word_1_79' title='bbox 1384 1051 1560 1094; x_wconf 88' lang='lat' dir='ltr'><strong>circiter</strong></span> 
     </span>
     <span class='ocr_line' id='line_1_13' title="bbox 325 1123 1556 1180; baseline -0.002 -13"><span class='ocrx_word' id='word_1_80' title='bbox 325 1125 636 1180; x_wconf 79' lang='lat' dir='ltr'><strong>quinquaginta</strong></span> <span class='ocrx_word' id='word_1_81' title='bbox 673 1123 1015 1180; x_wconf 86' lang='lat' dir='ltr'><strong>quinquemillia</strong></span> <span class='ocrx_word' id='word_1_82' title='bbox 1056 1125 1275 1167; x_wconf 86' lang='lat' dir='ltr'><strong>seniorum</strong></span> <span class='ocrx_word' id='word_1_83' title='bbox 1314 1123 1556 1174; x_wconf 72' lang='lat' dir='ltr'><strong>interfecit,</strong></span> 
     </span>
     <span class='ocr_line' id='line_1_14' title="bbox 326 1194 1559 1251; baseline 0.001 -12"><span class='ocrx_word' id='word_1_84' title='bbox 326 1197 427 1251; x_wconf 85' lang='lat' dir='ltr'><strong>quia</strong></span> <span class='ocrx_word' id='word_1_85' title='bbox 455 1197 648 1239; x_wconf 77' lang='lat' dir='ltr'><strong>facinora</strong></span> <span class='ocrx_word' id='word_1_86' title='bbox 669 1197 765 1251; x_wconf 83' lang='lat' dir='ltr'><strong>ejus</strong></span> <span class='ocrx_word' id='word_1_87' title='bbox 788 1196 1127 1240; x_wconf 87' lang='lat' dir='ltr'><strong>detestabantur.</strong></span> <span class='ocrx_word' id='word_1_88' title='bbox 1155 1194 1349 1251; x_wconf 82' lang='lat' dir='ltr'><strong>Cumque</strong></span> <span class='ocrx_word' id='word_1_89' title='bbox 1369 1195 1559 1240; x_wconf 79' lang='lat' dir='ltr'><strong>offensus</strong></span> 
     </span>
     <span class='ocr_line' id='line_1_15' title="bbox 326 1267 1559 1324; baseline -0.001 -12"><span class='ocrx_word' id='word_1_90' title='bbox 326 1273 440 1312; x_wconf 83' lang='lat' dir='ltr'><strong>esset</strong></span> <span class='ocrx_word' id='word_1_91' title='bbox 471 1269 627 1324; x_wconf 88' lang='lat' dir='ltr'><strong>populo</strong></span> <span class='ocrx_word' id='word_1_92' title='bbox 660 1270 840 1311; x_wconf 84' lang='lat' dir='ltr'><strong>munivit</strong></span> <span class='ocrx_word' id='word_1_93' title='bbox 873 1267 956 1312; x_wconf 83' lang='lat' dir='ltr'>sibi</span> <span class='ocrx_word' id='word_1_94' title='bbox 989 1268 1196 1324; x_wconf 80' lang='lat' dir='ltr'><strong>palatium</strong></span> <span class='ocrx_word' id='word_1_95' title='bbox 1230 1268 1274 1311; x_wconf 88' lang='lat' dir='ltr'><strong>in</strong></span> <span class='ocrx_word' id='word_1_96' title='bbox 1298 1268 1439 1320; x_wconf 90' lang='lat' dir='ltr'><strong>turri,</strong></span> <span class='ocrx_word' id='word_1_97' title='bbox 1464 1281 1559 1324; x_wconf 82' lang='lat' dir='ltr'><strong>quae</strong></span> 
     </span>
     <span class='ocr_line' id='line_1_16' title="bbox 325 1340 1558 1399; baseline 0.001 -16"><span class='ocrx_word' id='word_1_98' title='bbox 325 1340 447 1384; x_wconf 89' lang='lat' dir='ltr'><strong>Baris</strong></span> <span class='ocrx_word' id='word_1_99' title='bbox 470 1340 709 1393; x_wconf 80' lang='lat' dir='ltr'><strong>dicebatur,</strong></span> <span class='ocrx_word' id='word_1_100' title='bbox 735 1352 865 1395; x_wconf 88' lang='lat' dir='ltr'><strong>super</strong></span> <span class='ocrx_word' id='word_1_101' title='bbox 887 1351 1016 1397; x_wconf 86' lang='lat' dir='ltr'><strong>quam</strong></span> <span class='ocrx_word' id='word_1_102' title='bbox 1043 1346 1193 1395; x_wconf 84' lang='lat' dir='ltr'><strong>postea</strong></span> <span class='ocrx_word' id='word_1_103' title='bbox 1224 1340 1474 1399; x_wconf 23' lang='lat' dir='ltr'><strong>admiratus,</strong></span> <span class='ocrx_word' id='word_1_104' title='bbox 1492 1346 1558 1384; x_wconf 89' lang='lat' dir='ltr'><strong>est</strong></span> 
     </span>
     <span class='ocr_line' id='line_1_17' title="bbox 327 1412 1558 1468; baseline 0 -13"><span class='ocrx_word' id='word_1_105' title='bbox 327 1413 448 1460; x_wconf 80' lang='lat' dir='ltr'><strong>Titus</strong></span> <span class='ocrx_word' id='word_1_106' title='bbox 465 1445 475 1465; x_wconf 87' lang='lat'><strong>,</strong></span> <span class='ocrx_word' id='word_1_107' title='bbox 501 1414 615 1468; x_wconf 81' lang='lat' dir='ltr'><strong>quod</strong></span> <span class='ocrx_word' id='word_1_108' title='bbox 637 1425 730 1457; x_wconf 90' lang='lat' dir='ltr'><strong>eam</strong></span> <span class='ocrx_word' id='word_1_109' title='bbox 759 1412 894 1457; x_wconf 81' lang='lat' dir='ltr'><strong>Judoei</strong></span> <span class='ocrx_word' id='word_1_110' title='bbox 923 1413 1228 1464; x_wconf 80' lang='lat' dir='ltr'><strong>deseruerant,</strong></span> <span class='ocrx_word' id='word_1_111' title='bbox 1260 1423 1358 1456; x_wconf 89' lang='lat' dir='ltr'><strong>eum</strong></span> <span class='ocrx_word' id='word_1_112' title='bbox 1389 1412 1558 1456; x_wconf 80' lang='lat' dir='ltr'><strong>defendi</strong></span> 
     </span>
     <span class='ocr_line' id='line_1_18' title="bbox 327 1479 1559 1541; baseline -0.001 -13"><span class='ocrx_word' id='word_1_113' title='bbox 327 1491 472 1541; x_wconf 88' lang='lat' dir='ltr'><strong>posset</strong></span> <span class='ocrx_word' id='word_1_114' title='bbox 494 1498 518 1528; x_wconf 80' lang='lat' dir='ltr'><strong>a</strong></span> <span class='ocrx_word' id='word_1_115' title='bbox 540 1486 709 1529; x_wconf 87' lang='lat' dir='ltr'><strong>duobus</strong></span> <span class='ocrx_word' id='word_1_116' title='bbox 732 1486 785 1529; x_wconf 87' lang='lat' dir='ltr'><strong>ab</strong></span> <span class='ocrx_word' id='word_1_117' title='bbox 807 1486 923 1529; x_wconf 85' lang='lat' dir='ltr'><strong>omni</strong></span> <span class='ocrx_word' id='word_1_118' title='bbox 946 1485 1133 1529; x_wconf 83' lang='lat' dir='ltr'><strong>vivente.</strong></span> <span class='ocrx_word' id='word_1_119' title='bbox 1169 1479 1288 1529; x_wconf 66' lang='lat' dir='ltr'><strong>Adeo</strong></span> <span class='ocrx_word' id='word_1_120' title='bbox 1317 1491 1463 1528; x_wconf 88' lang='lat' dir='ltr'><strong>autem</strong></span> <span class='ocrx_word' id='word_1_121' title='bbox 1492 1484 1559 1528; x_wconf 75' lang='lat' dir='ltr'><strong>ot-</strong></span> 
     </span>
     <span class='ocr_line' id='line_1_19' title="bbox 326 1556 1560 1614; baseline -0.001 -12"><span class='ocrx_word' id='word_1_122' title='bbox 326 1559 472 1602; x_wconf 82' lang='lat' dir='ltr'><strong>l‘ensus</strong></span> <span class='ocrx_word' id='word_1_123' title='bbox 492 1564 584 1602; x_wconf 88' lang='lat' dir='ltr'><strong>erat</strong></span> <span class='ocrx_word' id='word_1_124' title='bbox 608 1558 795 1610; x_wconf 65' lang='lat' dir='ltr'><strong>ludaeis,</strong></span> <span class='ocrx_word' id='word_1_125' title='bbox 822 1563 869 1602; x_wconf 89' lang='lat' dir='ltr'><strong>ut</strong></span> <span class='ocrx_word' id='word_1_126' title='bbox 890 1558 1019 1602; x_wconf 79' lang='lat' dir='ltr'><strong>semel</strong></span> <span class='ocrx_word' id='word_1_127' title='bbox 1039 1556 1338 1614; x_wconf 83' lang='lat' dir='ltr'><strong>percunctanti</strong></span> <span class='ocrx_word' id='word_1_128' title='bbox 1358 1557 1427 1609; x_wconf 86' lang='lat' dir='ltr'><strong>ei,</strong></span> <span class='ocrx_word' id='word_1_129' title='bbox 1450 1570 1560 1613; x_wconf 82' lang='lat' dir='ltr'><strong>quo-</strong></span> 
     </span>
     <span class='ocr_line' id='line_1_20' title="bbox 324 1631 1560 1692; baseline 0.001 -19"><span class='ocrx_word' id='word_1_130' title='bbox 324 1632 438 1674; x_wconf 82' lang='lat' dir='ltr'><strong>niam</strong></span> <span class='ocrx_word' id='word_1_131' title='bbox 462 1638 591 1687; x_wconf 78' lang='lat' dir='ltr'><strong>pacto</strong></span> <span class='ocrx_word' id='word_1_132' title='bbox 609 1643 684 1676; x_wconf 81' lang='lat' dir='ltr'><strong>eos</strong></span> <span class='ocrx_word' id='word_1_133' title='bbox 704 1631 855 1676; x_wconf 86' lang='lat' dir='ltr'><strong>sedare</strong></span> <span class='ocrx_word' id='word_1_134' title='bbox 875 1637 1038 1686; x_wconf 87' lang='lat' dir='ltr'><strong>posset,</strong></span> <span class='ocrx_word' id='word_1_135' title='bbox 1059 1631 1390 1692; x_wconf 85' lang='lat' dir='ltr'><strong>responderunt,</strong></span> <span class='ocrx_word' id='word_1_136' title='bbox 1406 1631 1443 1674; x_wconf 92' lang='lat' dir='ltr'><strong>si</strong></span> <span class='ocrx_word' id='word_1_137' title='bbox 1466 1642 1560 1674; x_wconf 87' lang='lat' dir='ltr'><strong>mo-</strong></span> 
     </span>
     <span class='ocr_line' id='line_1_21' title="bbox 324 1701 1560 1759; baseline 0 -15"><span class='ocrx_word' id='word_1_138' title='bbox 324 1709 507 1746; x_wconf 87' lang='lat' dir='ltr'><strong>reretur.</strong></span> <span class='ocrx_word' id='word_1_139' title='bbox 546 1702 610 1746; x_wconf 79' lang='lat' dir='ltr'><strong>Ol»</strong></span> <span class='ocrx_word' id='word_1_140' title='bbox 647 1703 733 1746; x_wconf 88' lang='lat' dir='ltr'><strong>boe</strong></span> <span class='ocrx_word' id='word_1_141' title='bbox 771 1702 817 1746; x_wconf 87' lang='lat' dir='ltr'><strong>in</strong></span> <span class='ocrx_word' id='word_1_142' title='bbox 857 1703 1012 1758; x_wconf 77' lang='lat' dir='ltr'><strong>plateis</strong></span> <span class='ocrx_word' id='word_1_143' title='bbox 1050 1701 1290 1746; x_wconf 75' lang='lat' dir='ltr'><strong>Jerusalem</strong></span> <span class='ocrx_word' id='word_1_144' title='bbox 1334 1701 1560 1759; x_wconf 81' lang='lat' dir='ltr'><strong>suspendit</strong></span> 
     </span>
     <span class='ocr_line' id='line_1_22' title="bbox 324 1774 1560 1834; baseline 0.001 -19"><span class='ocrx_word' id='word_1_145' title='bbox 324 1774 594 1828; x_wconf 80' lang='lat' dir='ltr'><strong>octingentos</strong></span> <span class='ocrx_word' id='word_1_146' title='bbox 622 1774 739 1817; x_wconf 88' lang='lat' dir='ltr'><strong>viros</strong></span> <span class='ocrx_word' id='word_1_147' title='bbox 778 1780 1011 1825; x_wconf 84' lang='lat' dir='ltr'><strong>uxoratos,</strong></span> <span class='ocrx_word' id='word_1_148' title='bbox 1040 1785 1284 1834; x_wconf 83' lang='lat' dir='ltr'><strong>uxoresque</strong></span> <span class='ocrx_word' id='word_1_149' title='bbox 1314 1785 1490 1826; x_wconf 89' lang='lat' dir='ltr'><strong>eorum,</strong></span> <span class='ocrx_word' id='word_1_150' title='bbox 1516 1779 1560 1817; x_wconf 86' lang='lat' dir='ltr'><strong>et</strong></span> 
     </span>
    </p>
   </div>
   <div class='ocr_carea' id='block_1_4' title="bbox 324 1837 1593 1910">
    <p class='ocr_par' dir='ltr' id='par_1_4' title="bbox 324 1837 1593 1910">
     <span class='ocr_line' id='line_1_23' title="bbox 324 1837 1593 1910; baseline 0.002 -23"><span class='ocrx_word' id='word_1_151' title='bbox 324 1845 482 1888; x_wconf 81' lang='lat' dir='ltr'><strong>liberos</strong></span> <span class='ocrx_word' id='word_1_152' title='bbox 520 1845 706 1889; x_wconf 75' lang='lat' dir='ltr'><strong>necavit.</strong></span> <span class='ocrx_word' id='word_1_153' title='bbox 746 1844 944 1901; x_wconf 84' lang='lat' dir='ltr'><strong>Cumque</strong></span> <span class='ocrx_word' id='word_1_154' title='bbox 980 1837 1216 1901; x_wconf 77' lang='lat' dir='ltr'><strong>quievisset</strong></span> <span class='ocrx_word' id='word_1_155' title='bbox 1253 1845 1277 1890; x_wconf 83' lang='lat' dir='ltr'><strong>a</strong></span> <span class='ocrx_word' id='word_1_156' title='bbox 1315 1846 1477 1910; x_wconf 78' lang='lat' dir='ltr'><strong>praeliis</strong></span> <span class='ocrx_word' id='word_1_157' title='bbox 1515 1852 1559 1893; x_wconf 84' lang='lat' dir='ltr'><strong>et</strong></span> <span class='ocrx_word' id='word_1_158' title='bbox 1581 1891 1593 1896; x_wconf 54' lang='lat'><strong>-</strong></span> 
     </span>
    </p>
   </div>
   <div class='ocr_carea' id='block_1_5' title="bbox 322 1915 1560 2408">
    <p class='ocr_par' dir='ltr' id='par_1_5' title="bbox 322 1915 1560 2408">
     <span class='ocr_line' id='line_1_24' title="bbox 323 1915 1555 1974; baseline 0.002 -17"><span class='ocrx_word' id='word_1_159' title='bbox 323 1915 549 1970; x_wconf 80' lang='lat' dir='ltr'><strong>quartanis</strong></span> <span class='ocrx_word' id='word_1_160' title='bbox 578 1915 848 1971; x_wconf 79' lang='lat' dir='ltr'><strong>fatigaretur,</strong></span> <span class='ocrx_word' id='word_1_161' title='bbox 874 1916 1071 1959; x_wconf 82' lang='lat' dir='ltr'><strong>morbum</strong></span> <span class='ocrx_word' id='word_1_162' title='bbox 1100 1916 1271 1961; x_wconf 70' lang='lat' dir='ltr'><strong>exotio</strong></span> <span class='ocrx_word' id='word_1_163' title='bbox 1299 1923 1448 1961; x_wconf 87' lang='lat' dir='ltr'><strong>natum</strong></span> <span class='ocrx_word' id='word_1_164' title='bbox 1477 1928 1555 1974; x_wconf 84' lang='lat' dir='ltr'><strong>pu-</strong></span> 
     </span>
     <span class='ocr_line' id='line_1_25' title="bbox 323 1977 1556 2042; baseline 0.004 -16"><span class='ocrx_word' id='word_1_165' title='bbox 323 1994 447 2035; x_wconf 81' lang='lat' dir='ltr'><strong>tans.</strong></span> <span class='ocrx_word' id='word_1_166' title='bbox 474 1977 787 2041; x_wconf 65' lang='lat' dir='ltr'><strong>intempestivis</strong></span> <span class='ocrx_word' id='word_1_167' title='bbox 810 1986 1033 2031; x_wconf 84' lang='lat' dir='ltr'><strong>laboribus</strong></span> <span class='ocrx_word' id='word_1_168' title='bbox 1066 1987 1233 2031; x_wconf 83' lang='lat' dir='ltr'><strong>militiae</strong></span> <span class='ocrx_word' id='word_1_169' title='bbox 1262 2000 1310 2032; x_wconf 81' lang='lat' dir='ltr'><strong>se</strong></span> <span class='ocrx_word' id='word_1_170' title='bbox 1340 1987 1556 2042; x_wconf 82' lang='lat' dir='ltr'><strong>reddidit,</strong></span> 
     </span>
     <span class='ocr_line' id='line_1_26' title="bbox 326 2057 1559 2124; baseline 0.004 -23"><span class='ocrx_word' id='word_1_171' title='bbox 326 2062 370 2101; x_wconf 90' lang='lat' dir='ltr'><strong>et</strong></span> <span class='ocrx_word' id='word_1_172' title='bbox 395 2057 571 2111; x_wconf 80' lang='lat' dir='ltr'><strong>triginta</strong></span> <span class='ocrx_word' id='word_1_173' title='bbox 595 2063 694 2102; x_wconf 85' lang='lat' dir='ltr'><strong>octo</strong></span> <span class='ocrx_word' id='word_1_174' title='bbox 718 2058 839 2115; x_wconf 79' lang='lat' dir='ltr'><strong>regni</strong></span> <span class='ocrx_word' id='word_1_175' title='bbox 870 2061 939 2103; x_wconf 89' lang='lat' dir='ltr'><strong>sui</strong></span> <span class='ocrx_word' id='word_1_176' title='bbox 960 2071 1073 2104; x_wconf 87' lang='lat' dir='ltr'><strong>anno</strong></span> <span class='ocrx_word' id='word_1_177' title='bbox 1106 2066 1426 2124; x_wconf 76' lang='lat' dir='ltr'><strong>mortuusest,</strong></span> <span class='ocrx_word' id='word_1_178' title='bbox 1449 2062 1559 2113; x_wconf 75' lang='lat' dir='ltr'><strong>duos</strong></span> 
     </span>
     <span class='ocr_line' id='line_1_27' title="bbox 322 2129 1559 2185; baseline 0.005 -12"><span class='ocrx_word' id='word_1_179' title='bbox 322 2129 567 2185; x_wconf 82' lang='lat' dir='ltr'><strong>relinquens</strong></span> <span class='ocrx_word' id='word_1_180' title='bbox 592 2130 701 2176; x_wconf 76' lang='lat' dir='ltr'><strong>tilios</strong></span> <span class='ocrx_word' id='word_1_181' title='bbox 717 2163 728 2183; x_wconf 89' lang='lat'>‚</span> <span class='ocrx_word' id='word_1_182' title='bbox 748 2130 979 2176; x_wconf 79' lang='lat' dir='ltr'><strong>Hir-canum</strong></span> <span class='ocrx_word' id='word_1_183' title='bbox 997 2132 1362 2179; x_wconf 82' lang='lat' dir='ltr'><strong>etAristobulum.</strong></span> <span class='ocrx_word' id='word_1_184' title='bbox 1386 2134 1559 2179; x_wconf 85' lang='lat' dir='ltr'><strong>Sciens-</strong></span> 
     </span>
     <span class='ocr_line' id='line_1_28' title="bbox 324 2203 1560 2263; baseline 0.006 -19"><span class='ocrx_word' id='word_1_185' title='bbox 324 2214 406 2257; x_wconf 89' lang='lat' dir='ltr'><strong>que</strong></span> <span class='ocrx_word' id='word_1_186' title='bbox 426 2203 536 2246; x_wconf 75' lang='lat' dir='ltr'><strong>filios</strong></span> <span class='ocrx_word' id='word_1_187' title='bbox 556 2215 632 2259; x_wconf 87' lang='lat' dir='ltr'><strong>pro</strong></span> <span class='ocrx_word' id='word_1_188' title='bbox 652 2210 771 2259; x_wconf 88' lang='lat' dir='ltr'><strong>patre</strong></span> <span class='ocrx_word' id='word_1_189' title='bbox 801 2203 959 2250; x_wconf 79' lang='lat' dir='ltr'><strong>Judaeis</strong></span> <span class='ocrx_word' id='word_1_190' title='bbox 988 2205 1162 2251; x_wconf 86' lang='lat' dir='ltr'><strong>odiosos</strong></span> <span class='ocrx_word' id='word_1_191' title='bbox 1185 2218 1365 2262; x_wconf 81' lang='lat' dir='ltr'><strong>regnum</strong></span> <span class='ocrx_word' id='word_1_192' title='bbox 1387 2207 1560 2263; x_wconf 87' lang='lat' dir='ltr'><strong>reliquit</strong></span> 
     </span>
     <span class='ocr_line' id='line_1_29' title="bbox 322 2274 1558 2336; baseline 0.006 -19"><span class='ocrx_word' id='word_1_193' title='bbox 322 2275 462 2318; x_wconf 84' lang='lat' dir='ltr'><strong>uxori.</strong></span> <span class='ocrx_word' id='word_1_194' title='bbox 487 2274 588 2327; x_wconf 83' lang='lat' dir='ltr'><strong>Quae</strong></span> <span class='ocrx_word' id='word_1_195' title='bbox 613 2276 694 2319; x_wconf 85' lang='lat' dir='ltr'><strong>sibi</strong></span> <span class='ocrx_word' id='word_1_196' title='bbox 715 2277 797 2320; x_wconf 87' lang='lat' dir='ltr'><strong>sub</strong></span> <span class='ocrx_word' id='word_1_197' title='bbox 814 2277 910 2321; x_wconf 89' lang='lat' dir='ltr'><strong>viro</strong></span> <span class='ocrx_word' id='word_1_198' title='bbox 925 2274 1266 2322; x_wconf 79' lang='lat' dir='ltr'><strong>benevolentiam</strong></span> <span class='ocrx_word' id='word_1_199' title='bbox 1281 2280 1427 2336; x_wconf 82' lang='lat' dir='ltr'><strong>populi</strong></span> <span class='ocrx_word' id='word_1_200' title='bbox 1447 2292 1558 2336; x_wconf 88' lang='lat' dir='ltr'><strong>saepe</strong></span> 
     </span>
     <span class='ocr_line' id='line_1_30' title="bbox 323 2338 1553 2408; baseline 0.008 -20"><span class='ocrx_word' id='word_1_201' title='bbox 323 2356 667 2402; x_wconf 71' lang='lat' dir='ltr'><strong>comparaverat,</strong></span> <span class='ocrx_word' id='word_1_202' title='bbox 693 2349 914 2405; x_wconf 81' lang='lat' dir='ltr'><strong>tyrannidi</strong></span> <span class='ocrx_word' id='word_1_203' title='bbox 948 2350 1087 2405; x_wconf 89' lang='lat' dir='ltr'><strong>ipsius</strong></span> <span class='ocrx_word' id='word_1_204' title='bbox 1123 2338 1282 2408; x_wconf 80' lang='lat' dir='ltr'><strong>saepius</strong></span> <span class='ocrx_word' id='word_1_205' title='bbox 1315 2353 1553 2405; x_wconf 79' lang='lat' dir='ltr'><strong>resistens,</strong></span> 
     </span>
    </p>
   </div>
   <div class='ocr_carea' id='block_1_6' title="bbox 323 2418 2903 2497">
    <p class='ocr_par' dir='ltr' id='par_1_6' title="bbox 323 2418 2903 2497">
     <span class='ocr_line' id='line_1_31' title="bbox 323 2418 2903 2497; baseline 0.004 -37"><span class='ocrx_word' id='word_1_206' title='bbox 323 2418 451 2461; x_wconf 89' lang='lat' dir='ltr'><strong>etiam</strong></span> <span class='ocrx_word' id='word_1_207' title='bbox 478 2419 720 2463; x_wconf 83' lang='lat' dir='ltr'><strong>simulatam</strong></span> <span class='ocrx_word' id='word_1_208' title='bbox 745 2418 993 2479; x_wconf 79' lang='lat' dir='ltr'><strong>religionem</strong></span> <span class='ocrx_word' id='word_1_209' title='bbox 1016 2423 1062 2467; x_wconf 86' lang='lat' dir='ltr'><strong>in</strong></span> <span class='ocrx_word' id='word_1_210' title='bbox 1083 2423 1233 2468; x_wconf 84' lang='lat' dir='ltr'><strong>habitu</strong></span> <span class='ocrx_word' id='word_1_211' title='bbox 1258 2425 1527 2481; x_wconf 78' lang='lat' dir='ltr'><strong>praeferebat.</strong></span> <span class='ocrx_word' id='word_1_212' title='bbox 1577 2451 1611 2497; x_wconf 77' lang='lat' dir='ltr'>C</span> <span class='ocrx_word' id='word_1_213' title='bbox 1636 2423 1721 2480; x_wconf 87' lang='lat' dir='ltr'><strong>peii</strong></span> <span class='ocrx_word' id='word_1_214' title='bbox 1745 2435 1904 2467; x_wconf 87' lang='lat' dir='ltr'><strong>nomen</strong></span> <span class='ocrx_word' id='word_1_215' title='bbox 1927 2422 1991 2468; x_wconf 88' lang='lat' dir='ltr'><strong>eis</strong></span> <span class='ocrx_word' id='word_1_216' title='bbox 2012 2423 2254 2476; x_wconf 86' lang='lat' dir='ltr'><strong>intentans,</strong></span> <span class='ocrx_word' id='word_1_217' title='bbox 2281 2423 2364 2467; x_wconf 87' lang='lat' dir='ltr'><strong>nisi</strong></span> <span class='ocrx_word' id='word_1_218' title='bbox 2385 2423 2439 2467; x_wconf 91' lang='lat' dir='ltr'><strong>ab</strong></span> <span class='ocrx_word' id='word_1_219' title='bbox 2457 2423 2683 2469; x_wconf 70' lang='lat' dir='ltr'><strong>ohsidione</strong></span> <span class='ocrx_word' id='word_1_220' title='bbox 2701 2425 2878 2470; x_wconf 85' lang='lat' dir='ltr'><strong>recede-</strong></span> <span class='ocrx_word' id='word_1_221' title='bbox 2901 2423 2903 2426; x_wconf 72' lang='grc'>’</span> 
     </span>
    </p>
   </div>
   <div class='ocr_carea' id='block_1_7' title="bbox 378 2523 1503 2652">
    <p class='ocr_par' dir='ltr' id='par_1_7' title="bbox 378 2523 1503 2652">
     <span class='ocr_line' id='line_1_32' title="bbox 378 2523 1503 2590; baseline 0.007 -20"><span class='ocrx_word' id='word_1_222' title='bbox 378 2526 479 2571; x_wconf 65' lang='lat' dir='ltr'><strong>Car.</strong></span> <span class='ocrx_word' id='word_1_223' title='bbox 502 2523 589 2571; x_wconf 75' lang='lat' dir='ltr'><strong>Vll.</strong></span> <span class='ocrx_word' id='word_1_224' title='bbox 617 2526 678 2572; x_wconf 85' lang='lat' dir='ltr'><strong>De</strong></span> <span class='ocrx_word' id='word_1_225' title='bbox 703 2542 823 2585; x_wconf 70' lang='lat' dir='ltr'><strong>rayno</strong></span> <span class='ocrx_word' id='word_1_226' title='bbox 848 2530 1114 2583; x_wconf 69' lang='lat' dir='ltr'><strong>Alexandr-m,</strong></span> <span class='ocrx_word' id='word_1_227' title='bbox 1138 2538 1176 2574; x_wconf 84' lang='lat' dir='ltr'><strong>et</strong></span> <span class='ocrx_word' id='word_1_228' title='bbox 1202 2533 1251 2588; x_wconf 76' lang='lat' dir='ltr'><strong>de</strong></span> <span class='ocrx_word' id='word_1_229' title='bbox 1275 2533 1376 2589; x_wconf 74' lang='lat' dir='ltr'><strong>fillis</strong></span> <span class='ocrx_word' id='word_1_230' title='bbox 1399 2534 1503 2590; x_wconf 77' lang='lat' dir='ltr'><strong>ejus,</strong></span> 
     </span>
     <span class='ocr_line' id='line_1_33' title="bbox 678 2584 1205 2652; baseline 0.011 -26"><span class='ocrx_word' id='word_1_231' title='bbox 678 2584 862 2628; x_wconf 77' lang='lat' dir='ltr'><strong>Hircano</strong></span> <span class='ocrx_word' id='word_1_232' title='bbox 887 2594 926 2630; x_wconf 82' lang='lat' dir='ltr'><strong>et</strong></span> <span class='ocrx_word' id='word_1_233' title='bbox 947 2587 1205 2652; x_wconf 68' lang='lat' dir='ltr'><strong>Aristobulo.</strong></span> 
     </span>
    </p>
   </div>
   <div class='ocr_carea' id='block_1_8' title="bbox 319 2701 1561 3478">
    <p class='ocr_par' dir='ltr' id='par_1_8' title="bbox 319 2701 1561 3478">
     <span class='ocr_line' id='line_1_34' title="bbox 377 2701 1561 2768; baseline 0.008 -22"><span class='ocrx_word' id='word_1_234' title='bbox 377 2701 480 2755; x_wconf 79' lang='lat' dir='ltr'><strong>Quae</strong></span> <span class='ocrx_word' id='word_1_235' title='bbox 503 2701 602 2747; x_wconf 87' lang='lat' dir='ltr'><strong>dum</strong></span> <span class='ocrx_word' id='word_1_236' title='bbox 625 2710 845 2760; x_wconf 49' lang='lat' dir='ltr'><strong>regnaret,</strong></span> <span class='ocrx_word' id='word_1_237' title='bbox 867 2704 1098 2750; x_wconf 82' lang='lat' dir='ltr'><strong>llircanum</strong></span> <span class='ocrx_word' id='word_1_238' title='bbox 1117 2707 1443 2765; x_wconf 79' lang='lat' dir='ltr'><strong>primogenitum</strong></span> <span class='ocrx_word' id='word_1_239' title='bbox 1452 2724 1561 2768; x_wconf 90' lang='lat' dir='ltr'><strong>pon·</strong></span> 
     </span>
     <span class='ocr_line' id='line_1_35' title="bbox 324 2773 1557 2837; baseline 0.01 -20"><span class='ocrx_word' id='word_1_240' title='bbox 324 2773 482 2818; x_wconf 81' lang='lat' dir='ltr'><strong>tilicem</strong></span> <span class='ocrx_word' id='word_1_241' title='bbox 507 2775 768 2830; x_wconf 75' lang='lat' dir='ltr'><strong>declaravit,</strong></span> <span class='ocrx_word' id='word_1_242' title='bbox 793 2790 891 2821; x_wconf 90' lang='lat' dir='ltr'><strong>eum</strong></span> <span class='ocrx_word' id='word_1_243' title='bbox 912 2777 1104 2822; x_wconf 79' lang='lat' dir='ltr'><strong>futurum</strong></span> <span class='ocrx_word' id='word_1_244' title='bbox 1145 2793 1288 2837; x_wconf 83' lang='lat' dir='ltr'><strong>regem</strong></span> <span class='ocrx_word' id='word_1_245' title='bbox 1333 2783 1557 2836; x_wconf 82' lang='lat' dir='ltr'><strong>indicans,</strong></span> 
     </span>
     <span class='ocr_line' id='line_1_36' title="bbox 322 2846 1559 2907; baseline 0.008 -17"><span class='ocrx_word' id='word_1_246' title='bbox 322 2846 423 2902; x_wconf 83' lang='lat' dir='ltr'><strong>quia</strong></span> <span class='ocrx_word' id='word_1_247' title='bbox 434 2846 653 2891; x_wconf 84' lang='lat' dir='ltr'><strong>modestus</strong></span> <span class='ocrx_word' id='word_1_248' title='bbox 670 2854 779 2900; x_wconf 83' lang='lat' dir='ltr'><strong>erat;</strong></span> <span class='ocrx_word' id='word_1_249' title='bbox 803 2850 1012 2894; x_wconf 82' lang='lat' dir='ltr'><strong>minorem</strong></span> <span class='ocrx_word' id='word_1_250' title='bbox 1035 2863 1137 2895; x_wconf 88' lang='lat' dir='ltr'><strong>vero</strong></span> <span class='ocrx_word' id='word_1_251' title='bbox 1159 2851 1451 2899; x_wconf 81' lang='lat' dir='ltr'><strong>Aristobulum</strong></span> <span class='ocrx_word' id='word_1_252' title='bbox 1471 2887 1483 2907; x_wconf 94' lang='lat'><strong>,</strong></span> <span class='ocrx_word' id='word_1_253' title='bbox 1506 2860 1559 2900; x_wconf 83' lang='lat' dir='ltr'><strong>eo</strong></span> 
     </span>
     <span class='ocr_line' id='line_1_37' title="bbox 324 2918 1559 2980; baseline 0.011 -19"><span class='ocrx_word' id='word_1_254' title='bbox 324 2918 439 2974; x_wconf 86' lang='lat' dir='ltr'><strong>quod</strong></span> <span class='ocrx_word' id='word_1_255' title='bbox 477 2918 683 2964; x_wconf 76' lang='lat' dir='ltr'><strong>ferventis</strong></span> <span class='ocrx_word' id='word_1_256' title='bbox 722 2921 853 2964; x_wconf 82' lang='lat' dir='ltr'><strong>animi</strong></span> <span class='ocrx_word' id='word_1_257' title='bbox 892 2922 1129 2976; x_wconf 84' lang='lat' dir='ltr'><strong>videretur,</strong></span> <span class='ocrx_word' id='word_1_258' title='bbox 1174 2918 1390 2980; x_wconf 81' lang='lat' dir='ltr'><strong>privatim</strong></span> <span class='ocrx_word' id='word_1_259' title='bbox 1414 2929 1559 2974; x_wconf 79' lang='lat' dir='ltr'><strong>vivere</strong></span> 
     </span>
     <span class='ocr_line' id='line_1_38' title="bbox 324 2989 1558 3048; baseline 0.01 -16"><span class='ocrx_word' id='word_1_260' title='bbox 324 2990 478 3045; x_wconf 81' lang='lat' dir='ltr'><strong>coegit.</strong></span> <span class='ocrx_word' id='word_1_261' title='bbox 505 2989 565 3034; x_wconf 83' lang='lat' dir='ltr'><strong>Eo</strong></span> <span class='ocrx_word' id='word_1_262' title='bbox 585 2998 776 3048; x_wconf 72' lang='lat' dir='ltr'><strong>tempore</strong></span> <span class='ocrx_word' id='word_1_263' title='bbox 794 3002 887 3036; x_wconf 84' lang='lat' dir='ltr'><strong>orta</strong></span> <span class='ocrx_word' id='word_1_264' title='bbox 916 2994 985 3039; x_wconf 85' lang='lat' dir='ltr'><strong>est</strong></span> <span class='ocrx_word' id='word_1_265' title='bbox 1008 2995 1053 3038; x_wconf 88' lang='lat' dir='ltr'><strong>in</strong></span> <span class='ocrx_word' id='word_1_266' title='bbox 1075 2995 1221 3040; x_wconf 85' lang='lat' dir='ltr'><strong>Judaea</strong></span> <span class='ocrx_word' id='word_1_267' title='bbox 1245 2997 1423 3043; x_wconf 85' lang='lat' dir='ltr'><strong>haeresis</strong></span> <span class='ocrx_word' id='word_1_268' title='bbox 1445 2998 1558 3044; x_wconf 88' lang='lat' dir='ltr'><strong>Pha-</strong></span> 
     </span>
     <span class='ocr_line' id='line_1_39' title="bbox 323 3061 1558 3127; baseline 0.009 -22"><span class='ocrx_word' id='word_1_269' title='bbox 323 3061 545 3106; x_wconf 85' lang='lat' dir='ltr'><strong>risaeorum</strong></span> <span class='ocrx_word' id='word_1_270' title='bbox 561 3095 573 3115; x_wconf 93' lang='lat'><strong>,</strong></span> <span class='ocrx_word' id='word_1_271' title='bbox 599 3063 652 3108; x_wconf 84' lang='lat' dir='ltr'><strong>de</strong></span> <span class='ocrx_word' id='word_1_272' title='bbox 673 3065 831 3120; x_wconf 80' lang='lat' dir='ltr'><strong>quibus</strong></span> <span class='ocrx_word' id='word_1_273' title='bbox 852 3072 950 3123; x_wconf 80' lang='lat' dir='ltr'><strong>post</strong></span> <span class='ocrx_word' id='word_1_274' title='bbox 974 3079 1071 3111; x_wconf 80' lang='lat' dir='ltr'><strong>cum</strong></span> <span class='ocrx_word' id='word_1_275' title='bbox 1097 3070 1227 3113; x_wconf 88' lang='lat' dir='ltr'><strong>sectis</strong></span> <span class='ocrx_word' id='word_1_276' title='bbox 1250 3068 1558 3127; x_wconf 70' lang='lat' dir='ltr'><strong>aliis-explica-</strong></span> 
     </span>
     <span class='ocr_line' id='line_1_40' title="bbox 322 3131 1556 3190; baseline 0.01 -14"><span class='ocrx_word' id='word_1_277' title='bbox 322 3131 455 3184; x_wconf 80' lang='lat' dir='ltr'><strong>bitur,</strong></span> <span class='ocrx_word' id='word_1_278' title='bbox 482 3146 665 3190; x_wconf 86' lang='lat' dir='ltr'><strong>querum</strong></span> <span class='ocrx_word' id='word_1_279' title='bbox 698 3137 879 3181; x_wconf 85' lang='lat' dir='ltr'><strong>consilio</strong></span> <span class='ocrx_word' id='word_1_280' title='bbox 913 3140 1113 3183; x_wconf 88' lang='lat' dir='ltr'><strong>utebatur</strong></span> <span class='ocrx_word' id='word_1_281' title='bbox 1147 3141 1191 3184; x_wconf 90' lang='lat' dir='ltr'><strong>in</strong></span> <span class='ocrx_word' id='word_1_282' title='bbox 1224 3142 1428 3189; x_wconf 88' lang='lat' dir='ltr'><strong>omnibus</strong></span> <span class='ocrx_word' id='word_1_283' title='bbox 1457 3144 1556 3188; x_wconf 73' lang='lat' dir='ltr'><strong>Ale-</strong></span> 
     </span>
     <span class='ocr_line' id='line_1_41' title="bbox 321 3205 1559 3272; baseline 0.011 -25"><span class='ocrx_word' id='word_1_284' title='bbox 321 3205 509 3259; x_wconf 86' lang='lat' dir='ltr'><strong>xandra,</strong></span> <span class='ocrx_word' id='word_1_285' title='bbox 544 3207 602 3249; x_wconf 88' lang='lat' dir='ltr'><strong>ita</strong></span> <span class='ocrx_word' id='word_1_286' title='bbox 639 3212 686 3250; x_wconf 86' lang='lat' dir='ltr'><strong>ut</strong></span> <span class='ocrx_word' id='word_1_287' title='bbox 719 3220 867 3252; x_wconf 88' lang='lat' dir='ltr'><strong>eorum</strong></span> <span class='ocrx_word' id='word_1_288' title='bbox 902 3211 1084 3254; x_wconf 90' lang='lat' dir='ltr'><strong>consilio</strong></span> <span class='ocrx_word' id='word_1_289' title='bbox 1111 3210 1339 3268; x_wconf 83' lang='lat' dir='ltr'><strong>optimates</strong></span> <span class='ocrx_word' id='word_1_290' title='bbox 1362 3227 1559 3272; x_wconf 82' lang='lat' dir='ltr'><strong>quosque</strong></span> 
     </span>
     <span class='ocr_line' id='line_1_42' title="bbox 320 3275 1552 3334; baseline 0.01 -15"><span class='ocrx_word' id='word_1_291' title='bbox 320 3275 563 3321; x_wconf 68' lang='lat' dir='ltr'><strong>ludaeorum</strong></span> <span class='ocrx_word' id='word_1_292' title='bbox 580 3309 591 3329; x_wconf 88' lang='lat'><strong>,</strong></span> <span class='ocrx_word' id='word_1_293' title='bbox 615 3284 689 3321; x_wconf 89' lang='lat' dir='ltr'><strong>aut</strong></span> <span class='ocrx_word' id='word_1_294' title='bbox 720 3279 871 3323; x_wconf 86' lang='lat' dir='ltr'><strong>exsilio</strong></span> <span class='ocrx_word' id='word_1_295' title='bbox 895 3279 1147 3334; x_wconf 81' lang='lat' dir='ltr'><strong>damnaret,</strong></span> <span class='ocrx_word' id='word_1_296' title='bbox 1171 3291 1243 3327; x_wconf 89' lang='lat' dir='ltr'><strong>aut</strong></span> <span class='ocrx_word' id='word_1_297' title='bbox 1274 3285 1552 3332; x_wconf 84' lang='lat' dir='ltr'><strong>interficeret.</strong></span> 
     </span>
     <span class='ocr_line' id='line_1_43' title="bbox 319 3342 1554 3414; baseline 0.014 -28"><span class='ocrx_word' id='word_1_298' title='bbox 319 3342 510 3402; x_wconf 77' lang='lat' dir='ltr'><strong>Denique</strong></span> <span class='ocrx_word' id='word_1_299' title='bbox 529 3346 754 3403; x_wconf 80' lang='lat' dir='ltr'><strong>Diogenem</strong></span> <span class='ocrx_word' id='word_1_300' title='bbox 772 3385 782 3399; x_wconf 81' lang='lat'><strong>,</strong></span> <span class='ocrx_word' id='word_1_301' title='bbox 802 3349 872 3405; x_wconf 80' lang='lat' dir='ltr'><strong>qui</strong></span> <span class='ocrx_word' id='word_1_302' title='bbox 892 3351 1132 3406; x_wconf 80' lang='lat' dir='ltr'><strong>Alexandro</strong></span> <span class='ocrx_word' id='word_1_303' title='bbox 1146 3355 1434 3414; x_wconf 86' lang='lat' dir='ltr'><strong>amicissimus</strong></span> <span class='ocrx_word' id='word_1_304' title='bbox 1459 3359 1554 3403; x_wconf 84' lang='lat' dir='ltr'><strong>sue-</strong></span> 
     </span>
     <span class='ocr_line' id='line_1_44' title="bbox 321 3418 1552 3478; baseline 0.014 -20"><span class='ocrx_word' id='word_1_305' title='bbox 321 3423 412 3469; x_wconf 85' lang='lat' dir='ltr'><strong>rat,</strong></span> <span class='ocrx_word' id='word_1_306' title='bbox 440 3418 615 3464; x_wconf 86' lang='lat' dir='ltr'><strong>occidit.</strong></span> <span class='ocrx_word' id='word_1_307' title='bbox 636 3419 978 3476; x_wconf 79' lang='lat' dir='ltr'><strong>Alienigenarum</strong></span> <span class='ocrx_word' id='word_1_308' title='bbox 998 3425 1178 3478; x_wconf 69' lang='lat' dir='ltr'><strong>quidem</strong></span> <span class='ocrx_word' id='word_1_309' title='bbox 1205 3427 1316 3472; x_wconf 91' lang='lat' dir='ltr'><strong>duos</strong></span> <span class='ocrx_word' id='word_1_310' title='bbox 1339 3430 1419 3473; x_wconf 82' lang='lat' dir='ltr'><strong>sibi</strong></span> <span class='ocrx_word' id='word_1_311' title='bbox 1446 3442 1552 3475; x_wconf 88' lang='lat' dir='ltr'><strong>con-</strong></span> 
     </span>
    </p>
   </div>
   <div class='ocr_carea' id='block_1_9' title="bbox 1330 236 1873 284">
    <p class='ocr_par' dir='ltr' id='par_1_9' title="bbox 1330 236 1873 284">
     <span class='ocr_line' id='line_1_45' title="bbox 1330 236 1873 284; baseline -0.002 -1"><span class='ocrx_word' id='word_1_312' title='bbox 1330 240 1492 284; x_wconf 75' lang='lat' dir='ltr'><strong>PETRt</strong></span> <span class='ocrx_word' id='word_1_313' title='bbox 1521 236 1873 283; x_wconf 67' lang='lat' dir='ltr'><strong>consssmms</strong></span> 
     </span>
    </p>
   </div>
   <div class='ocr_carea' id='block_1_10' title="bbox 2914 71 2924 224">
    <p class='ocr_par' dir='ltr' id='par_1_10' title="bbox 2914 71 2924 224">
     <span class='ocr_line' id='line_1_46' title="bbox 2914 71 2924 224; textangle 90"><span class='ocrx_word' id='word_1_314' title='bbox 2919 207 2924 224; x_wconf 91' lang='lat'><strong>-..</strong></span> <span class='ocrx_word' id='word_1_315' title='bbox 2914 188 2924 200; x_wconf 73' lang='grc' dir='ltr'><strong><em>Δ</em></strong></span> <span class='ocrx_word' id='word_1_316' title='bbox 2915 71 2924 174; x_wconf 45' lang='lat' dir='ltr'><strong>-..s-§.z-</strong></span> 
     </span>
    </p>
   </div>
   <div class='ocr_carea' id='block_1_11' title="bbox 1628 242 2924 2255">
    <p class='ocr_par' dir='ltr' id='par_1_11' title="bbox 1628 242 2924 2255">
     <span class='ocr_line' id='line_1_47' title="bbox 2770 242 2924 306; baseline 0.006 -16"><span class='ocrx_word' id='word_1_317' title='bbox 2770 244 2878 291; x_wconf 69' lang='lat'><strong>152⁸</strong></span> <span class='ocrx_word' id='word_1_318' title='bbox 2899 242 2924 306; x_wconf 75' lang='lat' dir='ltr'>j</span> 
     </span>
     <span class='ocr_line' id='line_1_48' title="bbox 1751 325 2924 394; baseline 0.008 -24"><span class='ocrx_word' id='word_1_319' title='bbox 1751 327 1855 371; x_wconf 69' lang='lat' dir='ltr'><strong>Car.</strong></span> <span class='ocrx_word' id='word_1_320' title='bbox 1880 325 1987 371; x_wconf 63' lang='lat' dir='ltr'><strong>vul.</strong></span> <span class='ocrx_word' id='word_1_321' title='bbox 2015 327 2077 371; x_wconf 82' lang='lat' dir='ltr'><strong>De</strong></span> <span class='ocrx_word' id='word_1_322' title='bbox 2097 327 2317 383; x_wconf 69' lang='lat' dir='ltr'><strong>multiplici</strong></span> <span class='ocrx_word' id='word_1_323' title='bbox 2333 328 2544 375; x_wconf 66' lang='lat' dir='ltr'><strong>discordia</strong></span> <span class='ocrx_word' id='word_1_324' title='bbox 2564 330 2763 387; x_wconf 68' lang='lat' dir='ltr'><strong>fratrem.</strong></span> <span class='ocrx_word' id='word_1_325' title='bbox 2908 330 2924 394; x_wconf 42' lang='lat' dir='ltr'>J</span> 
     </span>
     <span class='ocr_line' id='line_1_49' title="bbox 1695 395 2924 484; baseline 0.009 -44"><span class='ocrx_word' id='word_1_326' title='bbox 1695 395 1755 440; x_wconf 86' lang='lat' dir='ltr'><strong>Ea</strong></span> <span class='ocrx_word' id='word_1_327' title='bbox 1778 404 1945 442; x_wconf 86' lang='lat' dir='ltr'><strong>mortua</strong></span> <span class='ocrx_word' id='word_1_328' title='bbox 1961 432 1972 452; x_wconf 90' lang='lat'><strong>,</strong></span> <span class='ocrx_word' id='word_1_329' title='bbox 1991 398 2284 452; x_wconf 81' lang='lat' dir='ltr'><strong>Aristobulus‚</strong></span> <span class='ocrx_word' id='word_1_330' title='bbox 2300 401 2480 446; x_wconf 87' lang='lat' dir='ltr'><strong>collecto</strong></span> <span class='ocrx_word' id='word_1_331' title='bbox 2493 405 2702 456; x_wconf 80' lang='lat' dir='ltr'><strong>exercitu,</strong></span> <span class='ocrx_word' id='word_1_332' title='bbox 2725 411 2876 450; x_wconf 81' lang='lat' dir='ltr'><strong>eontra</strong></span> <span class='ocrx_word' id='word_1_333' title='bbox 2896 430 2924 484; x_wconf 48' lang='grc' dir='ltr'><strong>ἰ·</strong></span> 
     </span>
     <span class='ocr_line' id='line_1_50' title="bbox 1638 467 2924 528; baseline 0.009 -16"><span class='ocrx_word' id='word_1_334' title='bbox 1638 467 1814 514; x_wconf 78' lang='lat' dir='ltr'><strong>fratrem</strong></span> <span class='ocrx_word' id='word_1_335' title='bbox 1839 471 1976 514; x_wconf 84' lang='lat' dir='ltr'><strong>movit</strong></span> <span class='ocrx_word' id='word_1_336' title='bbox 1997 482 2134 515; x_wconf 87' lang='lat' dir='ltr'><strong>arma.</strong></span> <span class='ocrx_word' id='word_1_337' title='bbox 2157 472 2350 528; x_wconf 84' lang='lat' dir='ltr'><strong>Cumque</strong></span> <span class='ocrx_word' id='word_1_338' title='bbox 2371 475 2531 528; x_wconf 68' lang='lat' dir='ltr'><strong>egressi</strong></span> <span class='ocrx_word' id='word_1_339' title='bbox 2553 481 2699 519; x_wconf 83' lang='lat' dir='ltr'><strong>essent</strong></span> <span class='ocrx_word' id='word_1_340' title='bbox 2724 475 2877 523; x_wconf 72' lang='lat' dir='ltr'><strong>tratres</strong></span> <span class='ocrx_word' id='word_1_341' title='bbox 2912 487 2924 505; x_wconf 63' lang='lat'><strong>³·</strong></span> 
     </span>
     <span class='ocr_line' id='line_1_51' title="bbox 1639 536 2924 606; baseline 0.005 -24"><span class='ocrx_word' id='word_1_342' title='bbox 1639 540 1682 582; x_wconf 89' lang='lat' dir='ltr'><strong>in</strong></span> <span class='ocrx_word' id='word_1_343' title='bbox 1706 539 1872 594; x_wconf 82' lang='lat' dir='ltr'><strong>campis</strong></span> <span class='ocrx_word' id='word_1_344' title='bbox 1901 536 2237 593; x_wconf 76' lang='lat' dir='ltr'><strong>Ierichontinis,</strong></span> <span class='ocrx_word' id='word_1_345' title='bbox 2270 542 2411 585; x_wconf 80' lang='lat' dir='ltr'><strong>victus</strong></span> <span class='ocrx_word' id='word_1_346' title='bbox 2444 541 2657 587; x_wconf 85' lang='lat' dir='ltr'><strong>Hircanus</strong></span> <span class='ocrx_word' id='word_1_347' title='bbox 2691 542 2800 598; x_wconf 78' lang='lat' dir='ltr'><strong>fugit</strong></span> <span class='ocrx_word' id='word_1_348' title='bbox 2831 544 2876 588; x_wconf 88' lang='lat' dir='ltr'><strong>in</strong></span> <span class='ocrx_word' id='word_1_349' title='bbox 2894 558 2924 606; x_wconf 41' lang='grc' dir='ltr'><strong>,τ’</strong></span> 
     </span>
     <span class='ocr_line' id='line_1_52' title="bbox 1637 611 2924 693; baseline 0.005 -37"><span class='ocrx_word' id='word_1_350' title='bbox 1637 611 1893 657; x_wconf 73' lang='lat' dir='ltr'><strong>Jerusalem.</strong></span> <span class='ocrx_word' id='word_1_351' title='bbox 1909 611 2098 658; x_wconf 83' lang='lat' dir='ltr'><strong>Tandem</strong></span> <span class='ocrx_word' id='word_1_352' title='bbox 2110 627 2158 658; x_wconf 92' lang='lat' dir='ltr'><strong>ea</strong></span> <span class='ocrx_word' id='word_1_353' title='bbox 2173 616 2318 669; x_wconf 87' lang='lat' dir='ltr'><strong>legeiu</strong></span> <span class='ocrx_word' id='word_1_354' title='bbox 2333 615 2607 659; x_wconf 80' lang='lat' dir='ltr'><strong>concordiam</strong></span> <span class='ocrx_word' id='word_1_355' title='bbox 2628 617 2874 670; x_wconf 74' lang='lat' dir='ltr'><strong>redierunt,</strong></span> <span class='ocrx_word' id='word_1_356' title='bbox 2900 626 2924 693; x_wconf 42' lang='grc' dir='ltr'><strong>ἐξ</strong></span> 
     </span>
     <span class='ocr_line' id='line_1_53' title="bbox 1637 685 2924 753; baseline 0.005 -25"><span class='ocrx_word' id='word_1_357' title='bbox 1637 691 1685 728; x_wconf 88' lang='lat' dir='ltr'><strong>ut</strong></span> <span class='ocrx_word' id='word_1_358' title='bbox 1708 685 1982 730; x_wconf 84' lang='lat' dir='ltr'><strong>Aristobulus</strong></span> <span class='ocrx_word' id='word_1_359' title='bbox 2004 692 2199 742; x_wconf 81' lang='lat' dir='ltr'><strong>regnaret</strong></span> <span class='ocrx_word' id='word_1_360' title='bbox 2218 718 2228 738; x_wconf 96' lang='lat'><strong>,</strong></span> <span class='ocrx_word' id='word_1_361' title='bbox 2251 686 2466 731; x_wconf 84' lang='lat' dir='ltr'><strong>Hircanus</strong></span> <span class='ocrx_word' id='word_1_362' title='bbox 2486 700 2587 731; x_wconf 78' lang='lat' dir='ltr'><strong>vero</strong></span> <span class='ocrx_word' id='word_1_363' title='bbox 2609 689 2689 731; x_wconf 88' lang='lat' dir='ltr'><strong>sub</strong></span> <span class='ocrx_word' id='word_1_364' title='bbox 2710 701 2761 732; x_wconf 79' lang='lat' dir='ltr'><strong>co</strong></span> <span class='ocrx_word' id='word_1_365' title='bbox 2780 689 2924 753; x_wconf 41' lang='lat' dir='ltr'><strong>qui-44</strong></span> 
     </span>
     <span class='ocr_line' id='line_1_54' title="bbox 1637 756 2924 827; baseline 0.002 -27"><span class='ocrx_word' id='word_1_366' title='bbox 1637 757 1822 801; x_wconf 84' lang='lat' dir='ltr'><strong>buslibet</strong></span> <span class='ocrx_word' id='word_1_367' title='bbox 1841 756 2092 813; x_wconf 80' lang='lat' dir='ltr'><strong>fungeretur</strong></span> <span class='ocrx_word' id='word_1_368' title='bbox 2109 757 2362 810; x_wconf 85' lang='lat' dir='ltr'><strong>bonoribus.</strong></span> <span class='ocrx_word' id='word_1_369' title='bbox 2384 757 2539 802; x_wconf 82' lang='lat' dir='ltr'><strong>Demos</strong></span> <span class='ocrx_word' id='word_1_370' title='bbox 2555 760 2679 802; x_wconf 87' lang='lat' dir='ltr'><strong>etiam</strong></span> <span class='ocrx_word' id='word_1_371' title='bbox 2704 771 2878 815; x_wconf 73' lang='lat' dir='ltr'><strong>pcrmu·</strong></span> <span class='ocrx_word' id='word_1_372' title='bbox 2903 797 2924 827; x_wconf 62' lang='lat'>⁵</span> 
     </span>
     <span class='ocr_line' id='line_1_55' title="bbox 1640 828 2924 886; baseline 0.005 -17"><span class='ocrx_word' id='word_1_373' title='bbox 1640 834 1855 871; x_wconf 84' lang='lat' dir='ltr'><strong>taverunt.</strong></span> <span class='ocrx_word' id='word_1_374' title='bbox 1896 828 1999 871; x_wconf 82' lang='lat' dir='ltr'><strong>Erat</strong></span> <span class='ocrx_word' id='word_1_375' title='bbox 2024 835 2166 872; x_wconf 87' lang='lat' dir='ltr'><strong>autem</strong></span> <span class='ocrx_word' id='word_1_376' title='bbox 2194 841 2291 872; x_wconf 87' lang='lat' dir='ltr'><strong>cum</strong></span> <span class='ocrx_word' id='word_1_377' title='bbox 2317 829 2504 872; x_wconf 75' lang='lat' dir='ltr'><strong>llircano</strong></span> <span class='ocrx_word' id='word_1_378' title='bbox 2532 830 2755 886; x_wconf 80' lang='lat' dir='ltr'><strong>Antipater</strong></span> <span class='ocrx_word' id='word_1_379' title='bbox 2776 829 2877 874; x_wconf 83' lang='lat' dir='ltr'><strong>ldu-</strong></span> <span class='ocrx_word' id='word_1_380' title='bbox 2903 833 2924 863; x_wconf 81' lang='lat'><strong>·:</strong></span> 
     </span>
     <span class='ocr_line' id='line_1_56' title="bbox 1639 896 2919 956; baseline 0.005 -15"><span class='ocrx_word' id='word_1_381' title='bbox 1639 912 1797 949; x_wconf 59' lang='lat' dir='ltr'><strong>mxi-us,</strong></span> <span class='ocrx_word' id='word_1_382' title='bbox 1825 900 1949 955; x_wconf 80' lang='lat' dir='ltr'><strong>cujus</strong></span> <span class='ocrx_word' id='word_1_383' title='bbox 1970 901 2272 956; x_wconf 84' lang='lat' dir='ltr'><strong>prudentiam,</strong></span> <span class='ocrx_word' id='word_1_384' title='bbox 2304 906 2348 945; x_wconf 84' lang='lat' dir='ltr'><strong>et</strong></span> <span class='ocrx_word' id='word_1_385' title='bbox 2387 902 2684 945; x_wconf 78' lang='lat' dir='ltr'><strong>strenultatem</strong></span> <span class='ocrx_word' id='word_1_386' title='bbox 2718 903 2876 948; x_wconf 75' lang='lat' dir='ltr'><strong>timens</strong></span> <span class='ocrx_word' id='word_1_387' title='bbox 2914 896 2919 900; x_wconf 63' lang='grc'><strong>’</strong></span> 
     </span>
     <span class='ocr_line' id='line_1_57' title="bbox 1637 971 2877 1030; baseline 0.005 -18"><span class='ocrx_word' id='word_1_388' title='bbox 1637 971 1911 1015; x_wconf 85' lang='lat' dir='ltr'><strong>Aristobulus</strong></span> <span class='ocrx_word' id='word_1_389' title='bbox 1944 972 2185 1016; x_wconf 81' lang='lat' dir='ltr'><strong>calumnias</strong></span> <span class='ocrx_word' id='word_1_390' title='bbox 2207 973 2246 1016; x_wconf 87' lang='lat' dir='ltr'><strong>ei</strong></span> <span class='ocrx_word' id='word_1_391' title='bbox 2271 973 2578 1028; x_wconf 80' lang='lat' dir='ltr'><strong>praetendebat.</strong></span> <span class='ocrx_word' id='word_1_392' title='bbox 2598 973 2678 1015; x_wconf 86' lang='lat' dir='ltr'><strong>llic</strong></span> <span class='ocrx_word' id='word_1_393' title='bbox 2698 985 2877 1030; x_wconf 87' lang='lat' dir='ltr'><strong>persua·</strong></span> 
     </span>
     <span class='ocr_line' id='line_1_58' title="bbox 1638 1036 2924 1102; baseline 0.005 -16"><span class='ocrx_word' id='word_1_394' title='bbox 1638 1045 1695 1087; x_wconf 88' lang='lat' dir='ltr'><strong>sit</strong></span> <span class='ocrx_word' id='word_1_395' title='bbox 1718 1042 1927 1095; x_wconf 82' lang='lat' dir='ltr'><strong>Hircano,</strong></span> <span class='ocrx_word' id='word_1_396' title='bbox 1955 1050 2001 1087; x_wconf 87' lang='lat' dir='ltr'><strong>ut</strong></span> <span class='ocrx_word' id='word_1_397' title='bbox 2025 1055 2072 1089; x_wconf 91' lang='lat' dir='ltr'><strong>se</strong></span> <span class='ocrx_word' id='word_1_398' title='bbox 2094 1045 2193 1088; x_wconf 87' lang='lat' dir='ltr'><strong>dolo</strong></span> <span class='ocrx_word' id='word_1_399' title='bbox 2217 1045 2558 1089; x_wconf 73' lang='lat' dir='ltr'><strong>circumventum</strong></span> <span class='ocrx_word' id='word_1_400' title='bbox 2590 1036 2924 1102; x_wconf 49' lang='lat' dir='ltr'><strong>misereretur-...i⁴</strong></span> 
     </span>
     <span class='ocr_line' id='line_1_59' title="bbox 1638 1109 2924 1176; baseline 0.002 -16"><span class='ocrx_word' id='word_1_401' title='bbox 1638 1122 1679 1160; x_wconf 88' lang='lat' dir='ltr'><strong>et</strong></span> <span class='ocrx_word' id='word_1_402' title='bbox 1705 1123 1750 1160; x_wconf 85' lang='lat' dir='ltr'><strong>ut</strong></span> <span class='ocrx_word' id='word_1_403' title='bbox 1773 1116 1827 1159; x_wconf 82' lang='lat' dir='ltr'><strong>ad</strong></span> <span class='ocrx_word' id='word_1_404' title='bbox 1844 1117 2049 1161; x_wconf 86' lang='lat' dir='ltr'><strong>Aretbam</strong></span> <span class='ocrx_word' id='word_1_405' title='bbox 2073 1129 2219 1173; x_wconf 72' lang='lat' dir='ltr'><strong>regem</strong></span> <span class='ocrx_word' id='word_1_406' title='bbox 2238 1116 2427 1161; x_wconf 79' lang='lat' dir='ltr'><strong>Arabum</strong></span> <span class='ocrx_word' id='word_1_407' title='bbox 2451 1118 2722 1174; x_wconf 79' lang='lat' dir='ltr'><strong>confugeret.</strong></span> <span class='ocrx_word' id='word_1_408' title='bbox 2749 1120 2876 1174; x_wconf 73' lang='lat' dir='ltr'><strong>cuius</strong></span> <span class='ocrx_word' id='word_1_409' title='bbox 2899 1109 2924 1176; x_wconf 61' lang='grc' dir='ltr'>ξ</span> 
     </span>
     <span class='ocr_line' id='line_1_60' title="bbox 1638 1183 2924 1251; baseline 0.005 -19"><span class='ocrx_word' id='word_1_410' title='bbox 1638 1190 1800 1232; x_wconf 86' lang='lat' dir='ltr'><strong>auxilio</strong></span> <span class='ocrx_word' id='word_1_411' title='bbox 1824 1190 1987 1233; x_wconf 85' lang='lat' dir='ltr'><strong>rediret</strong></span> <span class='ocrx_word' id='word_1_412' title='bbox 2007 1190 2052 1233; x_wconf 90' lang='lat' dir='ltr'><strong>in</strong></span> <span class='ocrx_word' id='word_1_413' title='bbox 2074 1202 2273 1246; x_wconf 84' lang='lat' dir='ltr'><strong>regnum.</strong></span> <span class='ocrx_word' id='word_1_414' title='bbox 2296 1189 2437 1234; x_wconf 79' lang='lat' dir='ltr'><strong>Noctu</strong></span> <span class='ocrx_word' id='word_1_415' title='bbox 2462 1190 2593 1247; x_wconf 80' lang='lat' dir='ltr'><strong>igitur</strong></span> <span class='ocrx_word' id='word_1_416' title='bbox 2616 1192 2777 1247; x_wconf 79' lang='lat' dir='ltr'><strong>egi-essi</strong></span> <span class='ocrx_word' id='word_1_417' title='bbox 2801 1180 2924 1251; x_wconf 33' lang='lat' dir='ltr'><strong>vesi·</strong></span> 
     </span>
     <span class='ocr_line' id='line_1_61' title="bbox 1638 1262 2924 1331; baseline 0.003 -26"><span class='ocrx_word' id='word_1_418' title='bbox 1638 1269 1795 1305; x_wconf 88' lang='lat' dir='ltr'><strong>nerunt</strong></span> <span class='ocrx_word' id='word_1_419' title='bbox 1822 1262 1876 1305; x_wconf 88' lang='lat' dir='ltr'><strong>ad</strong></span> <span class='ocrx_word' id='word_1_420' title='bbox 1899 1275 2044 1319; x_wconf 83' lang='lat' dir='ltr'><strong>regem</strong></span> <span class='ocrx_word' id='word_1_421' title='bbox 2068 1263 2259 1306; x_wconf 83' lang='lat' dir='ltr'><strong>Arabum</strong></span> <span class='ocrx_word' id='word_1_422' title='bbox 2286 1263 2329 1307; x_wconf 89' lang='lat' dir='ltr'><strong>iu</strong></span> <span class='ocrx_word' id='word_1_423' title='bbox 2356 1265 2587 1320; x_wconf 81' lang='lat' dir='ltr'><strong>oppidum,</strong></span> <span class='ocrx_word' id='word_1_424' title='bbox 2611 1265 2725 1320; x_wconf 77' lang='lat' dir='ltr'><strong>quod</strong></span> <span class='ocrx_word' id='word_1_425' title='bbox 2750 1263 2924 1331; x_wconf 53' lang='lat' dir='ltr'><strong>Petra-{gi</strong></span> 
     </span>
     <span class='ocr_line' id='line_1_62' title="bbox 1638 1335 2924 1401; baseline 0.002 -23"><span class='ocrx_word' id='word_1_426' title='bbox 1638 1335 1814 1387; x_wconf 88' lang='lat' dir='ltr'><strong>dicitur,</strong></span> <span class='ocrx_word' id='word_1_427' title='bbox 1839 1336 1913 1379; x_wconf 88' lang='lat' dir='ltr'><strong>ubi</strong></span> <span class='ocrx_word' id='word_1_428' title='bbox 1938 1337 2059 1401; x_wconf 69' lang='lat' dir='ltr'><strong>regni</strong></span> <span class='ocrx_word' id='word_1_429' title='bbox 2081 1335 2205 1381; x_wconf 89' lang='lat' dir='ltr'><strong>sedes</strong></span> <span class='ocrx_word' id='word_1_430' title='bbox 2222 1343 2333 1381; x_wconf 87' lang='lat' dir='ltr'><strong>erat.</strong></span> <span class='ocrx_word' id='word_1_431' title='bbox 2355 1335 2504 1393; x_wconf 79' lang='lat' dir='ltr'><strong>ltaque</strong></span> <span class='ocrx_word' id='word_1_432' title='bbox 2518 1369 2529 1388; x_wconf 93' lang='lat'><strong>,</strong></span> <span class='ocrx_word' id='word_1_433' title='bbox 2552 1339 2733 1382; x_wconf 83' lang='lat' dir='ltr'><strong>collecto</strong></span> <span class='ocrx_word' id='word_1_434' title='bbox 2753 1334 2924 1401; x_wconf 50' lang='lat' dir='ltr'><strong>exer-4⁸]</strong></span> 
     </span>
     <span class='ocr_line' id='line_1_63' title="bbox 1639 1408 2924 1476; baseline 0.003 -24"><span class='ocrx_word' id='word_1_435' title='bbox 1639 1409 1726 1452; x_wconf 86' lang='lat' dir='ltr'><strong>citu</strong></span> <span class='ocrx_word' id='word_1_436' title='bbox 1744 1440 1756 1460; x_wconf 90' lang='lat'><strong>,</strong></span> <span class='ocrx_word' id='word_1_437' title='bbox 1782 1409 1944 1452; x_wconf 83' lang='lat' dir='ltr'><strong>Aretba</strong></span> <span class='ocrx_word' id='word_1_438' title='bbox 1967 1410 2086 1452; x_wconf 85' lang='lat' dir='ltr'><strong>venit</strong></span> <span class='ocrx_word' id='word_1_439' title='bbox 2121 1409 2167 1452; x_wconf 86' lang='lat' dir='ltr'><strong>in</strong></span> <span class='ocrx_word' id='word_1_440' title='bbox 2198 1408 2388 1454; x_wconf 80' lang='lat' dir='ltr'><strong>Judaeam</strong></span> <span class='ocrx_word' id='word_1_441' title='bbox 2406 1442 2416 1462; x_wconf 93' lang='lat'><strong>,</strong></span> <span class='ocrx_word' id='word_1_442' title='bbox 2442 1416 2486 1453; x_wconf 87' lang='lat' dir='ltr'><strong>et</strong></span> <span class='ocrx_word' id='word_1_443' title='bbox 2510 1410 2677 1454; x_wconf 84' lang='lat' dir='ltr'><strong>obsedit</strong></span> <span class='ocrx_word' id='word_1_444' title='bbox 2700 1408 2924 1476; x_wconf 52' lang='lat' dir='ltr'><strong>,lerum-55}</strong></span> 
     </span>
     <span class='ocr_line' id='line_1_64' title="bbox 1639 1480 2924 1549; baseline 0.004 -27"><span class='ocrx_word' id='word_1_445' title='bbox 1639 1480 1750 1534; x_wconf 89' lang='lat' dir='ltr'><strong>lem,</strong></span> <span class='ocrx_word' id='word_1_446' title='bbox 1782 1491 1910 1536; x_wconf 85' lang='lat' dir='ltr'><strong>quam</strong></span> <span class='ocrx_word' id='word_1_447' title='bbox 1946 1488 1988 1525; x_wconf 92' lang='lat' dir='ltr'><strong>et</strong></span> <span class='ocrx_word' id='word_1_448' title='bbox 2023 1481 2288 1536; x_wconf 82' lang='lat' dir='ltr'><strong>recepisset,</strong></span> <span class='ocrx_word' id='word_1_449' title='bbox 2342 1481 2428 1548; x_wconf 83' lang='lat' dir='ltr'><strong>nisi</strong></span> <span class='ocrx_word' id='word_1_450' title='bbox 2463 1482 2555 1525; x_wconf 81' lang='lat' dir='ltr'><strong>dux</strong></span> <span class='ocrx_word' id='word_1_451' title='bbox 2585 1481 2924 1549; x_wconf 53' lang='lat' dir='ltr'><strong>Romanorumg,</strong></span> 
     </span>
     <span class='ocr_line' id='line_1_65' title="bbox 1641 1547 2924 1613; baseline 0.004 -19"><span class='ocrx_word' id='word_1_452' title='bbox 1641 1550 1830 1596; x_wconf 88' lang='lat' dir='ltr'><strong>Scaurus</strong></span> <span class='ocrx_word' id='word_1_453' title='bbox 1851 1552 2050 1597; x_wconf 86' lang='lat' dir='ltr'><strong>solvisset</strong></span> <span class='ocrx_word' id='word_1_454' title='bbox 2073 1553 2310 1597; x_wconf 59' lang='lat' dir='ltr'><strong>obsidium:</strong></span> <span class='ocrx_word' id='word_1_455' title='bbox 2333 1553 2426 1596; x_wconf 69' lang='lat' dir='ltr'><strong>lam</strong></span> <span class='ocrx_word' id='word_1_456' title='bbox 2452 1551 2564 1598; x_wconf 82' lang='lat' dir='ltr'><strong>cn&#39;im</strong></span> <span class='ocrx_word' id='word_1_457' title='bbox 2583 1553 2713 1612; x_wconf 56' lang='lat' dir='ltr'><strong>&gt;Syria</strong></span> <span class='ocrx_word' id='word_1_458' title='bbox 2737 1547 2924 1613; x_wconf 41' lang='lat' dir='ltr'><strong>desto-55</strong></span> 
     </span>
     <span class='ocr_line' id='line_1_66' title="bbox 1638 1622 2890 1680; baseline 0.004 -14"><span class='ocrx_word' id='word_1_459' title='bbox 1638 1629 1705 1666; x_wconf 89' lang='lat' dir='ltr'><strong>rat</strong></span> <span class='ocrx_word' id='word_1_460' title='bbox 1726 1623 1884 1668; x_wconf 85' lang='lat' dir='ltr'><strong>babere</strong></span> <span class='ocrx_word' id='word_1_461' title='bbox 1904 1622 2048 1680; x_wconf 76' lang='lat' dir='ltr'><strong>regem</strong></span> <span class='ocrx_word' id='word_1_462' title='bbox 2062 1656 2074 1675; x_wconf 84' lang='lat'><strong>,</strong></span> <span class='ocrx_word' id='word_1_463' title='bbox 2097 1623 2209 1668; x_wconf 78' lang='lat' dir='ltr'><strong>sacta</strong></span> <span class='ocrx_word' id='word_1_464' title='bbox 2229 1623 2437 1670; x_wconf 81' lang='lat' dir='ltr'><strong>Romanis</strong></span> <span class='ocrx_word' id='word_1_465' title='bbox 2455 1626 2696 1672; x_wconf 85' lang='lat' dir='ltr'><strong>tributaria.</strong></span> <span class='ocrx_word' id='word_1_466' title='bbox 2719 1627 2890 1678; x_wconf 66' lang='lat' dir='ltr'><strong>Missus·</strong></span> 
     </span>
     <span class='ocr_line' id='line_1_67' title="bbox 1638 1686 2924 1759; baseline 0.005 -22"><span class='ocrx_word' id='word_1_467' title='bbox 1638 1700 1732 1738; x_wconf 89' lang='lat' dir='ltr'><strong>erat</strong></span> <span class='ocrx_word' id='word_1_468' title='bbox 1750 1693 2032 1759; x_wconf 78' lang='lat' dir='ltr'><strong>l’ompeiusa</strong></span> <span class='ocrx_word' id='word_1_469' title='bbox 2053 1694 2265 1740; x_wconf 86' lang='lat' dir='ltr'><strong>Romanis</strong></span> <span class='ocrx_word' id='word_1_470' title='bbox 2292 1703 2444 1741; x_wconf 89' lang='lat' dir='ltr'><strong>contra</strong></span> <span class='ocrx_word' id='word_1_471' title='bbox 2475 1696 2703 1755; x_wconf 81' lang='lat' dir='ltr'><strong>Tigranem</strong></span> <span class='ocrx_word' id='word_1_472' title='bbox 2733 1686 2924 1756; x_wconf 56' lang='lat' dir='ltr'><strong>regem*</strong></span> 
     </span>
     <span class='ocr_line' id='line_1_68' title="bbox 1637 1762 2895 1828; baseline 0.005 -19"><span class='ocrx_word' id='word_1_473' title='bbox 1637 1766 1879 1821; x_wconf 80' lang='lat' dir='ltr'><strong>Armeniae,</strong></span> <span class='ocrx_word' id='word_1_474' title='bbox 1911 1774 1954 1812; x_wconf 87' lang='lat' dir='ltr'><strong>et</strong></span> <span class='ocrx_word' id='word_1_475' title='bbox 1987 1762 2201 1812; x_wconf 82' lang='lat' dir='ltr'><strong>Scaurum</strong></span> <span class='ocrx_word' id='word_1_476' title='bbox 2230 1769 2443 1814; x_wconf 86' lang='lat' dir='ltr'><strong>miserunt</strong></span> <span class='ocrx_word' id='word_1_477' title='bbox 2475 1771 2698 1826; x_wconf 72' lang='lat' dir='ltr'><strong>praesidem</strong></span> <span class='ocrx_word' id='word_1_478' title='bbox 2725 1770 2895 1828; x_wconf 54' lang='lat' dir='ltr'><strong>Syria·</strong></span> 
     </span>
     <span class='ocr_line' id='line_1_69' title="bbox 1640 1840 2888 1901; baseline 0.005 -18"><span class='ocrx_word' id='word_1_479' title='bbox 1640 1840 1741 1893; x_wconf 84' lang='lat' dir='ltr'><strong>Qui,</strong></span> <span class='ocrx_word' id='word_1_480' title='bbox 1764 1851 1866 1883; x_wconf 89' lang='lat' dir='ltr'><strong>eum</strong></span> <span class='ocrx_word' id='word_1_481' title='bbox 1887 1840 2078 1886; x_wconf 85' lang='lat' dir='ltr'><strong>audisset</strong></span> <span class='ocrx_word' id='word_1_482' title='bbox 2099 1841 2415 1898; x_wconf 82' lang='lat' dir='ltr'><strong>dissensionem</strong></span> <span class='ocrx_word' id='word_1_483' title='bbox 2431 1842 2611 1886; x_wconf 78' lang='lat' dir='ltr'><strong>fratrum</strong></span> <span class='ocrx_word' id='word_1_484' title='bbox 2633 1845 2677 1887; x_wconf 87' lang='lat' dir='ltr'><strong>in</strong></span> <span class='ocrx_word' id='word_1_485' title='bbox 2701 1843 2888 1901; x_wconf 55' lang='lat' dir='ltr'><strong>Judoea„</strong></span> 
     </span>
     <span class='ocr_line' id='line_1_70' title="bbox 1639 1911 2833 1974; baseline 0.005 -18"><span class='ocrx_word' id='word_1_486' title='bbox 1639 1920 1761 1958; x_wconf 91' lang='lat' dir='ltr'><strong>ratus</strong></span> <span class='ocrx_word' id='word_1_487' title='bbox 1790 1919 1962 1971; x_wconf 88' lang='lat' dir='ltr'><strong>tempus</strong></span> <span class='ocrx_word' id='word_1_488' title='bbox 1999 1911 2097 1960; x_wconf 82' lang='lat' dir='ltr'><strong>esse</strong></span> <span class='ocrx_word' id='word_1_489' title='bbox 2124 1926 2210 1971; x_wconf 85' lang='lat' dir='ltr'><strong>quo</strong></span> <span class='ocrx_word' id='word_1_490' title='bbox 2244 1914 2296 1959; x_wconf 87' lang='lat' dir='ltr'><strong>de</strong></span> <span class='ocrx_word' id='word_1_491' title='bbox 2330 1914 2446 1958; x_wconf 82' lang='lat' dir='ltr'><strong>sacili</strong></span> <span class='ocrx_word' id='word_1_492' title='bbox 2478 1914 2668 1960; x_wconf 62' lang='lat' dir='ltr'><strong>,iudaeam</strong></span> <span class='ocrx_word' id='word_1_493' title='bbox 2699 1929 2833 1974; x_wconf 88' lang='lat' dir='ltr'><strong>poner</strong></span> 
     </span>
     <span class='ocr_line' id='line_1_71' title="bbox 1639 1985 2886 2043; baseline 0.002 -12"><span class='ocrx_word' id='word_1_494' title='bbox 1639 1997 1770 2043; x_wconf 88' lang='lat' dir='ltr'><strong>super</strong></span> <span class='ocrx_word' id='word_1_495' title='bbox 1791 1985 1952 2030; x_wconf 90' lang='lat' dir='ltr'><strong>tributo</strong></span> <span class='ocrx_word' id='word_1_496' title='bbox 1966 2017 1979 2038; x_wconf 90' lang='lat'><strong>,</strong></span> <span class='ocrx_word' id='word_1_497' title='bbox 2005 1986 2050 2029; x_wconf 91' lang='lat' dir='ltr'><strong>in</strong></span> <span class='ocrx_word' id='word_1_498' title='bbox 2071 1998 2201 2030; x_wconf 85' lang='lat' dir='ltr'><strong>manu</strong></span> <span class='ocrx_word' id='word_1_499' title='bbox 2221 1986 2364 2030; x_wconf 84' lang='lat' dir='ltr'><strong>valida</strong></span> <span class='ocrx_word' id='word_1_500' title='bbox 2386 1986 2490 2031; x_wconf 73' lang='lat' dir='ltr'><strong>lines</strong></span> <span class='ocrx_word' id='word_1_501' title='bbox 2511 1986 2683 2030; x_wconf 84' lang='lat' dir='ltr'><strong>intravit</strong></span> <span class='ocrx_word' id='word_1_502' title='bbox 2703 1986 2886 2036; x_wconf 56' lang='lat' dir='ltr'><strong>ludam:</strong></span> 
     </span>
     <span class='ocr_line' id='line_1_72' title="bbox 1628 2049 2887 2126; baseline 0.002 -22"><span class='ocrx_word' id='word_1_503' title='bbox 1628 2061 1701 2126; x_wconf 32' lang='lat' dir='ltr'><strong>&#39;Ad</strong></span> <span class='ocrx_word' id='word_1_504' title='bbox 1725 2072 1852 2118; x_wconf 86' lang='lat' dir='ltr'><strong>quem</strong></span> <span class='ocrx_word' id='word_1_505' title='bbox 1876 2060 2004 2117; x_wconf 78' lang='lat' dir='ltr'><strong>legati</strong></span> <span class='ocrx_word' id='word_1_506' title='bbox 2027 2073 2051 2104; x_wconf 90' lang='lat' dir='ltr'><strong>a</strong></span> <span class='ocrx_word' id='word_1_507' title='bbox 2076 2060 2284 2106; x_wconf 79' lang='lat' dir='ltr'><strong>fratribus</strong></span> <span class='ocrx_word' id='word_1_508' title='bbox 2306 2063 2512 2118; x_wconf 84' lang='lat' dir='ltr'><strong>utrinque</strong></span> <span class='ocrx_word' id='word_1_509' title='bbox 2532 2049 2772 2125; x_wconf 81' lang='lat' dir='ltr'><strong>venerunt,</strong></span> <span class='ocrx_word' id='word_1_510' title='bbox 2787 2052 2887 2109; x_wconf 45' lang='lat' dir='ltr'><strong>&#39;au-L</strong></span> 
     </span>
     <span class='ocr_line' id='line_1_73' title="bbox 1637 2134 2893 2193; baseline 0.004 -15"><span class='ocrx_word' id='word_1_511' title='bbox 1637 2134 1787 2179; x_wconf 73' lang='lat' dir='ltr'><strong>xillum</strong></span> <span class='ocrx_word' id='word_1_512' title='bbox 1817 2134 1859 2178; x_wconf 86' lang='lat' dir='ltr'><strong>ei</strong></span> <span class='ocrx_word' id='word_1_513' title='bbox 1893 2134 1995 2177; x_wconf 89' lang='lat' dir='ltr'><strong>binc</strong></span> <span class='ocrx_word' id='word_1_514' title='bbox 2043 2139 2085 2178; x_wconf 83' lang='lat' dir='ltr'><strong>et</strong></span> <span class='ocrx_word' id='word_1_515' title='bbox 2107 2134 2210 2181; x_wconf 71' lang='lat' dir='ltr'><strong>inde,</strong></span> <span class='ocrx_word' id='word_1_516' title='bbox 2227 2136 2510 2190; x_wconf 84' lang='lat' dir='ltr'><strong>postulantes.</strong></span> <span class='ocrx_word' id='word_1_517' title='bbox 2537 2134 2776 2193; x_wconf 86' lang='lat' dir='ltr'><strong>Corruptus</strong></span> <span class='ocrx_word' id='word_1_518' title='bbox 2799 2148 2893 2183; x_wconf 62' lang='lat' dir='ltr'><strong>au-f·</strong></span> 
     </span>
     <span class='ocr_line' id='line_1_74' title="bbox 1636 2198 2877 2255; baseline 0.003 -5"><span class='ocrx_word' id='word_1_519' title='bbox 1636 2215 1722 2252; x_wconf 91' lang='lat' dir='ltr'><strong>tem</strong></span> <span class='ocrx_word' id='word_1_520' title='bbox 1747 2205 1938 2251; x_wconf 82' lang='lat' dir='ltr'><strong>Scaurus</strong></span> <span class='ocrx_word' id='word_1_521' title='bbox 1958 2207 2166 2251; x_wconf 86' lang='lat' dir='ltr'><strong>trecentis</strong></span> <span class='ocrx_word' id='word_1_522' title='bbox 2188 2208 2364 2252; x_wconf 87' lang='lat' dir='ltr'><strong>talentis</strong></span> <span class='ocrx_word' id='word_1_523' title='bbox 2382 2208 2531 2253; x_wconf 87' lang='lat' dir='ltr'><strong>missis</strong></span> <span class='ocrx_word' id='word_1_524' title='bbox 2552 2209 2606 2253; x_wconf 87' lang='lat' dir='ltr'><strong>ab</strong></span> <span class='ocrx_word' id='word_1_525' title='bbox 2627 2198 2877 2255; x_wconf 80' lang='lat' dir='ltr'><strong>Aristobulo</strong></span> 
     </span>
    </p>
   </div>
   <div class='ocr_carea' id='block_1_12' title="bbox 1636 2278 2899 2411">
    <p class='ocr_par' dir='ltr' id='par_1_12' title="bbox 1636 2278 2899 2411">
     <span class='ocr_line' id='line_1_75' title="bbox 1638 2278 2878 2338; baseline 0.004 -16"><span class='ocrx_word' id='word_1_526' title='bbox 1638 2278 1781 2337; x_wconf 83' lang='lat' dir='ltr'><strong>(quod</strong></span> <span class='ocrx_word' id='word_1_527' title='bbox 1802 2280 2026 2336; x_wconf 87' lang='lat' dir='ltr'><strong>proprium</strong></span> <span class='ocrx_word' id='word_1_528' title='bbox 2053 2292 2150 2325; x_wconf 87' lang='lat' dir='ltr'><strong>esse</strong></span> <span class='ocrx_word' id='word_1_529' title='bbox 2171 2278 2466 2324; x_wconf 87' lang='lat' dir='ltr'><strong>Romanorum</strong></span> <span class='ocrx_word' id='word_1_530' title='bbox 2499 2279 2712 2338; x_wconf 82' lang='lat' dir='ltr'><strong>Josepbus</strong></span> <span class='ocrx_word' id='word_1_531' title='bbox 2743 2287 2878 2328; x_wconf 85' lang='lat' dir='ltr'><strong>testa·</strong></span> 
     </span>
     <span class='ocr_line' id='line_1_76' title="bbox 1636 2349 2899 2411; baseline 0.002 -18"><span class='ocrx_word' id='word_1_532' title='bbox 1636 2349 1734 2408; x_wconf 84' lang='lat' dir='ltr'><strong>tur)</strong></span> <span class='ocrx_word' id='word_1_533' title='bbox 1758 2351 1811 2394; x_wconf 85' lang='lat' dir='ltr'><strong>ad</strong></span> <span class='ocrx_word' id='word_1_534' title='bbox 1831 2351 1996 2395; x_wconf 78' lang='lat' dir='ltr'><strong>Arabes</strong></span> <span class='ocrx_word' id='word_1_535' title='bbox 2018 2350 2181 2407; x_wconf 72' lang='lat' dir='ltr'><strong>legatos</strong></span> <span class='ocrx_word' id='word_1_536' title='bbox 2205 2351 2336 2394; x_wconf 88' lang='lat' dir='ltr'><strong>mittit</strong></span> <span class='ocrx_word' id='word_1_537' title='bbox 2351 2349 2668 2406; x_wconf 82' lang='lat' dir='ltr'><strong>Romanorum,</strong></span> <span class='ocrx_word' id='word_1_538' title='bbox 2690 2357 2735 2396; x_wconf 90' lang='lat' dir='ltr'><strong>et</strong></span> <span class='ocrx_word' id='word_1_539' title='bbox 2754 2351 2877 2396; x_wconf 83' lang='lat' dir='ltr'><strong>Pom-</strong></span> <span class='ocrx_word' id='word_1_540' title='bbox 2896 2410 2899 2411; x_wconf 11' lang='lat'><em>7</em></span> 
     </span>
    </p>
   </div>
   <div class='ocr_carea' id='block_1_13' title="bbox 2833 1792 2924 2675">
    <p class='ocr_par' dir='ltr' id='par_1_13' title="bbox 2833 1792 2924 2675">
     <span class='ocr_line' id='line_1_77' title="bbox 2884 1792 2924 1880; baseline 0 -19"><span class='ocrx_word' id='word_1_541' title='bbox 2884 1792 2924 1880; x_wconf 95' lang='lat' dir='ltr'><strong>   </strong></span> 
     </span>
     <span class='ocr_line' id='line_1_78' title="bbox 2833 1880 2924 1949; baseline 0 -18"><span class='ocrx_word' id='word_1_542' title='bbox 2833 1880 2924 1949; x_wconf 95' lang='lat' dir='ltr'><strong>  </strong></span> 
     </span>
     <span class='ocr_line' id='line_1_79' title="bbox 2886 1949 2924 2026; baseline 0 0"><span class='ocrx_word' id='word_1_543' title='bbox 2886 1949 2924 2026; x_wconf 95' lang='lat' dir='ltr'><strong>  </strong></span> 
     </span>
     <span class='ocr_line' id='line_1_80' title="bbox 2887 2026 2924 2158; baseline 0 0"><span class='ocrx_word' id='word_1_544' title='bbox 2887 2026 2924 2158; x_wconf 95' lang='lat' dir='ltr'><strong>   </strong></span> 
     </span>
     <span class='ocr_line' id='line_1_81' title="bbox 2891 2158 2924 2222; baseline 0 2366"><span class='ocrx_word' id='word_1_545' title='bbox 2891 2158 2924 2222; x_wconf 95' lang='lat' dir='ltr'><strong> </strong></span> 
     </span>
     <span class='ocr_line' id='line_1_82' title="bbox 2886 2222 2924 2675; baseline 0 -65"><span class='ocrx_word' id='word_1_546' title='bbox 2886 2222 2924 2675; x_wconf 95' lang='lat' dir='ltr'><strong>  </strong></span> 
     </span>
    </p>
   </div>
   <div class='ocr_carea' id='block_1_14' title="bbox 1637 2495 2924 2771">
    <p class='ocr_par' dir='ltr' id='par_1_14' title="bbox 1637 2495 2924 2771">
     <span class='ocr_line' id='line_1_83' title="bbox 1639 2495 2874 2560; baseline 0.002 -21"><span class='ocrx_word' id='word_1_547' title='bbox 1639 2503 1751 2541; x_wconf 89' lang='lat' dir='ltr'><strong>rent.</strong></span> <span class='ocrx_word' id='word_1_548' title='bbox 1786 2495 2011 2541; x_wconf 81' lang='lat' dir='ltr'><strong>Recedens</strong></span> <span class='ocrx_word' id='word_1_549' title='bbox 2032 2508 2134 2553; x_wconf 84' lang='lat' dir='ltr'><strong>ergo</strong></span> <span class='ocrx_word' id='word_1_550' title='bbox 2157 2496 2318 2540; x_wconf 74' lang='lat' dir='ltr'><strong>Aratha</strong></span> <span class='ocrx_word' id='word_1_551' title='bbox 2339 2495 2574 2541; x_wconf 82' lang='lat' dir='ltr'><strong>llircanum</strong></span> <span class='ocrx_word' id='word_1_552' title='bbox 2626 2503 2670 2542; x_wconf 89' lang='lat' dir='ltr'><strong>et</strong></span> <span class='ocrx_word' id='word_1_553' title='bbox 2693 2497 2874 2560; x_wconf 72' lang='lat' dir='ltr'><strong>Antipa-</strong></span> 
     </span>
     <span class='ocr_line' id='line_1_84' title="bbox 1640 2558 2924 2625; baseline 0.001 -13"><span class='ocrx_word' id='word_1_554' title='bbox 1640 2575 1754 2612; x_wconf 90' lang='lat' dir='ltr'><strong>trum</strong></span> <span class='ocrx_word' id='word_1_555' title='bbox 1798 2558 2107 2624; x_wconf 84' lang='lat' dir='ltr'><strong>Pbiladelpbiae</strong></span> <span class='ocrx_word' id='word_1_556' title='bbox 2150 2567 2398 2613; x_wconf 82' lang='lat' dir='ltr'><strong>collocavit.</strong></span> <span class='ocrx_word' id='word_1_557' title='bbox 2441 2568 2523 2621; x_wconf 80' lang='lat' dir='ltr'><strong>Qui</strong></span> <span class='ocrx_word' id='word_1_558' title='bbox 2562 2568 2756 2613; x_wconf 79' lang='lat' dir='ltr'><strong>frustrati</strong></span> <span class='ocrx_word' id='word_1_559' title='bbox 2799 2582 2876 2625; x_wconf 82' lang='lat' dir='ltr'><strong>spe</strong></span> <span class='ocrx_word' id='word_1_560' title='bbox 2918 2588 2924 2590; x_wconf 94' lang='lat'><em>·</em></span> 
     </span>
     <span class='ocr_line' id='line_1_85' title="bbox 1637 2639 2874 2697; baseline 0.001 -14"><span class='ocrx_word' id='word_1_561' title='bbox 1637 2640 1827 2685; x_wconf 82' lang='lat' dir='ltr'><strong>Arabum</strong></span> <span class='ocrx_word' id='word_1_562' title='bbox 1868 2641 1914 2684; x_wconf 84' lang='lat' dir='ltr'><strong>in</strong></span> <span class='ocrx_word' id='word_1_563' title='bbox 1953 2639 2227 2685; x_wconf 84' lang='lat' dir='ltr'><strong>adversarios</strong></span> <span class='ocrx_word' id='word_1_564' title='bbox 2268 2652 2385 2697; x_wconf 88' lang='lat' dir='ltr'><strong>spem</strong></span> <span class='ocrx_word' id='word_1_565' title='bbox 2430 2641 2722 2697; x_wconf 81' lang='lat' dir='ltr'><strong>contulerunt.</strong></span> <span class='ocrx_word' id='word_1_566' title='bbox 2766 2641 2874 2685; x_wconf 87' lang='lat' dir='ltr'><strong>Cum</strong></span> 
     </span>
     <span class='ocr_line' id='line_1_86' title="bbox 1637 2688 2924 2771; baseline 0 -14"><span class='ocrx_word' id='word_1_567' title='bbox 1637 2713 1752 2758; x_wconf 89' lang='lat' dir='ltr'><strong>enim</strong></span> <span class='ocrx_word' id='word_1_568' title='bbox 1790 2711 2022 2769; x_wconf 86' lang='lat' dir='ltr'><strong>Pompeius</strong></span> <span class='ocrx_word' id='word_1_569' title='bbox 2058 2709 2315 2756; x_wconf 86' lang='lat' dir='ltr'><strong>Damascum</strong></span> <span class='ocrx_word' id='word_1_570' title='bbox 2354 2713 2560 2764; x_wconf 80' lang='lat' dir='ltr'><strong>venisset,</strong></span> <span class='ocrx_word' id='word_1_571' title='bbox 2584 2725 2684 2756; x_wconf 91' lang='lat' dir='ltr'><strong>cum</strong></span> <span class='ocrx_word' id='word_1_572' title='bbox 2725 2688 2924 2771; x_wconf 59' lang='lat' dir='ltr'><strong>multisff</strong></span> 
     </span>
    </p>
   </div>
   <div class='ocr_carea' id='block_1_15' title="bbox 1636 2770 2924 2979">
    <p class='ocr_par' dir='ltr' id='par_1_15' title="bbox 1636 2770 2924 2979">
     <span class='ocr_line' id='line_1_87' title="bbox 1636 2770 2924 2979; baseline 0.002 -151"><span class='ocrx_word' id='word_1_573' title='bbox 1636 2785 1889 2829; x_wconf 86' lang='lat' dir='ltr'><strong>muneribus</strong></span> <span class='ocrx_word' id='word_1_574' title='bbox 1911 2792 2120 2829; x_wconf 85' lang='lat' dir='ltr'><strong>venerunt</strong></span> <span class='ocrx_word' id='word_1_575' title='bbox 2153 2783 2206 2828; x_wconf 89' lang='lat' dir='ltr'><strong>ad</strong></span> <span class='ocrx_word' id='word_1_576' title='bbox 2238 2791 2336 2828; x_wconf 81' lang='lat' dir='ltr'><strong>eum</strong></span> <span class='ocrx_word' id='word_1_577' title='bbox 2353 2816 2366 2837; x_wconf 91' lang='lat'><strong>,</strong></span> <span class='ocrx_word' id='word_1_578' title='bbox 2391 2790 2592 2837; x_wconf 83' lang='lat' dir='ltr'><strong>orantes,</strong></span> <span class='ocrx_word' id='word_1_579' title='bbox 2629 2787 2675 2829; x_wconf 85' lang='lat' dir='ltr'><strong>ut</strong></span> <span class='ocrx_word' id='word_1_580' title='bbox 2708 2788 2874 2831; x_wconf 85' lang='lat' dir='ltr'><strong>violen-</strong></span> <span class='ocrx_word' id='word_1_581' title='bbox 2898 2770 2924 2979; x_wconf 62' lang='grc' dir='ltr'>ἒ</span> 
     </span>
    </p>
   </div>
   <div class='ocr_carea' id='block_1_16' title="bbox 2905 2656 2924 2687">
    <p class='ocr_par' dir='ltr' id='par_1_16' title="bbox 2905 2656 2924 2687">
     <span class='ocr_line' id='line_1_88' title="bbox 2905 2656 2924 2687; baseline 0 -6"><span class='ocrx_word' id='word_1_582' title='bbox 2905 2656 2924 2687; x_wconf 66' lang='lat' dir='ltr'><strong>,i</strong></span> 
     </span>
    </p>
   </div>
   <div class='ocr_carea' id='block_1_17' title="bbox 1633 2855 2924 3498">
    <p class='ocr_par' dir='ltr' id='par_1_17' title="bbox 1635 2855 2895 2921">
     <span class='ocr_line' id='line_1_89' title="bbox 1635 2855 2895 2921; baseline 0.004 -21"><span class='ocrx_word' id='word_1_583' title='bbox 1635 2858 1739 2900; x_wconf 90' lang='lat' dir='ltr'><strong>tiam</strong></span> <span class='ocrx_word' id='word_1_584' title='bbox 1760 2856 1995 2902; x_wconf 79' lang='lat' dir='ltr'><strong>Aristobuli</strong></span> <span class='ocrx_word' id='word_1_585' title='bbox 2018 2855 2188 2914; x_wconf 80' lang='lat' dir='ltr'><strong>dignam</strong></span> <span class='ocrx_word' id='word_1_586' title='bbox 2211 2859 2310 2902; x_wconf 87' lang='lat' dir='ltr'><strong>odio</strong></span> <span class='ocrx_word' id='word_1_587' title='bbox 2330 2857 2559 2914; x_wconf 82' lang='lat' dir='ltr'><strong>judicaret,</strong></span> <span class='ocrx_word' id='word_1_588' title='bbox 2580 2865 2621 2903; x_wconf 84' lang='lat' dir='ltr'><strong>et</strong></span> <span class='ocrx_word' id='word_1_589' title='bbox 2640 2859 2895 2921; x_wconf 30' lang='lat' dir='ltr'><strong>ltin-canumi</strong></span> 
     </span>
    </p>

    <p class='ocr_par' dir='ltr' id='par_1_18' title="bbox 1633 2923 2924 3498">
     <span class='ocr_line' id='line_1_90' title="bbox 1636 2923 2924 2999; baseline 0.005 -25"><span class='ocrx_word' id='word_1_590' title='bbox 1636 2940 1768 2986; x_wconf 83' lang='lat' dir='ltr'><strong>regno</strong></span> <span class='ocrx_word' id='word_1_591' title='bbox 1795 2929 2060 2974; x_wconf 78' lang='lat' dir='ltr'><strong>restitueret.</strong></span> <span class='ocrx_word' id='word_1_592' title='bbox 2095 2928 2178 2974; x_wconf 87' lang='lat' dir='ltr'><strong>Sed</strong></span> <span class='ocrx_word' id='word_1_593' title='bbox 2210 2941 2291 2974; x_wconf 91' lang='lat' dir='ltr'><strong>nec</strong></span> <span class='ocrx_word' id='word_1_594' title='bbox 2319 2930 2595 2977; x_wconf 83' lang='lat' dir='ltr'><strong>Aristobutus</strong></span> <span class='ocrx_word' id='word_1_595' title='bbox 2625 2932 2709 2977; x_wconf 85' lang='lat' dir='ltr'><strong>sibi</strong></span> <span class='ocrx_word' id='word_1_596' title='bbox 2736 2923 2872 2980; x_wconf 76' lang='lat' dir='ltr'><strong>defuit</strong></span> <span class='ocrx_word' id='word_1_597' title='bbox 2895 2935 2924 2999; x_wconf 29' lang='grc' dir='ltr'><strong>ἰδ’</strong></span> 
     </span>
     <span class='ocr_line' id='line_1_91' title="bbox 1635 2998 2918 3063; baseline 0.002 -18"><span class='ocrx_word' id='word_1_598' title='bbox 1635 3003 1914 3059; x_wconf 83' lang='lat' dir='ltr'><strong>corruptione</strong></span> <span class='ocrx_word' id='word_1_599' title='bbox 1946 3001 2098 3046; x_wconf 87' lang='lat' dir='ltr'><strong>Scauri</strong></span> <span class='ocrx_word' id='word_1_600' title='bbox 2135 3001 2291 3047; x_wconf 76' lang='lat' dir='ltr'><strong>fretus.</strong></span> <span class='ocrx_word' id='word_1_601' title='bbox 2324 3001 2432 3046; x_wconf 89' lang='lat' dir='ltr'><strong>Cum</strong></span> <span class='ocrx_word' id='word_1_602' title='bbox 2467 3009 2608 3048; x_wconf 88' lang='lat' dir='ltr'><strong>autem</strong></span> <span class='ocrx_word' id='word_1_603' title='bbox 2639 2998 2918 3063; x_wconf 61' lang='lat' dir='ltr'><strong>Pompeius?</strong></span> 
     </span>
     <span class='ocr_line' id='line_1_92' title="bbox 1635 3038 2924 3134; baseline 0.007 -18"><span class='ocrx_word' id='word_1_604' title='bbox 1635 3074 1843 3117; x_wconf 86' lang='lat' dir='ltr'><strong>honorem</strong></span> <span class='ocrx_word' id='word_1_605' title='bbox 1866 3075 2030 3132; x_wconf 80' lang='lat' dir='ltr'><strong>regium</strong></span> <span class='ocrx_word' id='word_1_606' title='bbox 2050 3075 2090 3119; x_wconf 88' lang='lat' dir='ltr'><strong>ei</strong></span> <span class='ocrx_word' id='word_1_607' title='bbox 2112 3086 2202 3119; x_wconf 88' lang='lat' dir='ltr'><strong>non</strong></span> <span class='ocrx_word' id='word_1_608' title='bbox 2226 3075 2516 3125; x_wconf 82' lang='lat' dir='ltr'><strong>exhibuisset..</strong></span> <span class='ocrx_word' id='word_1_609' title='bbox 2542 3075 2775 3134; x_wconf 83' lang='lat' dir='ltr'><strong>indignans</strong></span> <span class='ocrx_word' id='word_1_610' title='bbox 2802 3079 2872 3124; x_wconf 90' lang='lat' dir='ltr'><strong>in·</strong></span> <span class='ocrx_word' id='word_1_611' title='bbox 2888 3038 2924 3134; x_wconf 56' lang='lat'><strong>{¹</strong></span> 
     </span>
     <span class='ocr_line' id='line_1_93' title="bbox 1635 3139 2924 3261; baseline 0.006 -72"><span class='ocrx_word' id='word_1_612' title='bbox 1635 3146 1824 3190; x_wconf 85' lang='lat' dir='ltr'><strong>salutato</strong></span> <span class='ocrx_word' id='word_1_613' title='bbox 1844 3145 2048 3203; x_wconf 86' lang='lat' dir='ltr'><strong>Pempeio</strong></span> <span class='ocrx_word' id='word_1_614' title='bbox 2070 3147 2279 3200; x_wconf 88' lang='lat' dir='ltr'><strong>recessit,</strong></span> <span class='ocrx_word' id='word_1_615' title='bbox 2306 3153 2347 3192; x_wconf 87' lang='lat' dir='ltr'><strong>et</strong></span> <span class='ocrx_word' id='word_1_616' title='bbox 2368 3149 2532 3205; x_wconf 86' lang='lat' dir='ltr'><strong>recepit</strong></span> <span class='ocrx_word' id='word_1_617' title='bbox 2551 3161 2597 3194; x_wconf 89' lang='lat' dir='ltr'><strong>se</strong></span> <span class='ocrx_word' id='word_1_618' title='bbox 2619 3150 2663 3194; x_wconf 89' lang='lat' dir='ltr'><strong>in</strong></span> <span class='ocrx_word' id='word_1_619' title='bbox 2684 3139 2924 3261; x_wconf 18' lang='lat' dir='ltr'><strong>Alexan-*3</strong></span> 
     </span>
     <span class='ocr_line' id='line_1_94' title="bbox 1634 3218 2918 3298; baseline 0.008 -38"><span class='ocrx_word' id='word_1_620' title='bbox 1634 3218 1771 3261; x_wconf 87' lang='lat' dir='ltr'><strong>driam</strong></span> <span class='ocrx_word' id='word_1_621' title='bbox 1794 3250 1805 3269; x_wconf 91' lang='lat'><strong>,</strong></span> <span class='ocrx_word' id='word_1_622' title='bbox 1846 3225 2023 3276; x_wconf 84' lang='lat' dir='ltr'><strong>propter</strong></span> <span class='ocrx_word' id='word_1_623' title='bbox 2060 3220 2435 3277; x_wconf 76' lang='lat' dir='ltr'><strong>inexpugnabilem</strong></span> <span class='ocrx_word' id='word_1_624' title='bbox 2475 3222 2622 3279; x_wconf 84' lang='lat' dir='ltr'><strong>oppidi</strong></span> <span class='ocrx_word' id='word_1_625' title='bbox 2664 3225 2918 3298; x_wconf 47' lang='lat' dir='ltr'><strong>munitio-¹14</strong></span> 
     </span>
     <span class='ocr_line' id='line_1_95' title="bbox 1633 3289 2924 3356; baseline 0.006 -22"><span class='ocrx_word' id='word_1_626' title='bbox 1633 3304 1748 3335; x_wconf 68' lang='lat' dir='ltr'><strong>nexu.</strong></span> <span class='ocrx_word' id='word_1_627' title='bbox 1795 3290 1931 3344; x_wconf 86' lang='lat' dir='ltr'><strong>Quem</strong></span> <span class='ocrx_word' id='word_1_628' title='bbox 1951 3323 1964 3345; x_wconf 83' lang='lat'><strong>,</strong></span> <span class='ocrx_word' id='word_1_629' title='bbox 2009 3293 2194 3337; x_wconf 86' lang='lat' dir='ltr'><strong>collecto</strong></span> <span class='ocrx_word' id='word_1_630' title='bbox 2236 3292 2531 3338; x_wconf 83' lang='lat' dir='ltr'><strong>Romanorum</strong></span> <span class='ocrx_word' id='word_1_631' title='bbox 2576 3289 2924 3356; x_wconf 63' lang='lat' dir='ltr'><strong>Syrorumquetlf</strong></span> 
     </span>
     <span class='ocr_line' id='line_1_96' title="bbox 1634 3361 2916 3425; baseline 0.008 -18"><span class='ocrx_word' id='word_1_632' title='bbox 1634 3364 1853 3415; x_wconf 81' lang='lat' dir='ltr'><strong>exercitu,</strong></span> <span class='ocrx_word' id='word_1_633' title='bbox 1880 3361 2102 3409; x_wconf 79' lang='lat' dir='ltr'><strong>insecutus</strong></span> <span class='ocrx_word' id='word_1_634' title='bbox 2125 3367 2192 3409; x_wconf 84' lang='lat' dir='ltr'><strong>est</strong></span> <span class='ocrx_word' id='word_1_635' title='bbox 2224 3364 2432 3421; x_wconf 81' lang='lat' dir='ltr'><strong>Magnus,</strong></span> <span class='ocrx_word' id='word_1_636' title='bbox 2464 3366 2703 3425; x_wconf 80' lang='lat' dir='ltr'><strong>jussitque,</strong></span> <span class='ocrx_word' id='word_1_637' title='bbox 2734 3377 2782 3414; x_wconf 86' lang='lat' dir='ltr'><strong>ut</strong></span> <span class='ocrx_word' id='word_1_638' title='bbox 2810 3370 2869 3417; x_wconf 79' lang='lat' dir='ltr'><strong>&#39;de</strong></span> <span class='ocrx_word' id='word_1_639' title='bbox 2914 3365 2916 3371; x_wconf 74' lang='grc'>’</span> 
     </span>
     <span class='ocr_line' id='line_1_97' title="bbox 1635 3364 2907 3498; baseline 0.006 -21"><span class='ocrx_word' id='word_1_640' title='bbox 1635 3434 1792 3490; x_wconf 80' lang='lat' dir='ltr'><strong>oppido</strong></span> <span class='ocrx_word' id='word_1_641' title='bbox 1816 3433 1869 3478; x_wconf 88' lang='lat' dir='ltr'><strong>ad</strong></span> <span class='ocrx_word' id='word_1_642' title='bbox 1891 3446 1939 3479; x_wconf 87' lang='lat' dir='ltr'><strong>se</strong></span> <span class='ocrx_word' id='word_1_643' title='bbox 1962 3434 2258 3481; x_wconf 81' lang='lat' dir='ltr'><strong>descenderet.</strong></span> <span class='ocrx_word' id='word_1_644' title='bbox 2283 3435 2325 3480; x_wconf 83' lang='lat' dir='ltr'><strong>Is</strong></span> <span class='ocrx_word' id='word_1_645' title='bbox 2346 3449 2471 3491; x_wconf 74' lang='lat' dir='ltr'><strong>vero,</strong></span> <span class='ocrx_word' id='word_1_646' title='bbox 2498 3439 2598 3495; x_wconf 84' lang='lat' dir='ltr'><strong>quia</strong></span> <span class='ocrx_word' id='word_1_647' title='bbox 2622 3451 2700 3495; x_wconf 90' lang='lat' dir='ltr'><strong>pro</strong></span> <span class='ocrx_word' id='word_1_648' title='bbox 2731 3364 2907 3498; x_wconf 65' lang='lat' dir='ltr'><strong>impe-3</strong></span> 
     </span>
    </p>
   </div>
   <div class='ocr_carea' id='block_1_18' title="bbox 320 3486 2905 3571">
    <p class='ocr_par' dir='ltr' id='par_1_19' title="bbox 320 3486 2905 3571">
     <span class='ocr_line' id='line_1_98' title="bbox 320 3486 2905 3571; baseline 0.012 -43"><span class='ocrx_word' id='word_1_649' title='bbox 320 3486 494 3532; x_wconf 84' lang='lat' dir='ltr'><strong>flaverat</strong></span> <span class='ocrx_word' id='word_1_650' title='bbox 517 3491 760 3543; x_wconf 85' lang='lat' dir='ltr'><strong>exercitus,</strong></span> <span class='ocrx_word' id='word_1_651' title='bbox 796 3499 842 3536; x_wconf 91' lang='lat' dir='ltr'><strong>ut</strong></span> <span class='ocrx_word' id='word_1_652' title='bbox 874 3494 916 3537; x_wconf 90' lang='lat' dir='ltr'><strong>in</strong></span> <span class='ocrx_word' id='word_1_653' title='bbox 945 3493 1125 3541; x_wconf 80' lang='lat' dir='ltr'><strong>Judaeos</strong></span> <span class='ocrx_word' id='word_1_654' title='bbox 1150 3499 1280 3543; x_wconf 88' lang='lat' dir='ltr'><strong>tutius</strong></span> <span class='ocrx_word' id='word_1_655' title='bbox 1315 3499 1554 3546; x_wconf 87' lang='lat' dir='ltr'><strong>debaccha·</strong></span> <span class='ocrx_word' id='word_1_656' title='bbox 1578 3516 1613 3559; x_wconf 78' lang='lat' dir='ltr'>D</span> <span class='ocrx_word' id='word_1_657' title='bbox 1635 3508 1699 3549; x_wconf 87' lang='lat' dir='ltr'><strong>rio</strong></span> <span class='ocrx_word' id='word_1_658' title='bbox 1720 3505 1973 3558; x_wconf 85' lang='lat' dir='ltr'><strong>vocabatur,</strong></span> <span class='ocrx_word' id='word_1_659' title='bbox 2006 3507 2254 3552; x_wconf 84' lang='lat' dir='ltr'><strong>decreverat</strong></span> <span class='ocrx_word' id='word_1_660' title='bbox 2284 3510 2429 3565; x_wconf 90' lang='lat' dir='ltr'><strong>potius</strong></span> <span class='ocrx_word' id='word_1_661' title='bbox 2465 3511 2700 3566; x_wconf 88' lang='lat' dir='ltr'><strong>periclitari</strong></span> <span class='ocrx_word' id='word_1_662' title='bbox 2735 3503 2905 3571; x_wconf 43' lang='lat' dir='ltr'><strong>quaml,</strong></span> 
     </span>
    </p>
   </div>
   <div class='ocr_carea' id='block_1_19' title="bbox 315 3560 1552 4420">
    <p class='ocr_par' dir='ltr' id='par_1_20' title="bbox 316 3560 1552 4121">
     <span class='ocr_line' id='line_1_99' title="bbox 320 3560 1552 3629; baseline 0.013 -27"><span class='ocrx_word' id='word_1_663' title='bbox 320 3566 399 3603; x_wconf 90' lang='lat' dir='ltr'><strong>ret.</strong></span> <span class='ocrx_word' id='word_1_664' title='bbox 425 3560 610 3608; x_wconf 82' lang='lat' dir='ltr'><strong>Proinde</strong></span> <span class='ocrx_word' id='word_1_665' title='bbox 629 3564 753 3607; x_wconf 68' lang='lat' dir='ltr'><strong>multi</strong></span> <span class='ocrx_word' id='word_1_666' title='bbox 776 3563 827 3607; x_wconf 84' lang='lat' dir='ltr'><strong>ad</strong></span> <span class='ocrx_word' id='word_1_667' title='bbox 852 3564 1145 3612; x_wconf 85' lang='lat' dir='ltr'><strong>Aristobulum</strong></span> <span class='ocrx_word' id='word_1_668' title='bbox 1162 3569 1450 3629; x_wconf 76' lang='lat' dir='ltr'><strong>confugerant</strong></span> <span class='ocrx_word' id='word_1_669' title='bbox 1467 3606 1480 3626; x_wconf 90' lang='lat'><strong>,</strong></span> <span class='ocrx_word' id='word_1_670' title='bbox 1506 3581 1552 3618; x_wconf 86' lang='lat' dir='ltr'><strong>ut</strong></span> 
     </span>
     <span class='ocr_line' id='line_1_100' title="bbox 320 3634 1550 3700; baseline 0.011 -24"><span class='ocrx_word' id='word_1_671' title='bbox 320 3634 415 3687; x_wconf 84' lang='lat' dir='ltr'><strong>ejus</strong></span> <span class='ocrx_word' id='word_1_672' title='bbox 446 3635 686 3688; x_wconf 80' lang='lat' dir='ltr'><strong>patrocinio</strong></span> <span class='ocrx_word' id='word_1_673' title='bbox 718 3642 959 3683; x_wconf 83' lang='lat' dir='ltr'><strong>tuerentur.</strong></span> <span class='ocrx_word' id='word_1_674' title='bbox 998 3639 1121 3684; x_wconf 83' lang='lat' dir='ltr'><strong>Nono</strong></span> <span class='ocrx_word' id='word_1_675' title='bbox 1149 3651 1291 3686; x_wconf 79' lang='lat' dir='ltr'><strong>autem</strong></span> <span class='ocrx_word' id='word_1_676' title='bbox 1326 3646 1446 3700; x_wconf 82' lang='lat' dir='ltr'><strong>regni</strong></span> <span class='ocrx_word' id='word_1_677' title='bbox 1482 3647 1550 3690; x_wconf 90' lang='lat' dir='ltr'><strong>sui</strong></span> 
     </span>
     <span class='ocr_line' id='line_1_101' title="bbox 319 3707 1550 3768; baseline 0.014 -23"><span class='ocrx_word' id='word_1_678' title='bbox 319 3716 432 3746; x_wconf 87' lang='lat' dir='ltr'><strong>anno</strong></span> <span class='ocrx_word' id='word_1_679' title='bbox 454 3707 675 3759; x_wconf 67' lang='lat' dir='ltr'><strong>aegrotavit</strong></span> <span class='ocrx_word' id='word_1_680' title='bbox 694 3708 954 3763; x_wconf 75' lang='lat' dir='ltr'><strong>Alexandra,</strong></span> <span class='ocrx_word' id='word_1_681' title='bbox 980 3717 1023 3755; x_wconf 85' lang='lat' dir='ltr'><strong>et</strong></span> <span class='ocrx_word' id='word_1_682' title='bbox 1043 3712 1316 3759; x_wconf 78' lang='lat' dir='ltr'><strong>Aristobulus</strong></span> <span class='ocrx_word' id='word_1_683' title='bbox 1333 3748 1344 3768; x_wconf 90' lang='lat'><strong>‚</strong></span> <span class='ocrx_word' id='word_1_684' title='bbox 1370 3719 1550 3763; x_wconf 83' lang='lat' dir='ltr'><strong>collecta</strong></span> 
     </span>
     <span class='ocr_line' id='line_1_102' title="bbox 318 3777 1547 3846; baseline 0.015 -28"><span class='ocrx_word' id='word_1_685' title='bbox 318 3777 599 3831; x_wconf 77' lang='lat' dir='ltr'><strong>pitu-imorum</strong></span> <span class='ocrx_word' id='word_1_686' title='bbox 639 3793 789 3831; x_wconf 83' lang='lat' dir='ltr'><strong>manu,</strong></span> <span class='ocrx_word' id='word_1_687' title='bbox 829 3790 930 3840; x_wconf 76' lang='lat' dir='ltr'><strong>post</strong></span> <span class='ocrx_word' id='word_1_688' title='bbox 966 3794 1147 3831; x_wconf 87' lang='lat' dir='ltr'><strong>matrem</strong></span> <span class='ocrx_word' id='word_1_689' title='bbox 1186 3801 1232 3832; x_wconf 91' lang='lat' dir='ltr'><strong>se</strong></span> <span class='ocrx_word' id='word_1_690' title='bbox 1271 3797 1547 3846; x_wconf 80' lang='lat' dir='ltr'><strong>regnaturum</strong></span> 
     </span>
     <span class='ocr_line' id='line_1_103' title="bbox 318 3848 1547 3915; baseline 0.014 -25"><span class='ocrx_word' id='word_1_691' title='bbox 318 3848 549 3892; x_wconf 78' lang='lat' dir='ltr'><strong>declaravit</strong></span> <span class='ocrx_word' id='word_1_692' title='bbox 583 3854 612 3891; x_wconf 74' lang='lat'><strong>⁶.</strong></span> <span class='ocrx_word' id='word_1_693' title='bbox 655 3851 718 3896; x_wconf 90' lang='lat' dir='ltr'><strong>Ob</strong></span> <span class='ocrx_word' id='word_1_694' title='bbox 757 3853 839 3898; x_wconf 86' lang='lat' dir='ltr'><strong>boc</strong></span> <span class='ocrx_word' id='word_1_695' title='bbox 879 3856 1082 3902; x_wconf 85' lang='lat' dir='ltr'><strong>miserata</strong></span> <span class='ocrx_word' id='word_1_696' title='bbox 1121 3862 1331 3915; x_wconf 77' lang='lat' dir='ltr'><strong>quaerelas</strong></span> <span class='ocrx_word' id='word_1_697' title='bbox 1371 3862 1547 3907; x_wconf 82' lang='lat' dir='ltr'><strong>Ilircani</strong></span> 
     </span>
     <span class='ocr_line' id='line_1_104' title="bbox 316 3924 1547 3981; baseline 0.013 -18"><span class='ocrx_word' id='word_1_698' title='bbox 316 3928 469 3973; x_wconf 85' lang='lat' dir='ltr'><strong>mater,</strong></span> <span class='ocrx_word' id='word_1_699' title='bbox 507 3924 729 3977; x_wconf 61' lang='lat' dir='ltr'><strong>conjugem</strong></span> <span class='ocrx_word' id='word_1_700' title='bbox 763 3925 999 3971; x_wconf 85' lang='lat' dir='ltr'><strong>Aristobuli</strong></span> <span class='ocrx_word' id='word_1_701' title='bbox 1033 3942 1131 3973; x_wconf 89' lang='lat' dir='ltr'><strong>cum</strong></span> <span class='ocrx_word' id='word_1_702' title='bbox 1157 3931 1253 3975; x_wconf 78' lang='lat' dir='ltr'><strong>tiliis</strong></span> <span class='ocrx_word' id='word_1_703' title='bbox 1278 3933 1319 3976; x_wconf 91' lang='lat' dir='ltr'><strong>in</strong></span> <span class='ocrx_word' id='word_1_704' title='bbox 1351 3936 1547 3981; x_wconf 83' lang='lat' dir='ltr'><strong>custodia</strong></span> 
     </span>
     <span class='ocr_line' id='line_1_105' title="bbox 317 3992 1548 4057; baseline 0.014 -25"><span class='ocrx_word' id='word_1_705' title='bbox 317 3992 541 4035; x_wconf 79' lang='lat' dir='ltr'><strong>recludens</strong></span> <span class='ocrx_word' id='word_1_706' title='bbox 562 4026 571 4043; x_wconf 87' lang='lat'><strong>,</strong></span> <span class='ocrx_word' id='word_1_707' title='bbox 591 3994 764 4039; x_wconf 82' lang='lat' dir='ltr'><strong>obsides</strong></span> <span class='ocrx_word' id='word_1_708' title='bbox 789 3998 949 4052; x_wconf 69' lang='lat' dir='ltr'><strong>accepit</strong></span> <span class='ocrx_word' id='word_1_709' title='bbox 968 4029 978 4050; x_wconf 91' lang='lat'><strong>,</strong></span> <span class='ocrx_word' id='word_1_710' title='bbox 999 4012 1052 4043; x_wconf 86' lang='lat' dir='ltr'><strong>ne</strong></span> <span class='ocrx_word' id='word_1_711' title='bbox 1075 4012 1251 4057; x_wconf 82' lang='lat' dir='ltr'><strong>reguum</strong></span> <span class='ocrx_word' id='word_1_712' title='bbox 1276 4004 1357 4047; x_wconf 84' lang='lat' dir='ltr'><strong>sibi</strong></span> <span class='ocrx_word' id='word_1_713' title='bbox 1380 4003 1548 4049; x_wconf 86' lang='lat' dir='ltr'><strong>Aristo·</strong></span> 
     </span>
     <span class='ocr_line' id='line_1_106' title="bbox 317 4063 712 4121; baseline 0.013 -16"><span class='ocrx_word' id='word_1_714' title='bbox 317 4063 442 4106; x_wconf 80' lang='lat' dir='ltr'><strong>buius</strong></span> <span class='ocrx_word' id='word_1_715' title='bbox 476 4074 712 4121; x_wconf 82' lang='lat' dir='ltr'><strong>usurparet.</strong></span> 
     </span>
    </p>

    <p class='ocr_par' dir='ltr' id='par_1_21' title="bbox 315 4134 1546 4420">
     <span class='ocr_line' id='line_1_107' title="bbox 373 4134 1546 4202; baseline 0.018 -30"><span class='ocrx_word' id='word_1_716' title='bbox 373 4135 387 4151; x_wconf 81' lang='grc'><em>·</em></span> <span class='ocrx_word' id='word_1_717' title='bbox 404 4134 573 4177; x_wconf 72' lang='lat' dir='ltr'><strong>Additio</strong></span> <span class='ocrx_word' id='word_1_718' title='bbox 595 4138 633 4180; x_wconf 76' lang='lat' dir='ltr'><strong>l.</strong></span> <span class='ocrx_word' id='word_1_719' title='bbox 656 4137 730 4181; x_wconf 82' lang='lat' dir='ltr'><strong>His</strong></span> <span class='ocrx_word' id='word_1_720' title='bbox 754 4143 1032 4187; x_wconf 69' lang='lat' dir='ltr'><strong>temporibus.</strong></span> <span class='ocrx_word' id='word_1_721' title='bbox 1057 4143 1262 4202; x_wconf 78' lang='lat' dir='ltr'><strong>Jugurlba</strong></span> <span class='ocrx_word' id='word_1_722' title='bbox 1288 4155 1437 4192; x_wconf 86' lang='lat' dir='ltr'><strong>contra</strong></span> <span class='ocrx_word' id='word_1_723' title='bbox 1460 4149 1546 4194; x_wconf 84' lang='lat' dir='ltr'><strong>Re-</strong></span> 
     </span>
     <span class='ocr_line' id='line_1_108' title="bbox 315 4205 1540 4274; baseline 0.017 -30"><span class='ocrx_word' id='word_1_724' title='bbox 315 4214 466 4247; x_wconf 83' lang='lat' dir='ltr'><strong>manos</strong></span> <span class='ocrx_word' id='word_1_725' title='bbox 489 4205 698 4266; x_wconf 66' lang='lat' dir='ltr'><strong>dimicans</strong></span> <span class='ocrx_word' id='word_1_726' title='bbox 722 4221 744 4251; x_wconf 83' lang='lat' dir='ltr'><strong>a</strong></span> <span class='ocrx_word' id='word_1_727' title='bbox 770 4210 913 4255; x_wconf 77' lang='lat' dir='ltr'><strong>Marco</strong></span> <span class='ocrx_word' id='word_1_728' title='bbox 930 4220 970 4255; x_wconf 85' lang='lat' dir='ltr'><strong>et</strong></span> <span class='ocrx_word' id='word_1_729' title='bbox 990 4214 1104 4274; x_wconf 82' lang='lat' dir='ltr'><strong>Sylla</strong></span> <span class='ocrx_word' id='word_1_730' title='bbox 1126 4224 1276 4273; x_wconf 88' lang='lat' dir='ltr'><strong>captus</strong></span> <span class='ocrx_word' id='word_1_731' title='bbox 1295 4226 1360 4263; x_wconf 88' lang='lat' dir='ltr'><strong>est</strong></span> <span class='ocrx_word' id='word_1_732' title='bbox 1380 4219 1540 4264; x_wconf 70' lang='lat' dir='ltr'><strong>Romae.</strong></span> 
     </span>
     <span class='ocr_line' id='line_1_109' title="bbox 315 4271 1539 4337; baseline 0.018 -22"><span class='ocrx_word' id='word_1_733' title='bbox 315 4271 398 4318; x_wconf 77' lang='lat' dir='ltr'><strong>Ars</strong></span> <span class='ocrx_word' id='word_1_734' title='bbox 419 4275 632 4320; x_wconf 77' lang='lat' dir='ltr'><strong>rhetorica</strong></span> <span class='ocrx_word' id='word_1_735' title='bbox 666 4281 796 4336; x_wconf 78' lang='lat' dir='ltr'><strong>coepit</strong></span> <span class='ocrx_word' id='word_1_736' title='bbox 825 4282 970 4327; x_wconf 86' lang='lat' dir='ltr'><strong>baberi</strong></span> <span class='ocrx_word' id='word_1_737' title='bbox 1004 4287 1155 4331; x_wconf 84' lang='lat' dir='ltr'><strong>edocta</strong></span> <span class='ocrx_word' id='word_1_738' title='bbox 1189 4301 1213 4333; x_wconf 88' lang='lat' dir='ltr'><strong>a</strong></span> <span class='ocrx_word' id='word_1_739' title='bbox 1245 4289 1382 4335; x_wconf 89' lang='lat' dir='ltr'><strong>Plotio</strong></span> <span class='ocrx_word' id='word_1_740' title='bbox 1403 4293 1539 4337; x_wconf 87' lang='lat' dir='ltr'><strong>Gallo.</strong></span> 
     </span>
     <span class='ocr_line' id='line_1_110' title="bbox 315 4343 1542 4420; baseline 0.018 -33"><span class='ocrx_word' id='word_1_741' title='bbox 315 4343 542 4392; x_wconf 84' lang='lat' dir='ltr'><strong>Lucretius</strong></span> <span class='ocrx_word' id='word_1_742' title='bbox 568 4352 721 4403; x_wconf 82' lang='lat' dir='ltr'><strong>peculo</strong></span> <span class='ocrx_word' id='word_1_743' title='bbox 742 4358 951 4402; x_wconf 85' lang='lat' dir='ltr'><strong>amatorio</strong></span> <span class='ocrx_word' id='word_1_744' title='bbox 976 4359 1019 4401; x_wconf 89' lang='lat' dir='ltr'><strong>in</strong></span> <span class='ocrx_word' id='word_1_745' title='bbox 1042 4359 1230 4406; x_wconf 75' lang='lat' dir='ltr'><strong>furorem</strong></span> <span class='ocrx_word' id='word_1_746' title='bbox 1255 4376 1409 4408; x_wconf 82' lang='lat' dir='ltr'><strong>versus</strong></span> <span class='ocrx_word' id='word_1_747' title='bbox 1427 4399 1438 4415; x_wconf 93' lang='lat'>‚</span> <span class='ocrx_word' id='word_1_748' title='bbox 1465 4377 1542 4420; x_wconf 89' lang='lat' dir='ltr'><strong>per</strong></span> 
     </span>
    </p>
   </div>
   <div class='ocr_carea' id='block_1_20' title="bbox 315 4416 1539 4538">
    <p class='ocr_par' dir='ltr' id='par_1_22' title="bbox 315 4416 1539 4538">
     <span class='ocr_line' id='line_1_111' title="bbox 315 4416 1539 4531; baseline 0.02 -74"><span class='ocrx_word' id='word_1_749' title='bbox 315 4416 536 4531; x_wconf 44' lang='lat' dir='ltr'><strong>Qualia</strong></span> <span class='ocrx_word' id='word_1_750' title='bbox 563 4422 740 4467; x_wconf 64' lang='lat' dir='ltr'><strong>insanire</strong></span> <span class='ocrx_word' id='word_1_751' title='bbox 772 4427 938 4483; x_wconf 86' lang='lat' dir='ltr'><strong>aliquos</strong></span> <span class='ocrx_word' id='word_1_752' title='bbox 971 4430 1102 4475; x_wconf 83' lang='lat' dir='ltr'><strong>libros</strong></span> <span class='ocrx_word' id='word_1_753' title='bbox 1134 4435 1418 4491; x_wconf 78' lang='lat' dir='ltr'><strong>conscripsit·</strong></span> <span class='ocrx_word' id='word_1_754' title='bbox 1446 4443 1539 4480; x_wconf 85' lang='lat' dir='ltr'><strong>tan-</strong></span> 
     </span>
     <span class='ocr_line' id='line_1_112' title="bbox 432 4488 716 4538; baseline 0.025 -8"><span class='ocrx_word' id='word_1_755' title='bbox 432 4488 644 4535; x_wconf 82' lang='lat' dir='ltr'><strong>intersecit</strong></span> <span class='ocrx_word' id='word_1_756' title='bbox 670 4506 716 4538; x_wconf 90' lang='lat' dir='ltr'><strong>se</strong></span> 
     </span>
    </p>
   </div>
   <div class='ocr_carea' id='block_1_21' title="bbox 1632 3565 2908 3726">
    <p class='ocr_par' dir='ltr' id='par_1_23' title="bbox 1632 3565 2908 3726">
     <span class='ocr_line' id='line_1_113' title="bbox 1633 3565 2904 3654; baseline 0.009 -34"><span class='ocrx_word' id='word_1_757' title='bbox 1633 3589 1800 3634; x_wconf 86' lang='lat' dir='ltr'><strong>parere.</strong></span> <span class='ocrx_word' id='word_1_758' title='bbox 1824 3578 2018 3624; x_wconf 83' lang='lat' dir='ltr'><strong>Consilio</strong></span> <span class='ocrx_word' id='word_1_759' title='bbox 2041 3586 2181 3624; x_wconf 86' lang='lat' dir='ltr'><strong>tamen</strong></span> <span class='ocrx_word' id='word_1_760' title='bbox 2206 3593 2383 3626; x_wconf 90' lang='lat' dir='ltr'><strong>suorum</strong></span> <span class='ocrx_word' id='word_1_761' title='bbox 2409 3583 2673 3630; x_wconf 84' lang='lat' dir='ltr'><strong>descendens</strong></span> <span class='ocrx_word' id='word_1_762' title='bbox 2699 3585 2755 3630; x_wconf 82' lang='lat' dir='ltr'><strong>ab</strong></span> <span class='ocrx_word' id='word_1_763' title='bbox 2787 3565 2904 3654; x_wconf 58' lang='grc' dir='ltr'><strong>σιν-ξ’</strong></span> 
     </span>
     <span class='ocr_line' id='line_1_114' title="bbox 1632 3648 2908 3726; baseline 0.009 -36"><span class='ocrx_word' id='word_1_764' title='bbox 1632 3648 1756 3703; x_wconf 83' lang='lat' dir='ltr'><strong>pido,</strong></span> <span class='ocrx_word' id='word_1_765' title='bbox 1785 3648 1948 3695; x_wconf 81' lang='lat' dir='ltr'><strong>relictis</strong></span> <span class='ocrx_word' id='word_1_766' title='bbox 1971 3650 2029 3694; x_wconf 90' lang='lat' dir='ltr'><strong>ibi</strong></span> <span class='ocrx_word' id='word_1_767' title='bbox 2054 3652 2331 3705; x_wconf 85' lang='lat' dir='ltr'><strong>custodibus,</strong></span> <span class='ocrx_word' id='word_1_768' title='bbox 2353 3656 2585 3711; x_wconf 76' lang='lat' dir='ltr'><strong>praecepit,</strong></span> <span class='ocrx_word' id='word_1_769' title='bbox 2603 3660 2756 3700; x_wconf 87' lang='lat' dir='ltr'><strong>utnon</strong></span> <span class='ocrx_word' id='word_1_770' title='bbox 2778 3657 2908 3726; x_wconf 51' lang='lat' dir='ltr'><strong>nisit„</strong></span> 
     </span>
    </p>
   </div>
   <div class='ocr_carea' id='block_1_22' title="bbox 1616 3711 2900 3787">
    <p class='ocr_par' dir='ltr' id='par_1_24' title="bbox 1616 3711 2900 3787">
     <span class='ocr_line' id='line_1_115' title="bbox 1616 3711 2900 3787; baseline 0.005 -20"><span class='ocrx_word' id='word_1_771' title='bbox 1616 3734 1762 3767; x_wconf 39' lang='lat' dir='ltr'><strong>‘manu</strong></span> <span class='ocrx_word' id='word_1_772' title='bbox 1795 3711 1874 3766; x_wconf 82' lang='lat' dir='ltr'><strong>sua</strong></span> <span class='ocrx_word' id='word_1_773' title='bbox 1893 3723 2083 3779; x_wconf 65' lang='lat' dir='ltr'><strong>,scriptis</strong></span> <span class='ocrx_word' id='word_1_774' title='bbox 2112 3725 2305 3779; x_wconf 85' lang='lat' dir='ltr'><strong>epistolis</strong></span> <span class='ocrx_word' id='word_1_775' title='bbox 2335 3727 2706 3783; x_wconf 85' lang='lat' dir='ltr'><strong>obtemperarent,</strong></span> <span class='ocrx_word' id='word_1_776' title='bbox 2735 3729 2864 3772; x_wconf 87' lang='lat' dir='ltr'><strong>abiit·</strong></span> <span class='ocrx_word' id='word_1_777' title='bbox 2884 3726 2900 3787; x_wconf 64' lang='lat' dir='ltr'><strong>‘ss</strong></span> 
     </span>
    </p>
   </div>
   <div class='ocr_carea' id='block_1_23' title="bbox 1625 3792 2906 4214">
    <p class='ocr_par' dir='ltr' id='par_1_25' title="bbox 1629 3792 2906 3999">
     <span class='ocr_line' id='line_1_116' title="bbox 1629 3792 2895 3852; baseline 0.008 -15"><span class='ocrx_word' id='word_1_778' title='bbox 1629 3807 1713 3850; x_wconf 86' lang='lat' dir='ltr'><strong>que</strong></span> <span class='ocrx_word' id='word_1_779' title='bbox 1733 3792 2066 3852; x_wconf 73' lang='lat' dir='ltr'><strong>lerosolymam.</strong></span> <span class='ocrx_word' id='word_1_780' title='bbox 2090 3795 2225 3849; x_wconf 87' lang='lat' dir='ltr'><strong>Quem</strong></span> <span class='ocrx_word' id='word_1_781' title='bbox 2249 3798 2394 3842; x_wconf 84' lang='lat' dir='ltr'><strong>statim</strong></span> <span class='ocrx_word' id='word_1_782' title='bbox 2420 3799 2642 3846; x_wconf 84' lang='lat' dir='ltr'><strong>insecutus</strong></span> <span class='ocrx_word' id='word_1_783' title='bbox 2675 3807 2742 3846; x_wconf 87' lang='lat' dir='ltr'><strong>est</strong></span> <span class='ocrx_word' id='word_1_784' title='bbox 2771 3799 2895 3846; x_wconf 69' lang='lat' dir='ltr'><strong>Mat-&#39;³</strong></span> 
     </span>
     <span class='ocr_line' id='line_1_117' title="bbox 1629 3866 2906 3928; baseline 0.006 -19"><span class='ocrx_word' id='word_1_785' title='bbox 1629 3879 1768 3923; x_wconf 84' lang='lat' dir='ltr'><strong>gnus,</strong></span> <span class='ocrx_word' id='word_1_786' title='bbox 1792 3867 1936 3912; x_wconf 89' lang='lat' dir='ltr'><strong>alacer</strong></span> <span class='ocrx_word' id='word_1_787' title='bbox 1965 3866 2134 3922; x_wconf 73' lang='lat' dir='ltr'><strong>tactus,</strong></span> <span class='ocrx_word' id='word_1_788' title='bbox 2156 3871 2275 3914; x_wconf 89' lang='lat' dir='ltr'><strong>circa</strong></span> <span class='ocrx_word' id='word_1_789' title='bbox 2305 3869 2580 3923; x_wconf 83' lang='lat' dir='ltr'><strong>Jerichonta,</strong></span> <span class='ocrx_word' id='word_1_790' title='bbox 2612 3880 2751 3919; x_wconf 87' lang='lat' dir='ltr'><strong>morte</strong></span> <span class='ocrx_word' id='word_1_791' title='bbox 2781 3872 2861 3917; x_wconf 74' lang='lat' dir='ltr'><strong>Mi·</strong></span> <span class='ocrx_word' id='word_1_792' title='bbox 2891 3884 2906 3928; x_wconf 62' lang='lat' dir='ltr'><strong>t</strong></span> 
     </span>
     <span class='ocr_line' id='line_1_118' title="bbox 1629 3939 2860 3999; baseline 0.008 -18"><span class='ocrx_word' id='word_1_793' title='bbox 1629 3939 1807 3984; x_wconf 85' lang='lat' dir='ltr'><strong>thidatis</strong></span> <span class='ocrx_word' id='word_1_794' title='bbox 1846 3940 1926 3983; x_wconf 86' lang='lat' dir='ltr'><strong>sibi</strong></span> <span class='ocrx_word' id='word_1_795' title='bbox 1964 3941 2179 3994; x_wconf 85' lang='lat' dir='ltr'><strong>nuntiata,</strong></span> <span class='ocrx_word' id='word_1_796' title='bbox 2225 3942 2302 3986; x_wconf 91' lang='lat' dir='ltr'><strong>ubi</strong></span> <span class='ocrx_word' id='word_1_797' title='bbox 2339 3944 2628 3999; x_wconf 77' lang='lat' dir='ltr'><strong>pinguissima</strong></span> <span class='ocrx_word' id='word_1_798' title='bbox 2663 3945 2860 3991; x_wconf 76' lang='lat' dir='ltr'><strong>ldumaeae</strong></span> 
     </span>
    </p>

    <p class='ocr_par' dir='ltr' id='par_1_26' title="bbox 1625 4011 2898 4214">
     <span class='ocr_line' id='line_1_119' title="bbox 1627 4011 2898 4070; baseline 0.009 -17"><span class='ocrx_word' id='word_1_799' title='bbox 1627 4011 1745 4066; x_wconf 80' lang='lat' dir='ltr'><strong>regio</strong></span> <span class='ocrx_word' id='word_1_800' title='bbox 1779 4017 1822 4055; x_wconf 88' lang='lat' dir='ltr'><strong>et</strong></span> <span class='ocrx_word' id='word_1_801' title='bbox 1855 4012 2095 4067; x_wconf 86' lang='lat' dir='ltr'><strong>palmarum</strong></span> <span class='ocrx_word' id='word_1_802' title='bbox 2119 4014 2336 4070; x_wconf 82' lang='lat' dir='ltr'><strong>plurium.</strong></span> <span class='ocrx_word' id='word_1_803' title='bbox 2359 4022 2402 4060; x_wconf 86' lang='lat' dir='ltr'><strong>et</strong></span> <span class='ocrx_word' id='word_1_804' title='bbox 2435 4017 2674 4061; x_wconf 83' lang='lat' dir='ltr'><strong>balsamum</strong></span> <span class='ocrx_word' id='word_1_805' title='bbox 2705 4021 2856 4064; x_wconf 88' lang='lat' dir='ltr'><strong>nutrit.</strong></span> <span class='ocrx_word' id='word_1_806' title='bbox 2880 4015 2898 4055; x_wconf 66' lang='grc'><strong>-’</strong></span> 
     </span>
     <span class='ocr_line' id='line_1_120' title="bbox 1626 4079 2896 4159; baseline 0.009 -35"><span class='ocrx_word' id='word_1_807' title='bbox 1626 4079 1762 4136; x_wconf 84' lang='lat' dir='ltr'><strong>Cujus</strong></span> <span class='ocrx_word' id='word_1_808' title='bbox 1800 4081 2191 4139; x_wconf 86' lang='lat' dir='ltr'><strong>inciso-lapidibus</strong></span> <span class='ocrx_word' id='word_1_809' title='bbox 2229 4085 2370 4131; x_wconf 87' lang='lat' dir='ltr'><strong>acutis</strong></span> <span class='ocrx_word' id='word_1_810' title='bbox 2408 4087 2588 4140; x_wconf 84' lang='lat' dir='ltr'><strong>robore,</strong></span> <span class='ocrx_word' id='word_1_811' title='bbox 2623 4080 2896 4159; x_wconf 51' lang='lat' dir='ltr'><strong>stillanteuq</strong></span> 
     </span>
     <span class='ocr_line' id='line_1_121' title="bbox 1625 4149 2896 4214; baseline 0.013 -23"><span class='ocrx_word' id='word_1_812' title='bbox 1625 4149 1858 4207; x_wconf 77' lang='lat' dir='ltr'><strong>lacrymam</strong></span> <span class='ocrx_word' id='word_1_813' title='bbox 1882 4164 1936 4196; x_wconf 89' lang='lat' dir='ltr'><strong>ex</strong></span> <span class='ocrx_word' id='word_1_814' title='bbox 1960 4154 2210 4200; x_wconf 88' lang='lat' dir='ltr'><strong>vulneribus</strong></span> <span class='ocrx_word' id='word_1_815' title='bbox 2232 4156 2455 4214; x_wconf 77' lang='lat' dir='ltr'><strong>colligunt.</strong></span> <span class='ocrx_word' id='word_1_816' title='bbox 2890 4167 2896 4172; x_wconf 84' lang='lat'>&#39;</span> 
     </span>
    </p>
   </div>
   <div class='ocr_carea' id='block_1_24' title="bbox 1623 4192 2924 4293">
    <p class='ocr_par' dir='ltr' id='par_1_27' title="bbox 1623 4192 2924 4301">
     <span class='ocr_line' id='line_1_122' title="bbox 1623 4192 2924 4293; baseline 0.008 -28"><span class='ocrx_word' id='word_1_817' title='bbox 1623 4221 1725 4267; x_wconf 71' lang='lat' dir='ltr'><strong>Car.</strong></span> <span class='ocrx_word' id='word_1_818' title='bbox 1764 4222 1838 4268; x_wconf 84' lang='lat' dir='ltr'><strong>lx.</strong></span> <span class='ocrx_word' id='word_1_819' title='bbox 1874 4224 1997 4278; x_wconf 81' lang='lat' dir='ltr'><strong>Quod</strong></span> <span class='ocrx_word' id='word_1_820' title='bbox 2028 4225 2271 4282; x_wconf 75' lang='lat' dir='ltr'><strong>Pompeius,</strong></span> <span class='ocrx_word' id='word_1_821' title='bbox 2300 4228 2537 4273; x_wconf 76' lang='lat' dir='ltr'><strong>Jerusalem</strong></span> <span class='ocrx_word' id='word_1_822' title='bbox 2572 4230 2652 4274; x_wconf 70' lang='lat' dir='ltr'><strong>sibe·</strong></span> <span class='ocrx_word' id='word_1_823' title='bbox 2679 4192 2889 4293; x_wconf 37' lang='lat' dir='ltr'><strong>traditas</strong></span> <span class='ocrx_word' id='word_1_824' title='bbox 2915 4209 2924 4283; x_wconf 58' lang='lat'><strong>¹2</strong></span> 
     </span>
    </p>
   </div>
   <div class='ocr_carea' id='block_1_25' title="bbox 1940 4282 2479 4340">
    <p class='ocr_par' dir='ltr' id='par_1_28' title="bbox 1940 4282 2479 4340">
     <span class='ocr_line' id='line_1_123' title="bbox 1940 4282 2479 4340; baseline 0.009 -18"><span class='ocrx_word' id='word_1_825' title='bbox 1940 4319 1942 4321; x_wconf 76' lang='grc'><strong>,</strong></span> <span class='ocrx_word' id='word_1_826' title='bbox 2000 4282 2195 4337; x_wconf 77' lang='lat' dir='ltr'><strong>templum</strong></span> <span class='ocrx_word' id='word_1_827' title='bbox 2215 4285 2479 4340; x_wconf 72' lang='lat' dir='ltr'><strong>expuqnam’t.</strong></span> 
     </span>
    </p>
   </div>
   <div class='ocr_carea' id='block_1_26' title="bbox 2897 4144 2918 4153">
    <p class='ocr_par' dir='ltr' id='par_1_29' title="bbox 2897 4144 2918 4153">
     <span class='ocr_line' id='line_1_124' title="bbox 2897 4144 2918 4153; baseline -0.048 0"><span class='ocrx_word' id='word_1_828' title='bbox 2897 4151 2901 4153; x_wconf 32' lang='lat' dir='ltr'><strong>i</strong></span> <span class='ocrx_word' id='word_1_829' title='bbox 2910 4144 2918 4152; x_wconf 64' lang='grc' dir='ltr'>ι</span> 
     </span>
    </p>
   </div>
   <div class='ocr_carea' id='block_1_27' title="bbox 1618 4346 2924 4588">
    <p class='ocr_par' dir='ltr' id='par_1_30' title="bbox 1618 4346 2924 4588">
     <span class='ocr_line' id='line_1_125' title="bbox 1677 4346 2924 4446; baseline 0.01 -39"><span class='ocrx_word' id='word_1_830' title='bbox 1677 4362 1870 4421; x_wconf 88' lang='lat' dir='ltr'><strong>Cumque</strong></span> <span class='ocrx_word' id='word_1_831' title='bbox 1883 4365 2191 4426; x_wconf 73' lang='lat' dir='ltr'><strong>,lerosolymam</strong></span> <span class='ocrx_word' id='word_1_832' title='bbox 2207 4379 2472 4427; x_wconf 81' lang='lat' dir='ltr'><strong>properaret,</strong></span> <span class='ocrx_word' id='word_1_833' title='bbox 2493 4373 2668 4419; x_wconf 88' lang='lat' dir='ltr'><strong>territus</strong></span> <span class='ocrx_word' id='word_1_834' title='bbox 2688 4351 2890 4427; x_wconf 55' lang='lat' dir='ltr'><strong>Aristo-..js</strong></span> <span class='ocrx_word' id='word_1_835' title='bbox 2916 4346 2924 4446; x_wconf 68' lang='lat'><strong>⁴:</strong></span> 
     </span>
     <span class='ocr_line' id='line_1_126' title="bbox 1619 4436 2852 4502; baseline 0.011 -25"><span class='ocrx_word' id='word_1_836' title='bbox 1619 4436 1748 4480; x_wconf 87' lang='lat' dir='ltr'><strong>bulus</strong></span> <span class='ocrx_word' id='word_1_837' title='bbox 1779 4440 1969 4483; x_wconf 89' lang='lat' dir='ltr'><strong>occurrit</strong></span> <span class='ocrx_word' id='word_1_838' title='bbox 1990 4440 2056 4491; x_wconf 90' lang='lat' dir='ltr'><strong>ei,</strong></span> <span class='ocrx_word' id='word_1_839' title='bbox 2082 4442 2306 4498; x_wconf 87' lang='lat' dir='ltr'><strong>pecuniam</strong></span> <span class='ocrx_word' id='word_1_840' title='bbox 2329 4445 2534 4500; x_wconf 86' lang='lat' dir='ltr'><strong>pollicens</strong></span> <span class='ocrx_word' id='word_1_841' title='bbox 2565 4459 2659 4502; x_wconf 81' lang='lat' dir='ltr'><strong>quae</strong></span> <span class='ocrx_word' id='word_1_842' title='bbox 2682 4453 2774 4491; x_wconf 87' lang='lat' dir='ltr'><strong>erat</strong></span> <span class='ocrx_word' id='word_1_843' title='bbox 2806 4447 2852 4491; x_wconf 83' lang='lat' dir='ltr'><strong>in</strong></span> 
     </span>
     <span class='ocr_line' id='line_1_127' title="bbox 1618 4465 2924 4588; baseline 0.008 -38"><span class='ocrx_word' id='word_1_844' title='bbox 1618 4505 1891 4566; x_wconf 81' lang='lat' dir='ltr'><strong>Alexandria,</strong></span> <span class='ocrx_word' id='word_1_845' title='bbox 1919 4523 2049 4569; x_wconf 83' lang='lat' dir='ltr'><strong>seque</strong></span> <span class='ocrx_word' id='word_1_846' title='bbox 2073 4513 2124 4558; x_wconf 88' lang='lat' dir='ltr'><strong>de</strong></span> <span class='ocrx_word' id='word_1_847' title='bbox 2142 4519 2296 4560; x_wconf 56' lang='lat' dir='ltr'><strong>cetero</strong></span> <span class='ocrx_word' id='word_1_848' title='bbox 2318 4516 2497 4572; x_wconf 81' lang='lat' dir='ltr'><strong>imperio</strong></span> <span class='ocrx_word' id='word_1_849' title='bbox 2520 4517 2714 4562; x_wconf 82' lang='lat' dir='ltr'><strong>Romano</strong></span> <span class='ocrx_word' id='word_1_850' title='bbox 2731 4516 2850 4573; x_wconf 83' lang='lat' dir='ltr'><strong>pari·</strong></span> <span class='ocrx_word' id='word_1_851' title='bbox 2907 4465 2924 4588; x_wconf 67' lang='grc' dir='ltr'>Ι</span> 
     </span>
    </p>
   </div>
  </div>
 </body>
</html>
