2924 4588
268 123 376 190 ⁸sot

299 284 555 329 mentionem
575 292 586 331 ;
607 282 654 320 ut
673 257 939 333 osteflderet,
969 267 1012 313 [ἢ
1034 262 1176 314 fallor.
1195 277 1284 309 non
1299 263 1429 307 modo
1450 259 1536 303 dit-

300 356 425 406 licite,
446 351 519 397 sed
537 356 578 394 et
582 347 772 426 penitus
790 341 1062 398 impossibiie
1078 337 1283 393 subsequi
1305 337 1449 384 istam,
1469 332 1537 376 ni-

299 430 339 473 si
367 426 586 479 contingat
611 417 851 477 praecedere
874 415 1007 459 illam.
1040 413 1166 456 Prius
1197 411 1355 467 quippe
1383 404 1539 450 asserit

299 514 397 546 eum
415 496 682 542 humiliatum
703 506 714 536 ε
747 489 904 535 deinde
923 487 1195 532 obedientem
1218 483 1378 527 sactum
1399 495 1411 533 ;
1436 479 1538 535 quia

298 580 340 617 et
359 579 419 623 tu,
441 570 475 614 si
498 570 549 612 de
569 568 706 622 teipso
717 563 935 607 humiliter
951 573 1038 604 non
1054 558 1204 611 sentis,
1228 555 1345 599 Patri
1366 559 1442 596 tuo
1455 551 1540 593 ala-

299 645 428 687 criter
452 655 537 684 non
565 637 732 682 obedis.
758 634 834 679 Est
864 639 1006 678 autem
1032 634 1167 688 sactus
1198 628 1387 673 obediens
1412 635 1540 679 usque

299 716 354 759 acl
378 723 549 760 nwrtem
569 726 579 754 ε
613 709 741 766 317
767 718 905 762 usque
928 706 982 748 ad
1005 717 1055 748 ea
1077 702 1276 749 videlicet
1298 697 1537 748 toleranda,

301 803 395 847 qnae
417 787 607 831 inserunt
626 788 825 826 mortem.
850 779 902 823 Et
927 779 1032 835 quid
1054 789 1133 835 per
1149 778 1234 821 hoc
1257 773 1439 830 intelligi
1463 783 1540 818 vo-

299 862 379 904 luit
401 855 649 914 Apostolus,
676 851 792 909 quod
814 850 1065 905 subjunxit,
1091 853 1264 891 mortem
1284 854 1422 889 autem
1446 857 1542 886 eru-

301 933 392 975 cis?
416 929 470 972 Ut
486 932 527 972 et
551 939 626 983 per
646 926 729 968 hoc
743 922 921 978 intelligi
941 921 1144 964 nimirum
1162 916 1543 962 commendabilio-

302 1015 390 1046 rem
424 1003 519 1056 eius
547 1000 744 1042 innueret
766 993 1059 1039 obedientiam
1080 1007 1092 1045 ;
1118 991 1234 1047 quod
1258 1001 1355 1034 eum
1381 988 1542 1031 sactum

302 1072 558 1118 monstravit
594 1068 867 1114 obedientem
890 1076 1027 1120 usquc
1050 1063 1103 1106 ad
1143 1067 1343 1112 mortem,
1367 1072 1453 1103 non
1478 1070 1547 1103 se-

302 1148 390 1191 lum
421 1145 591 1202 quidem
616 1142 766 1186 duram
784 1171 795 1191 ‚
822 1137 895 1183 sed
927 1142 970 1180 et
1000 1137 1279 1192 probrosanu
1305 1145 1391 1177 non
1416 1132 1546 1176 modo

302 1219 458 1268 diram,
480 1217 556 1262 sed
577 1224 619 1260 et
644 1213 988 1271 ignominiosam.
1014 1208 1121 1252 Nam
1139 1206 1350 1263 asperitas
1367 1205 1411 1248 in
1434 1216 1548 1248 mor-

304 1300 375 1346 te;
406 1292 549 1335 vilitas
571 1294 745 1332 notatur
771 1288 814 1330 in
832 1296 973 1330 cruce.
1010 1283 1156 1338 ltaque
1177 1279 1415 1336 promisisti
1440 1277 1545 1321 obe·
1572 1266 1604 1309 Β

306 1367 508 1411 dientiam
533 1375 670 1419 usqne
693 1361 746 1406 ad
764 1368 943 1405 mortem
964 1391 976 1410 ,
1004 1363 1123 1401 uteo
1144 1354 1311 1399 felicius
1334 1354 1377 1396 in
1402 1352 1546 1396 futuro

307 1451 386 1496 pro
406 1451 455 1481 ea
478 1437 539 1480 sis
555 1440 855 1480 remuneratus
869 1467 880 1484 ,
902 1433 962 1476 sis
977 1436 1017 1473 et
1039 1427 1273 1472 'sublimius
1290 1425 1545 1475 honoratus,

307 1525 393 1569 quo
416 1510 547 1554 fueris
581 1520 658 1565 pro
679 1519 730 1552 ea
751 1507 796 1549 in
823 1505 1025 1561 praesenti
1049 1506 1090 1545 et
1113 1499 1269 1543 durius
1289 1495 1473 1541 alniems
1505 1502 1548 1539 et

307 1583 431 1629 vilior
451 1583 643 1628 elle-ctus.

329 1651 466 1715 ,xm
498 1653 732 1709 Quidergo
766 1651 841 1694 tibi
875 1648 1071 1694 videtur?
1104 1646 1169 1690 Tu
1197 1642 1396 1689 sortassIs
1425 1639 1548 1685 esti-

307 1730 435 1773 masti
471 1737 671 1783 magnum
713 1723 796 1767 sibi
831 1721 1058 1780 proveuine
1098 1718 1326 1768 meritum,
1373 1713 1547 1771 quando

308 1804 456 1848 obedis
478 1801 679 1850 alacriter
708 1796 943 1854 imponenti
966 1795 1045 1838 tibi
1063 1792 1214 1839 suavia
1236 1795 1280 1837 et
1316 1787 1548 1833 delectabi-

308 1878 381 1928 lia,
396 1877 438 1920 in
458 1875 616 1932 quibus
633 1872 769 1928 magis
790 1868 976 1914 intendis
991 1866 1156 1911 carnali
1177 1872 1262 1908 tuae
1277 1862 1420 1907 lavere
1431 1861 1550 1905 dele-

307 1949 500 1999 etationi,
515 1957 641 2004 quam
667 1943 903 2000 spiritualis
925 1940 1066 1984 Patris
1086 1939 1147 1983 tui
1171 1948 1322 1994 parere
1335 1933 1549 1992 jnssionit

306 2021 399 2066 Non
432 2026 498 2066 est
531 2020 588 2062 ita
615 2032 626 2063 z
665 2029 764 2061 nam
802 2016 954 2059 beatus
983 2011 1218 2068 Gregorius
1232 2009 1338 2054 dicit
1360 2007 1546 2066 (505-6).

307 2096 414 2143 Cum
442 2094 565 2151 huJ'us
602 2090 744 2135 mundi
767 2102 981 2134 successus
1024 2085 1283 2142 praecipitur,
1311 2095 1405 2126 cum
1433 2081 1548 2125 loeus

306 2169 494 2226 superior
515 2169 759 2223 imperatur,
782 2164 836 2215 is,
855 2162 924 2219 qai
943 2161 996 2204 ad
1010 2160 1096 2204 luce
1113 2156 1375 2215 percipienda
1392 2154 1546 2207 obedit,

307 2238 644 2286 obedientiis-sibi
662 2238 854 2281 virtutem
877 2240 1065 2286 evacuat,
1114 2233 1151 2276 si
1169 2230 1222 2275 ad
1236 2231 1326 2274 lta'e
1347 2230 1474 2273 etiam
1497 2240 1549 2272 ex

308 2315 476 2373 proprio
500 2312 703 2356 desiderio
722 2308 903 2353 anhelat.
942 2306 1087 2363 Neque
1110 2305 1217 2348 enim
1251 2302 1327 2347 sub
1362 2300 1551 2345 obedien·
1571 2331 1603 2378 C

310 2390 370 2432 tia
389 2401 431 2432 se
452 2386 612 2443 diu-tyn,
635 2384 704 2441 qui
729 2381 782 2425 ad
817 2378 1079 2436 suscipienda
1102 2376 1224 2432 liujus
1242 2377 1336 2419 vitoe
1350 2386 1547 2430 prospera

309 2460 473 2519 libidini
494 2459 674 2516 propriae
696 2455 935 2500 ambitionis
959 2453 1101 2496 servit.
1124 2450 1220 2494 Non
1242 2454 1310 2494 est
1337 2448 1435 2492 talis
1452 2447 1551 2492 obe-

309 2532 487 2584 dientia,
511 2544 639 2594 quam
666 2537 711 2573 tu
730 2527 972 2586 promisisti
998 2537 1135 2582 usque
1159 2524 1213 2568 ad
1239 2528 1438 2568 mortem.
1463 2520 1550 2567 ista

309 2612 496 2661 namque
511 2601 699 2647 carnalis
719 2606 802 2652 est,
838 2604 883 2643 et
916 2597 1121 2641 invenitur
1153 2597 1195 2638 in
1224 2601 1337 2639 terra
1369 2593 1552 2638 suaviter

308 2672 833 2732 viventiunt(lob.xxt¹1n,
858 2668 947 2728 15),
981 2680 1061 2713 nec
1096 2668 1224 2712 habet
1251 2667 1295 2710 in
1322 2666 1552 2711 sanctitate

310 2747 570 2806 profectum,
600 2757 680 2791 nec
715 2744 803 2790 Deo
828 2742 979 2788 reddet
1011 2747 1247 2796 acceptum.
1286 2738 1371 2784 Sed
1406 2746 1552 2784 osten-

309 2823 407 2866 dam
427 2821 502 2866 tibi
521 2819 826 2871 obedientiam,
849 2827 944 2873 quae
966 2820 1023 2868 te,
1049 2814 1086 2858 si
1119 2826 1213 2858 eam
1241 2811 1544 2869 apprehendis,

308 2895 597 2942 consummat,
610 2899 740 2945 quam
763 2886 876 2931 Deus
904 2897 1077 2943 quoque
1092 2892 1135 2929 et
1152 2889 1345 2940 acceptat
1357 2891 1554 2928 ebremu-

311 2971 459 3018 nerat3
482 2962 582 3020 quia
598 2972 693 3005 eam
716 2972 814 3006 esse
834 2971 973 3016 usque
985 2958 1039 3002 ad
1055 2963 1238 3003 mortem
1258 2970 1345 3002 non
1363 2958 1550 3014 ignorat.

312 3036 492 3092 Spiritus
516 3030 777 3090 sanctus'per
804 3040 943 3076 omnes
966 3032 1154 3076 civitates
1180 3039 1438 3087 protestatur
1451 3031 1554 3075 milti

310 3110 449 3153 dicens
463 3121 478 3151 .·
494 3108 688 3165 quoniam
706 3105 888 3158 vincula,
901 3111 942 3151 et
959 3104 1249 3150 tribulationes
1272 3118 1335 3148 me
1358 3112 1552 3149 manent:

309 3183 384 3229 sed
397 3183 500 3227 nihil
524 3182 670 3225 horum
687 3184 841 3232 vereor,
865 3192 941 3224 nec
964 3179 1077 3236 facio
1103 3180 1286 3224 animam
1311 3192 1444 3224 meam
1459 3191 1554 3233 pre·

312 3256 522 3301 tiosiorem
557 3267 682 3311 quam
706 3267 786 3305 ine,
821 3252 1046 3296 dummodo
1075 3265 1354 3296 consummem
1385 3264 1553 3295 cursum

309 3342 461 3380 meum,
480 3334 522 3372 et
542 3327 819 3371 ministerium
854 3324 962 3383 quod
998 3326 1185 3381 accepia
1215 3324 1396 3369 Domino
1427 3324 1550 3379 lesu,

312 3402 528 3458 testificari
554 3399 825 3457 Emnyelium
842 3400 995 3456 gratiae
1017 3397 1095 3443 Dei
1120 3398 1231 3455 (Aet.
1256 3412 1330 3451 xx,
1354 3399 1429 3453 23,
1458 3400 1553 3458 24).
1577 3395 1617 3445 D
1690 3390 1783 3436 XV·
1807 3390 1862 3434 Et
1884 3389 1991 3434 mihi
2011 3387 2185 3445 (widem
2210 3385 2398 3438 Videtur,
2423 3385 2463 3430 δί
2495 3383 2623 3429 vobis
2640 3381 2805 3438 amium
2825 3391 2851 3426 ὃ

307 3474 471 3519 'Paulus
509 3473 579 3517 bic
610 3479 700 3525 est,
740 3473 807 3517 cui
843 3473 977 3516 vivere
1004 3471 1198 3516 Christus
1248 3479 1346 3524 est,
1375 3480 1415 3517 et
1438 3475 1555 3516 mori

312 3546 473 3590 luerim
512 3544 695 3601 (Pleiai,
721 3543 822 3600 2¹st
862 3545 932 3588 cui
964 3544 1100 3600 gloria
1135 3544 1252 3588 nulla
1277 3549 1366 3596 est,
1403 3546 1485 3588 nisi
1510 3546 1554 3589 in

311 3631 431 3663 cruce
455 3617 622 3662 Domini
644 3618 779 3661 nostri
797 3616 899 3660 Jesu
919 3616 1076 3661 Christi
1093 3615 1208 3675 (Gal.
1241 3623 1306 3670 vt,
1327 3617 1415 3675 ss).
1440 3617 1553 3661 Audi

312 3697 357 3734 et
374 3690 502 3734 aliam
518 3702 667 3735 vocem
690 3690 810 3745 eius:
840 3689 926 3745 Eyo
949 3703 1030 3733 non
1053 3691 1189 3734 solum
1209 3690 1392 3747 attineri,
1423 3690 1493 3735 sed
1513 3699 1554 3734 et

309 3765 417 3805 mori
443 3765 486 3805 in
508 3762 742 3806 Jerusalem
776 3772 948 3817 paratus
971 3776 1061 3806 sum
1093 3770 1263 3819 propter
1284 3776 1433 3807 nomen
1466 3764 1554 3806 Do·

311 3837 414 3878 ntini
437 3834 537 3879 Iesu
564 3836 674 3889 (Act.
698 3849 788 3888 xxi,
817 3837 903 3891 15).
923 3836 1023 3882 ilaec
1045 3836 1289 3881 obedientia
1316 3849 1425 3894 pura
1453 3835 1551 3889 suit,

312 3923 407 3965 quae
429 3910 609 3966 alligari,
646 3918 687 3954 et
721 3916 827 3954 morl
859 3916 1007 3967 parata
1031 3909 1127 3954 suit.
1152 3910 1265 3954 Dicit
1296 3915 1340 3954 et
1372 3916 1551 3954 sanctus

312 3981 462 4035 David,
500 3983 639 4039 ipsum
675 3983 901 4028 Dominum
932 3985 1185 4040 alloquens:
1229 3982 1405 4038 Propter
1426 3983 1551 4027 verba

315 4051 519 4095 labiorum
536 4061 700 4097 tuorum
719 4067 790 4110 eqo
814 4055 1016 4098 custodivi
1039 4056 1126 4099 vias
1148 4053 1277 4097 durus
1297 4053 1436 4110 (Psal.
1457 4065 1547 4106 xvi,

312 4121 539 4180 ⁴).1taque
561 4124 664 4168 dum
680 4138 758 4181 pro
781 4125 938 4171 virtute
963 4126 1215 4171 obedientiae
1239 4127 1309 4170 via
1332 4125 1453 4182 {dura
1479 4126 1549 4171 in-

314 4195 446 4247 cedis,
462 4201 504 4239 et
520 4196 618 4241 licet
639 4203 683 4240 te
699 4203 893 4253 oporteat
910 4195 1047 4254 ipsam
1059 4197 1211 4243 mortis
1224 4210 1440 4255 eorporeae
1454 4211 1548 4256 poe-

313 4276 414 4310 nam
433 4268 659 4321 sustinere,
682 4269 736 4312 ab
767 4282 818 4314 ea
842 4276 1207 4327 quantuncunque
1246 4271 1551 4316 tribulationes-

369 4419 539 4481 (ms-6)
562 4420 609 4470 S.
630 4420 823 4482 Gregorii
854 4423 907 4468 de
943 4423 1186 4469 ohedientia
1210 4423 1358 4470 Moral.
1391 4421 1425 4466 l.
1459 4434 1589 4477 xxxv,
1609 4435 1705 4480 cap.
1737 4421 1805 4466 ¹5.

1181 97 1352 148 Arum
1380 90 1971 143 PRAEMONSTRATENSIS

298 209 535 259 obedientia
553 173 756 253 lautus,
799 200 919 257 prius
950 198 1004 243 de
1041 196 1137 252 ejus
1160 194 1400 238 humilitate
1433 189 1535 234 lecit
1556 190 1658 235 Ate
1679 185 1885 241 affligant,
1922 195 2009 227 non
2045 180 2229 229 recedis,
2268 176 2464 235 profecto
2515 177 2757 223 obedientia
2792 186 2858 224 est

2774 87 2859 134 5⁰2

1617 270 1753 314 usque
1775 257 1830 300 ad
1868 260 2050 299 mortem
2078 268 2091 297 ε
2127 251 2299 309 qualem
2333 250 2426 307 ipse
2459 262 2629 306 quoque
2679 262 2731 294 ex
2775 250 2859 303 his,

1616 344 1707 388 quta
1727 343 1878 386 passus
1901 335 1987 379 est,
2022 326 2168 370 didicit
2187 323 2313 367 Iesus
2374 322 2501 380 (flet.
2526 335 2586 373 lv,
2611 322 2675 378 8),
2705 329 2748 367 et
2778 323 2860 368 tibi

1617 403 1868 445 imitandam
1912 399 2102 455 reliquit.
2150 396 2208 441 De
2254 396 2330 439 tali
2377 404 2482 452 puto
2529 402 2729 439 sanctum
2779 394 2864 439 Be-

1616 475 1838 518 nedictum
1877 477 2090 521 tractare,
2127 482 2224 514 cum
2262 469 2308 512 in
2344 467 2655 512 monachorum
2697 467 2863 524 Regula

1618 551 1821 601 quartum
1867 542 2123 586 humilitatis
2163 541 2344 597 gradum
2385 539 2469 583 boc
2506 538 2633 582 inodo
2677 538 2860 584 delinit:

1621 616 1808 669 Quartus
1843 613 2114 665 transilimus,
2141 611 2300 668 inquit,
2332 610 2490 668 gradus
2515 617 2592 663 est,
2627 610 2665 653 si
2696 610 2740 653 in
2771 610 2865 666 ipsc

1620 689 1856 732 obedientia
1871 686 1990 730 duris
2010 691 2053 728 et
2069 683 2295 728 contrariis
2310 682 2449 735 rebus,
2474 683 2536 726 vel
2551 683 2678 726 etiam
2695 681 2867 738 quibus-

1621 762 1719 806 libet
1755 760 1956 817 irroyatis
1995 758 2183 815 injuriis,
2225 758 2357 800 tacita
2378 757 2631 801 conscientia
2673 755 2868 801 obedien-

1623 836 1725 878 tiam
1766 833 2058 889 amplectatur,
2098 838 2138 874 et
2175 830 2385 874 sustinens
2423 843 2507 873 non
2547 829 2765 882 lassescat,
2803 828 2872 874 rel

1621 907 1826 952 discedat.
1863 906 1974 951 Ecce
2007 906 2079 949 bic
2118 917 2234 949 unus
2279 903 2387 947 mihi
2428 903 2600 948 videtur
2633 915 2731 948 esse
2770 914 2868 947 mo·

1623 981 1722 1032 dus,
1762 991 1851 1038 quo
1888 978 2073 1024 tenenda
2110 983 2177 1022 est
2224 976 2470 1021 obedientia
2495 988 2632 1032 usque
2661 976 2716 1021 ad
2752 988 2879 1022 mor-

1624 1061 1710 1100 tem
1718 1068 1727 1098 ι

1683 1158 1793 1206 ΧΠ.
1826 1159 1938 1204 Ecce
1962 1163 2106 1205 'autem
2131 1163 2173 1202 et
2200 1158 2311 1202 alius
2332 1174 2342 1200 :
2369 1169 2468 1201 cum
2492 1157 2554 1201 sic
2578 1161 2748 1200 tenetur
2768 1155 2872 1200 obe-

1628 1235 1807 1284 dientia,
1835 1239 1882 1277 ut
1904 1238 2004 1277 ante
2026 1238 2226 1288 mortem,
2253 1243 2351 1288 quae
2379 1231 2479 1275 vit-se
2501 1229 2634 1285 huJus
2654 1237 2872 1288 tempora·

1627 1310 1682 1354 lis
1707 1307 1805 1352 finis
1827 1311 1910 1358 est,
1937 1318 2025 1350 non
2048 1294 2291 1350 deseratur.
2327 1302 2492 1360 ltaque,
2517 1302 2804 1360 quandiulzoc
2827 1301 2875 1348 in

1628 1391 1810 1438 corpore
1830 1375 1959 1431 viris,
1983 1377 2252 1429 obedientiae,
2282 1376 2398 1431 quod
2425 1375 2558 1420 semel
2590 1387 2721 1432 super
2742 1383 2785 1419 te
2804 1379 2873 1419 tu-

1627 1455 1717 1499 listi
1747 1454 1951 1511 jiiguma
1990 1451 2081 1496 tuis
2103 1451 2347 1495 cervicibus
2369 1454 2572 1494 excutere
2601 1460 2690 1493 non
2713 1448 2832 1493 vales
2859 1462 2888 1508 .·x

1629 1526 1667 1572 si
1689 1526 1803 1570 enim
1828 1535 1955 1569 secus
1980 1523 2136 1580 egeris,
2172 1522 2331 1567 salvari
2355 1533 2440 1565 non
2466 1520 2647 1578 poteris.
2674 1519 2735 1565 De
2756 1518 2895 1564 omni«

1627 1601 1788 1656 quippe
1813 1597 2019 1643 exercitio
2054 1596 2230 1642 virtutis
2261 1593 2336 1639 illa
2371 1600 2439 1640 est
2468 1593 2746 1651 intelligenda
2774 1599 2877 1639 sen-

1627 1673 1763 1718 tentia
1791 1670 2056 1716 Salvatoris:
2086 1669 2169 1723 Qui
2187 1671 2505 1725 perseveraverit
2525 1680 2653 1724 usque
2674 1667 2717 1710 in
2728 1662 2895 1724 lineas..

1627 1744 1693 1789 liic
1710 1743 1850 1788 salvus
1882 1745 1961 1787 erit
1987 1740 2159 1801 (Matth.
2186 1753 2232 1792 x,
2249 1740 2340 1798 2⁴2).
2366 1739 2465 1784 Haec
2488 1740 2618 1796 igitur
2639 1737 2728 1782 duo
2748 1737 2880 1784 imel-

1627 1818 1737 1876 lige3
1760 1830 1859 1862 cum
1882 1822 1924 1861 te
1944 1814 2189 1861 recordaris
2214 1813 2468 1871 promisisse
2492 1800 2782 1857 obedientiam
2807 1822 2880 1856 us-

1628 1903 1713 1948 que
1729 1890 1784 1935 ad
1807 1895 2018 1935 mortem:
2054 1888 2334 1932 tolerantiam
2367 1887 2567 1950 videlicet
2611 1892 2654 1930 et
2676 1897 2880 1944 perseve-
2921 1920 2924 1921 γ

1627 1963 1830 2007 rantiam.
1869 1960 1924 2006 Ut
1957 1962 1996 2006 si
2027 1961 2222 2006 volueris
2250 1958 2422 2005 effectui
2455 1958 2722 2016 mancipare,
2761 1956 2878 2016 quod

1629 2034 1778 2080 bacin
1803 2039 1926 2092 parte
1947 2039 2122 2079 constat
2156 2038 2200 2079 te
2232 2033 2508 2090 promisisse,
2540 2038 2641 2077 ante
2672 2042 2879 2089 quaecun·

1629 2122 1714 2166 que
1735 2109 1814 2154 tibi
1834 2114 2037 2166 poterunt
2059 2119 2213 2165 aspera
2236 2105 2412 2153 inferri:
2436 2106 2565 2160 sicut,
2582 2105 2702 2152 verbi
2718 2106 2880 2163 gratis,

1631 2182 1675 2226 in
1698 2182 1843 2227 verbis
1870 2183 2085 2233 convicia,
2110 2182 2156 2225 in
2179 2183 2311 2226 rebus
2333 2179 2509 2234 damna,
2532 2181 2578 2224 in
2601 2192 2785 2238 corpore
2807 2177 2880 2235 ssaf-

1631 2256 1764 2313 gella,
1789 2256 1856 2301 vel
1892 2256 2022 2316 etiam
2066 2255 2204 2312 ipsam
2243 2262 2447 2307 mortem,
2494 2241 2884 2311 quantumcunque

1630 2330 1738 2374 dura
1762 2327 1908 2381 luerit,
1931 2329 1999 2374 vel
2023 2329 2252 2385 probrosa,
2293 2328 2496 2373 alacriter
2537 2333 2580 2373 et
2605 2327 2787 2373 viriliter
2802 2339 2881 2373 su·

1631 2402 1810 2455 stineas,
1852 2414 1984 2460 quam
2015 2404 2220 2447 virtutem
2258 2401 2454 2447 dimittas
2490 2401 2761 2453 obedientiae,
2798 2411 2881 2458 nes

1630 2474 1760 2521 etiam
1784 2473 1893 2518 velis
1916 2485 2107 2530 unquam
2131 2474 2380 2524 terminare,
2400 2470 2540 2517 donec
2561 2472 2692 2516 vitam
2715 2476 2757 2516 te
2780 2482 2881 2516 con-

1630 2548 1769 2606 tingat
1803 2546 1942 2592 linire.
1983 2545 2142 2591 Dixisti
2181 2543 2326 2604 itaque
2368 2546 2413 2601 in
2449 2543 2720 2603 professione
2766 2552 2838 2589 tua
2864 2559 2879 2590 τ

1632 2621 1844 2667 Promitte
1873 2619 2150 2665 obedientiam
2170 2632 2299 2677 usque
2323 2618 2378 2662 ad
2401 2626 2574 2662 mortem
2595 2616 2787 2675 proefatae
2803 2615 2881 2662 Ee·

1632 2697 1770 2743 clesiae
1786 2693 1924 2741 Patri.
1954 2695 2045 2741 Hoc
2067 2701 2135 2741 est
2158 2694 2331 2740 dicere:
2359 2692 2406 2737 ln
2434 2698 2603 2757 tantum
2620 2693 2660 2736 ei
2676 2690 2882 2739 obediens

1632 2784 1725 2826 ero,
1749 2772 1863 2829 quod
1889 2783 1969 2828 pro
1996 2769 2284 2827 adimplendis
2301 2767 2439 2824 jussis
2475 2765 2609 2818 illius,
2646 2764 2791 2810 omnia
2817 2764 2884 2809 la·

1632 2846 1824 2897 boriosa‚
1848 2852 2117 2906 quaecunque
2138 2842 2245 2885 mihi
2275 2843 2478 2897 poterunt
2502 2837 2670 2891 inferri,
2695 2837 2881 2883 libenter

1633 2919 1830 2964 tolerabo
1859 2933 1869 2962 ι
1916 2917 2040 2974 isque
2084 2915 2190 2959 mihi
2229 2915 2349 2960 solus
2395 2913 2479 2958 erit
2523 2911 2732 2960 terminus
2778 2911 2884 2962 obe·

1633 2991 1798 3044 diendi,
1843 2991 1918 3049 qui
1971 2991 2053 3035 erit
2094 2994 2137 3033 et
2171 2986 2361 3033 vivendi.
2401 2985 2456 3030 Et
2493 2984 2598 3043 quid
2628 2990 2721 3038 est,
2756 2995 2822 3048 qu

1634 3064 1866 3125 adjtmgis:
1898 3065 1942 3109 in
1976 3063 2184 3110 Christo?
2225 3061 2332 3106 Nam
2367 3066 2410 3104 et
2449 3060 2532 3104 hoc
2576 3054 2835 3116 interpositu

1634 3148 1738 3185 est:
1779 3139 1991 3184 Promitte
2021 3137 2320 3190 obedientiam,
2356 3134 2473 3186 aisti,
2505 3135 2549 3177 in
2580 3131 2765 3178 Christo.

1635 3219 1739 3271 puto
1763 3225 1852 3258 non
1875 3223 1984 3257 uno..
2008 3210 2085 3257 sed
2117 3208 2317 3266 pluribus
2343 3205 2485 3251 modis
2507 3218 2636 3263 posse
2651 3216 2734 3251 nos
2755 3197 2884 3251 iutel-
2922 3226 2924 3230 ·

1635 3287 1766 3345 ligere
1788 3284 1925 3331 istud.

1634 3477 1829 3523 praesens
1851 3462 2181 3520 congruentius,
2213 3461 2282 3505 vel
2313 3459 2516 3505 subtilius
2550 3469 2638 3502 non
2657 3454 2882 3508 occurrit,

1636 3538 1809 3583 duobus
1846 3548 1976 3593 posse
2013 3546 2095 3579 nos
2118 3534 2250 3591 318
2281 3533 2393 3577 inter
2415 3538 2594 3577 caeteros
2615 3530 2699 3574 boc
2722 3528 2880 3574 intelli-

1635 3624 1735 3669 gere
1759 3611 1899 3655 modis
1922 3625 1933 3655 z
1981 3614 2029 3652 ut
2058 3607 2255 3652 dicamus
2284 3606 2484 3651 videlicet
2507 3605 2547 3649 id
2572 3616 2686 3656 esse,
2718 3601 2859 3661 promi

1637 3687 1748 3732 sisse
1773 3684 2064 3730 obedientiam
2091 3682 2135 3726 in
2166 3681 2360 3733 Christo,
2385 3681 2635 3737 promisisse
2659 3685 2718 3731 te,
2741 3676 2880 3722 omni-

1638 3760 1720 3804 bus
1759 3758 1846 3802 illis
1882 3755 2172 3801 exhibiturum
2211 3752 2499 3797 obedientiam
2532 3750 2785 3808 praeceptis;
2812 3750 2879 3802 vel

1638 3844 1735 3888 quae
1759 3830 1835 3873 tibi
1859 3829 2020 3873 suerint
2054 3826 2255 3883 imposita
2287 3825 2524 3870 secundum
2550 3823 2837 3873 Christum-e

1637 3917 1721 3960 que
1743 3907 2065 3951 exsecuturum,
2079 3912 2165 3943 non
2187 3906 2362 3955 propter
2383 3897 2498 3940 aliud
2524 3893 2839 3954 quidquam‚·ni
2866 3894 2876 3903 ⁴

1637 3982 1814 4034 propter
1836 3974 2078 4019 Christum.
2099 3971 2164 4016 Au
2190 3983 2325 4015 unum
2356 3971 2501 4027 itaque
2522 3968 2699 4013 modum
2728 3976 2877 4011 norma

1637 4054 1803 4105 spectat
1833 4047 2039 4103 iustitiae;
2071 4044 2125 4089 ad
2149 4045 2279 4088 alium
2304 4055 2406 4087 vero
2431 4040 2647 4087 rectitudo
2676 4039 2880 4084 intentio*¹¹

1636 4109 1705 4167 nis
1729 4123 1920 4166 internae.
1946 4119 2000 4163 Et
2024 4108 2205 4176 agamus
2226 4117 2448 4174 paulisper
2479 4116 2667 4172 primum
2683 4113 2738 4158 de
2757 4123 2875 4166 uno;

1636 4196 1792 4241 dehinc
1816 4195 1868 4239 de
1892 4194 2044 4238 altero.
2067 4189 2309 4235 Promisisti
2333 4188 2620 4233 obedientiam
2642 4186 2761 4230 Patri
2782 4192 2860 4228 tuo

1636 4267 1712 4314 sed
1735 4267 1847 4313 vide.
1872 4270 1918 4310 ut
1941 4264 2180 4311 secundum
2210 4261 2342 4308 Deum
2363 4260 2542 4306 obedias
2564 4261 2620 4305 ei.
2645 4257 2878 4315 Nunquam
