2924 4588
76 91 160 138 8⁴5

664 89 1111 144 somtoomomm
1141 91 1216 136 DE
1243 84 1649 143 ms‘mucrtom:
1683 90 1877 136 ANlMAE
1907 90 2009 138 ΠΒ.
2035 92 2093 146 1..

2575 96 2656 141 ⁸46

74 179 253 223 culosus
274 189 361 234 quo
376 188 475 220 eum
494 175 639 220 minus
658 177 948 232 periculosum
967 174 1188 222 credebas.
1208 176 1332 229 Quod
1353 181 1390 225 A
1413 175 1568 232 figente
1589 182 1633 221 et
1650 178 1905 233 voluptuose
1939 178 2068 225 oculo
2090 180 2315 227 mulierem
2338 182 2522 227 intueris
2544 183 2655 242 [Col.

77 256 220 294 autem
242 254 284 294 te
306 261 422 293 nunc
437 249 750 294 tentationibus
767 248 940 304 fatigari
954 249 1159 302 affirmas,
1183 261 1207 292 a
1232 249 1330 305 qui·

74 323 157 369 bus
179 327 282 366 tunc
303 327 349 365 te
363 321 556 377 quietam
569 325 613 364 et
629 321 810 365 liberam
828 332 926 367 esse
940 319 1064 378 [Cod.
1085 320 1201 365 Gem.
1225 321 1330 365 fuis-

75 394 138 452 se]
158 393 392 445 sentiebas,
414 392 573 436 mirum
595 393 922 436 tibividerinon
939 392 1067 437 debet
1085 393 1212 449 3quia
1225 399 1330 437 tunc

76 467 190 512 hosti
209 473 285 510 tuo
306 479 457 522 parum
482 472 580 510 erat
604 478 783 510 necesse
814 471 859 510 te
878 471 1067 516 tentare,
1092 478 1223 521 quam
1250 465 1326 524 [id.

73 536 296 594 quoniam]
315 537 400 582 sibi
411 537 583 581 videbat
601 548 711 593 pene
728 537 823 581 sine
840 537 1079 581 tentatione
1092 538 1202 581 velle
1226 549 1329 580 non-

73 621 296 666 nunquam
322 609 587 653 consentire.
612 608 699 653 Nec
725 609 808 653 sibi
836 620 947 664 opus
969 615 1063 652 erat
1087 609 1204 652 illam
1228 621 1327 653 cnm

73 693 230 738 magno
250 680 400 726 labore
443 682 592 725 urbem
633 693 898 737 oppugnare,
923 693 1053 736 qnam
1093 681 1188 726 sine
1209 683 1326 726 omni

72 754 390 810 oppugnatione
411 754 616 797 cernebat
645 766 692 798 se
716 766 845 809 posse
868 755 1102 811 subjugare
1126 754 1203 812 [id.
1230 767 1328 799 cer-

74 827 204 869 nebat
225 826 333 870 veile
365 825 624 884 subjugariJ.
644 819 647 822 ’
665 826 792 870 Nunc
828 835 988 881 autem,
1033 831 1135 883 quia
1176 829 1271 885 ejus
1302 842 1326 872 a

72 899 190 943 collo
209 905 282 941 tuo
301 898 455 954 jugum
479 900 732 951 excussisti,
774 901 877 957 quia
901 901 998 956 cJus
1028 902 1220 946 dominio
1258 916 1327 947 re-

73 971 300 1021 nuntiasti,
320 971 477 1013 acriori
501 978 543 1015 te
576 985 707 1027 quam
737 973 908 1016 solebat
930 975 1171 1018 virulentus
1188 975 1326 1018 hostis

76 1049 177 1088 tuus
201 1046 476 1100 persequitur
502 1045 679 1096 invidia,
704 1052 746 1088 ct
768 1058 819 1088 eo
836 1046 1054 1092 crudelius
1077 1046 1245 1091 lucrum
1280 1050 1324 1092 in

73 1116 279 1173 tequaerit
301 1130 460 1159 novum
477 1130 564 1176 quo
603 1118 772 1174 plenius
781 1119 856 1172 jus
884 1120 1070 1175 perdidit
1083 1122 1322 1177 antiquum.

70 1189 165 1235 Jalll
191 1197 340 1234 contra
365 1197 406 1235 te
419 1189 653 1238 Leviatlian
679 1193 903 1236 suscitasti
931 1192 1053 1249 [Cod.
1083 1192 1186 1238 Mel.
1221 1206 1326 1238 con-

1410 248 1511 293 Mel.
1536 251 1709 306 quando
1730 258 1770 295 te
1793 252 1880 297 del'.
1910 259 1954 297 et
1973 253 2060 298 vol.
2091 266 2159 298 oc.
2183 255 2288 299 mul.
2316 256 2526 309 intuente,
2561 259 2658 318 lat}

1408 322 1611 366 latrinam
1635 324 1850 380 depictam
1874 332 2021 370 tenere
2051 327 2240 383 quaeris?
2262 327 2458 384 Cumque
2500 330 2579 374 tibi
2610 332 2663 374 il-

1409 394 1523 437 licite
1559 394 1700 450 placet
1722 395 1838 451 quod
1873 403 2053 452 apparet
2072 399 2264 444 exterius
2303 402 2548 456 pulchrum,
2573 416 2661 446 non

1407 466 1529 510 vides
1545 467 1660 523 qued
1684 468 1787 512 latet
1812 468 1992 512 interius
2011 469 2189 515 soedum.
2220 471 2272 515 Et
2293 473 2467 528 quando
2503 476 2663 519 mulie-

1407 551 1498 583 rem
1549 546 1764 597 comptam
1803 541 2026 587 luxuriose
2062 545 2261 599 amplecti
2285 546 2523 600 desideras,
2564 561 2663 593 sac-

1406 626 1504 657 cum
1529 626 1702 670 quoque
1731 616 1946 659 sericeum
1982 617 2246 662 stercoribus
2280 620 2454 675 plenum
2500 621 2662 667 habere

1408 685 1523 729 inter
1538 685 1718 728 brachia
1742 691 1882 741 optas.
1922 684 2006 730 Sed
2029 699 2126 731 cum
2167 690 2314 732 suavis
2336 691 2570 737 sit‘saccus
2607 694 2662 737 ad

1407 756 1687 812 tangendum,
1729 759 1845 813 quod
1878 758 1997 802 intus
2024 761 2215 803 continet
2238 759 2361 817 [cod.
2401 762 2502 806 Met.
2549 765 2662 809 intra

1406 830 1668 887 continetur]
1694 830 1875 874 fetidum
1908 837 1976 875 est
1997 830 2051 874 ad
2091 832 2377 878 odorandum.
2404 835 2456 878 Et
2486 835 2661 892 quidem

1407 902 1577 957 placere
1597 915 1685 946 non
1723 903 1850 947 debet
1886 904 2000 960 quod
2041 906 2233 949 exterius
2280 907 2446 963 fulgen
2473 909 2575 953 dum
2599 910 2663 953 sic

1406 977 1519 1017 intra
1538 986 1584 1018 se
1611 976 1803 1018 continet
1828 974 1908 1032 [id.
1949 976 2095 1027 hahet,
2125 978 2241 1034 quod
2263 978 2355 1036 soe]
2395 982 2511 1036 quod
2541 981 2659 1025 setet.

1406 1045 1519 1097 Quid
1551 1046 1667 1090 euim
1691 1047 1768 1090 tibi
1792 1047 2023 1091 inhonesta
2047 1054 2113 1092 est
2138 1050 2308 1101 mulier,
2328 1052 2431 1094 dum
2455 1065 2552 1096 eam
2596 1034 2664 1096 in-

1406 1119 1587 1163 honeste
1608 1119 1770 1175 diligis,
1794 1132 1976 1177 corpore
1998 1121 2170 1177 quidem
2190 1124 2388 1178 pulchra,
2408 1127 2483 1169 sed
2517 1129 2665 1170 multi-

1410 1190 1553 1234 modis
1575 1203 1672 1247 quae
1693 1203 1772 1234 nec
1795 1192 2069 1235 nominandae
2085 1198 2185 1235 sunt
2207 1195 2425 1248 spurcitiis
2444 1197 2587 1252 plena,
2601 1199 2665 1242 ni-

0 1302 2 1310 ,
71 1263 369 1322 citasti]‚quae
402 1265 439 1308 si
480 1264 520 1308 ei
563 1265 951 1320 plene-obedisses,
985 1279 1084 1310 cum
1107 1274 1259 1311 contra
1285 1275 1327 1311 te
1351 1255 1385 1298 Β
1409 1265 1446 1308 si
1490 1271 1819 1308 monumentum
1864 1264 2083 1320 quoddam
2119 1272 2162 1309 et
2204 1266 2348 1312 fetidis
2389 1276 2662 1314 mortuorum

71 1339 328 1382 suscitatum
353 1352 439 1382 non
458 1339 656 1382 haberes.
672 1339 766 1382 Non
788 1351 893 1394 crgo
912 1341 1082 1385 mireris
1099 1343 1215 1396 quod
1238 1348 1329 1385 ten-

71 1412 198 1463 taris,
224 1411 301 1457 sed
336 1410 548 1455 contende
594 1424 648 1454 ne
672 1423 695 1453 a
727 1412 1039 1457 tentationibus
1066 1413 1188 1471 [Cod.
1222 1414 1324 1459 Mel.

71 1484 326 1543 tentatione}
350 1483 585 1540 supereris.
601 1483 723 1536 Quod
744 1485 944 1529 siminus
965 1493 1094 1541 perte
1111 1487 1199 1531 scis
1217 1499 1327 1542 quo·

53 1558 205 1601 ·mod0
228 1558 539 1602 tentationibus
556 1557 759 1602 resistcre
783 1560 943 1615 possis,
975 1560 1152 1603 ostende
1173 1560 1275 1603 mibi
1301 1572 1326 1602 a

71 1631 230 1687 quibus
263 1631 450 1674 maxime
473 1631 696 1687 fatigeris:
723 1636 771 1674 ut
791 1633 979 1687 qualiter
1013 1633 1076 1676 eis
1120 1632 1326 1676 resistere

71 1716 205 1760 queas
224 1704 330 1748 meis
352 1704 626 1749 documentis
650 1705 901 1750 instruaris.

543 1793 725 1838 CAPUT
769 1794 820 1838 ll.

75 1883 264 1938 Quarum
287 1898 425 1928 rerum
449 1884 734 1936 meditatione,
759 1885 988 1942 quibusque
1021 1885 1155 1929 modis
1186 1898 1236 1927 ac
1259 1899 1324 1928 re-

127 1939 272 1983 mediis
312 1940 561 1984 vehementes
607 1944 747 1984 carnis
790 1943 1039 1986 tentationes
1066 1942 1116 1985 ab
1159 1941 1324 1985 homine

129 1997 326 2051 wliqioso
347 1996 552 2040 vincendae
572 2011 621 2040 ac
644 1998 941 2053 perdomanctoe
965 1999 1066 2042 sint.

129 2067 252 2113 Unde
276 2081 378 2125 eigo
403 2071 608 2112 tentaris?
623 2070 735 2125 quid·
757 2071 924 2126 cogitas
943 2071 990 2114 in
1012 2070 1269 2114 cordetuo?

54 2173 60 2182 .
126 2141 297 2186 Anima.
321 2141 474 2198 Cogito
513 2144 834 2189 multitudinem
854 2151 1123 2202 comptarum
1160 2152 1202 2189 ct
1227 2147 1325 2202 pul·-

71 2215 275 2259 clu-arum
299 2216 549 2263 mulierum.

130 2287 266 2332 Ratio.
308 2289 420 2342 Quid
462 2293 542 2337 tibi
586 2291 640 2336 de
678 2291 744 2335 eis
791 2290 990 2335 videtur?
1032 2290 1191 2344 Quales
1246 2303 1321 2336 eas
1344 2319 1377 2364 C

72 2361 255 2418 apud‘te
275 2361 473 2420 depingis
507 2371 552 2410 et
573 2363 724 2420 quales
763 2364 843 2407 tibi
876 2364 923 2408 in
949 2364 1213 2422 cogitatione
1245 2376 1325 2422 ap-

71 2435 252 2492 parent?
397 2490 400 2493 Ἴ
1155 2448 1158 2452 ·

82 2542 86 2543 ⁷
131 2509 300 2554 Anima.
335 2509 469 2556 Valde
499 2511 723 2566 speciosae,
770 2511 894 2555 valde
934 2523 1090 2556 suaves
1118 2517 1161 2555 et
1203 2510 1328 2554 valde

75 2580 238 2627 dulces.

137 2653 270 2700 Ratio.
294 2654 360 2700 Ad
390 2655 497 2712 quid
527 2667 739 2712 speciosae
774 2661 817 2700 et
854 2667 1028 2708 suaves,
1052 2662 1096 2699 et
1135 2666 1188 2698 an
1224 2655 1328 2711 quid

73 2727 256 2772 dulces?
992 2749 995 2753 ·

131 2801 299 2844 Anima.
326 2800 542 2858 Speciosa!
582 2801 635 2845 ad
659 2800 908 2850 videndum,
948 2810 1105 2843 suaves
1141 2796 1196 2841 ad
1238 2809 1331 2840 am-

74 2872 364 2932 plectendum,
397 2881 440 2918 et
463 2874 518 2917 ad
541 2875 827 2918 osculandum
854 2873 1019 2916 dulces,
1098 2908 1102 2912 .

67 2984 71 2988 ,
129 2946 269 2991 Ratio.
285 2946 478 2999 Qualiter
490 2953 634 2991 tecum
650 2947 808 3002 agitur,
833 2944 1006 3002 quando
1026 2943 1111 2988 ista
1133 2942 1331 2997 cogitas?

74 3045 90 3050 --
134 3021 304 3063 Anima.
341 3018 542 3075 Suspirat
576 3032 699 3063 metis
738 3030 849 3071 mea,
887 3017 1135 3061 stimulatur
1172 3027 1330 3070 corpus

60 3104 238 3143 micum,
261 3100 305 3135 et
326 3092 379 3134 ad
402 3092 635 3147 voluptatis
658 3092 946 3146 expletionem
962 3088 1190 3145 pervenire
1212 3088 1331 3131 desi-

77 3163 200 3208 derat
219 3154 295 3208 cor
318 3177 476 3216 meum,
499 3171 541 3209 et
563 3176 665 3209 caro
684 3176 778 3207 mea
800 3163 1004 3207 exsultat.
1198 3149 1208 3158 ”

136 3236 274 3281 Ratio.
296 3237 428 3282 Valde
452 3226 692 3295 plangenda
714 3245 756 3281 et
777 3235 972 3280 deflenda
985 3243 1052 3278 est
1062 3234 1163 3278 talis
1185 3233 1331 3277 exsul-

72 3310 202 3355 tatio.
230 3309 371 3364 Quare
389 3322 482 3355 non
501 3310 648 3366 potius
666 3321 742 3352 cor
765 3315 887 3352 tuum
900 3310 947 3352 ‘et
971 3318 1074 3351 caro
1095 3312 1172 3350 tna
1185 3306 1332 3350 exsul-

1413 1336 1637 1388 sordibus,
1682 1342 1726 1380 et
1754 1337 1942 1380 sordidis
1981 1336 2193 1382 fetoribus
2240 1340 2448 1394 plenum?
2482 1342 2664 1394 Quando

1405 1422 1509 1453 vcro
1525 1410 1724 1453 decorem
1747 1410 1959 1461 mulieris,
1984 1422 2034 1455 os
2059 1411 2334 1463 breve‚labia
2348 1414 2512 1466 mollia,
2529 1427 2664 1469 genas

1406 1483 1692 1534 rubicundas,
1712 1482 1866 1526 faciem
1891 1497 2086 1536 suavem,
2113 1485 2264 1529 oculos
2306 1486 2512 1538 ridenteS,
2543 1488 2666 1531 blan·

1405 1555 1590 1606 dientes,
1610 1555 1856 1606 innuentes,
1875 1557 2118 1613 loquentes,
2137 1556 2382 1608 offerentes,
2398 1565 2665 1615 expetentes,

1404 1628 1691 1682 attrahentes,
1753 1629 1995 1684 capientes,
2042 1635 2127 1674 etc.
2179 1629 2225 1673 in
2278 1641 2327 1672 ea
2368 1631 2666 1685 huJ‘usccmodi

1403 1701 1593 1745 osculari
1616 1700 1740 1756 cupis
1762 1713 1862 1746 cum
1893 1702 2107 1754 libidine;
2141 1703 2316 1758 quando
2357 1715 2517 1759 corpus
2565 1716 2667 1760 gra—

1403 1774 1488 1818 cile
1531 1773 1642 1832 [cod.
1686 1773 1803 1819 Gem.
1842 1775 2038 1834 gratiale]
2078 1782 2123 1820 et
2155 1777 2350 1820 membra
2395 1784 2493 1833 apta
2512 1787 2553 1822 et
2595 1791 2667 1823 ac·

1406 1847 1638 1903 ceptabilia
1684 1847 1912 1892 immundo
1946 1849 2085 1892 amori
2131 1835 2378 1902 admiraris,
2421 1853 2666 1907 sepulcrum

1403 1919 1650 1964 dealbatum
1668 1919 1932 1977 forinsecus,
1949 1922 2184 1966 fetentibus
2197 1931 2466 1968 mortuorum
2484 1926 2664 1969 ossibus

1403 1998 1523 2047 intus
1545 1998 1590 2036 et
1612 1992 1864 2038 saevissimis
1888 1996 2062 2051 plenum
2086 1997 2364 2051 serpentibus
2396 2003 2438 2041 et
2462 1998 2667 2041 intuendo

1403 2065 1643 2117 desideras,
1665 2071 1708 2109 et
1743 2064 2030 2111 desiderando
2070 2068 2268 2111 intueris.
2295 2068 2408 2121 Quid
2429 2070 2547 2114 enim
2583 2071 2664 2113 tibi

1403 2137 1635 2182 inhonesta
1668 2144 1736 2182 est
1761 2139 1935 2190 mulier,
1971 2135 2057 2184 nisi
2098 2146 2427 2185 monumentum
2445 2142 2665 2200 quoddam

1403 2211 1591 2256 sordidis
1622 2211 1837 2256 fetoribus
1859 2214 2033 2269 plenum
2051 2214 2068 2256 ἲ
2095 2213 2209 2266 Quid
2241 2216 2337 2270 ejus
2352 2215 2485 2259 verba
2503 2209 2665 2258 ³morti-

1405 2283 1526 2329 fera?
1557 2284 1679 2338 Quid
1712 2286 1828 2330 oculi
1868 2287 2149 2331 seducentes?
2173 2287 2274 2343 quid
2301 2295 2447 2332 tenera
2474 2289 2666 2332 membra

1408 2358 1631 2403 illicientia
1656 2368 1700 2404 et
1720 2371 1746 2403 a
1780 2358 1992 2404 teillicite
2009 2362 2241 2416 concupita
2287 2367 2406 2413 sunt,
2442 2361 2526 2406 nisi
2550 2374 2661 2417 quae·

1407 2431 1507 2476 dam
1534 2432 1748 2489 repentia,
1765 2431 2010 2476 mordentia
2032 2439 2076 2477 et
2112 2433 2348 2477 mordendo
2373 2434 2631 2490 perimentia
2650 2436 2668 2476 ’ὲ

1411 2503 1512 2549 ideo
1530 2505 1771 2551 cavendum
1794 2505 2055 2550 omnimodo
2074 2513 2231 2557 estne,
2246 2507 2349 2550 dum
2371 2507 2500 2551 nimis
2523 2507 2666 2562 diligis

1407 2577 1492 2622 boc
1512 2578 1629 2634 quod
1652 2578 1927 2623 extrinsecus
1964 2579 2149 2623 nitidum
2173 2586 2216 2623 et
2255 2579 2501 2637 speciosum
2524 2583 2667 2623 cern35

1407 2655 1452 2694 et
1486 2651 1710 2701 blandum,
1745 2656 1789 2695 et
1827 2650 1872 2695 in
1910 2651 1953 2694 id
1991 2651 2297 2696 damnabiliter
2329 2665 2509 2696 corruas
2549 2662 2666 2707 quod

1409 2722 1675 2769 intrinsecus
1714 2724 1910 2782 inquinat
1948 2731 1992 2768 et
2023 2731 2164 2769 necat.
2209 2725 2274 2768 Ad
2303 2731 2543 2769 extremum
2570 2727 2666 2782 qoi-

1411 2797 1508 2840 dem
1533 2798 1708 2853 quando
1733 2798 1878 2841 carnis
1901 2803 1984 2841 tuae
2005 2811 2103 2841 cum
2129 2809 2178 2842 ea
2206 2799 2469 2854 voluptatem
2494 2800 2666 2854 explere

1410 2868 1633 2914 desideras
1659 2862 1875 2913 inhianter
1897 2876 1939 2914 et
1961 2870 2259 2915 desideranter
2298 2870 2521 2926 proponis,
2549 2883 2664 2913 mor-

1411 2941 1582 2987 tiferam
1605 2955 1750 2987 escam
1774 2955 1857 3000 qua
1884 2943 2058 2986 hamum
2082 2943 2271 2987 occultat
2293 2943 2448 2987 esuris.
2471 2943 2664 2999 Cumque

1411 3022 1586 3072 gustare
1619 3017 1786 3073 appetis
1809 3017 1924 3072 quod
1946 3016 2172 3067 dulcescit,
2204 3017 2274 3059 ille
2297 3015 2370 3070 qui
2409 3015 2491 3059 sub
2515 3016 2662 3059 dulce-

1411 3089 1510 3134 dine
1529 3091 1630 3133 latet
1655 3090 1831 3133 aculeus
1859 3098 1980 3132 tuum
2006 3089 2220 3134 lethaliter
2251 3094 2399 3144 guttur
2431 3088 2660 3142 transfigit.

1412 3163 1523 3207 Ecce
1537 3164 1644 3207 tales
1669 3169 1771 3206 sunt
1796 3164 1998 3207 mulieres
2011 3161 2065 3206 de
2085 3162 2243 3219 quibus
2261 3162 2424 3218 cogitas
2444 3177 2455 3209 ς
2481 3161 2545 3204 sic
2565 3174 2663 3216 spe-

1411 3236 1541 3281 ciosae
1561 3243 1679 3286 sunt,
1704 3235 1769 3280 sic
1806 3247 1962 3280 suaves
1989 3242 2104 3287 sunt,
2146 3236 2210 3280 sic
2238 3235 2418 3286 dulces;
2453 3234 2556 3289 quid
2588 3235 2662 3278 tibi

1411 3309 1608 3353 videtur?
1629 3321 1771 3353 nonne
1794 3309 1903 3351 talos
1923 3308 2055 3351 sunt?

81 3384 242 3428 tantin
264 3383 396 3428 Deum
439 3383 617 3426 vivum?
651 3382 837 3426 Deberes
876 3393 1062 3437 namque
1100 3391 1201 3439 esse
1243 3390 1331 3422 nou
1356 3392 1393 3438 0
1467 3380 1638 3425 Anima.
1663 3379 1849 3424 Prorsus
1867 3381 1987 3423 tales.

56 3455 206 3511 squasi
230 3467 386 3500 corvus
411 3455 487 3499 sed
507 3455 633 3511 quasi
667 3454 868 3498 columba
903 3452 956 3495 ad
980 3451 1196 3495 fenestras
1213 3457 1329 3498 tuas,

72 3540 139 3574 me
157 3541 231 3584 per
255 3541 329 3574 cas
351 3541 470 3572 mors
490 3530 703 3572 intraret:
740 3533 803 3577 ut,
821 3538 919 3570 cum
933 3525 1043 3569 sorte
1081 3525 1148 3568 vel
1175 3523 1333 3567 mentis

73 3602 152 3644 wel
173 3601 375 3657 corporis,
394 3606 512 3645 motu
533 3602 588 3644 ab
603 3611 702 3643 arca
715 3598 874 3655 quietis
891 3606 978 3641 tute
1001 3598 1053 3640 ad
1077 3595 1226 3639 mundi
1247 3595 1333 3637 hu·-

59 3672 155 3728 vflius
175 3673 382 3717 diluvium
397 3671 632 3728 egrederis,
659 3671 731 3714 ubi
754 3669 899 3714 cordis
925 3669 986 3712 tui
1011 3668 1160 3724 pedem
1183 3679 1262 3724 per
1282 3678 1333 3708 a·-

85 3757 249 3791 morem
264 3735 367 3801 ligas
385 3758 472 3788 non
491 3744 701 3789 invenias.
739 3744 865 3787 Nunc
912 3749 1054 3786 autem
1085 3740 1333 3785 econtrario

88 3819 217 3863 decor
240 3825 283 3864 te
301 3819 408 3863 lauit
428 3821 633 3869 exterior,
688 3824 731 3861 et
765 3817 868 3860 dum
893 3822 1054 3859 temere
1070 3815 1122 3859 ad
1145 3826 1242 3858 eum
1265 3814 1334 3855 in-

88 3892 294 3934 tuendum
334 3890 482 3934 caruis
525 3897 610 3934 tuae
653 3890 823 3933 oculum
869 3888 1023 3930 inritat
1066 3886 1329 3933 interiorem,

62 3995 66 3998 -
89 3964 216 4007 etiam
241 3970 462 4019 aspectum
484 3969 606 4006 tuum
645 3961 947 4006 damnabiliter
968 3963 1185 4002 exerceat.
1210 3955 1334 3999 Unde

80 4033 139 4080 -fit
152 4036 450 4080 miserabiliter
469 4041 518 4078 ut
539 4046 624 4091 quo
646 4033 841 4077 vivacius
879 4031 932 4074 ad
947 4030 1179 4074 videndum
1217 4026 1333 4083 quod

69 4109 282 4153 senterius
305 4113 484 4166 apparet
526 4107 767 4163 corporalis
798 4106 845 4148 in
876 4112 921 4148 te
943 4103 1095 4148 oculus
1124 4102 1253 4157 viget,
1282 4111 1334 4143 eo

60 4177 375 4238 ss‘ssperienlosius
399 4182 453 4225 ad
475 4179 807 4226 discernendum
830 4177 947 4234 quod
985 4175 1249 4219 intrinsecus
1267 4173 1333 4214 la·-

92 4259 154 4296 tet
175 4255 356 4299 intuitus
377 4255 422 4298 in
439 4259 486 4298 te
501 4253 739 4308 spiritualis
754 4252 923 4306 caliget.
945 4248 999 4291 Et
1022 4247 1188 4291 idcirco
1212 4245 1266 4289 ad
1286 4257 1334 4288 sc

66 4356 72 4362 -
90 4325 425 4373 desiderandum
443 4334 485 4372 te
499 4326 631 4371 trabit
648 4326 763 4381 quod
779 4321 1105 4371 exteriusnitet,
1123 4319 1223 4375 quia
1246 4330 1333 4361 nou

67 4394 276 4444 statueris
284 4398 398 4456 quod
414 4398 596 4443 interius
620 4397 738 4441 fetet.
765 4396 915 4440 Nescis
929 4394 1046 4450 quia,
1065 4390 1241 4448 quando
1258 4389 1334 4433 de·

1467 3453 1608 3496 Ratio.
1628 3452 1786 3508 Utique
1812 3452 1919 3494 tales
1945 3457 2046 3494 sunt
2065 3452 2157 3494 etsi
2187 3451 2332 3494 nonin
2363 3464 2408 3494 se
2448 3456 2590 3493 tamen
2616 3449 2658 3492 in

1411 3531 1455 3569 te
1476 3525 1549 3579 qui
1569 3523 1715 3566 illicite
1731 3523 2019 3578 concupiscis.
2043 3521 2136 3565 Non
2161 3523 2274 3565 enim
2306 3523 2369 3564 vel
2395 3533 2485 3573 eas,
2510 3522 2547 3563 si
2582 3522 2659 3563 ho-

1411 3602 1547 3641 nestae
1568 3587 1759 3648 fuerint}
1785 3595 1851 3639 vel
1881 3608 2047 3644 earum,
2071 3606 2200 3650 quam
2224 3596 2268 3637 in
2293 3596 2358 3637 eis
2382 3594 2495 3638 Deus
2535 3606 2659 3636 crea-

1411 3669 1491 3719 vit,
1515 3669 1644 3712 ctiam
1669 3658 1867 3723 quamvis
1890 3667 1994 3722 ipsae
2017 3668 2207 3710 honestae
2238 3678 2323 3710 non
2367 3665 2540 3713 suerint,
2563 3665 2652 3708 l'or·

1413 3752 1526 3783 mam
1539 3739 1607 3782 vel
1623 3736 1985 3794 pulchritudinem
2009 3737 2299 3793 reprebendo(
2326 3737 2400 3780 sed
2435 3736 2656 3779 inordina-

1412 3817 1500 3854 tam
1523 3811 1679 3854 mentis
1696 3815 1780 3853 tuae
1803 3810 2197 3864 concupiscentiam
2231 3807 2351 3864 [Cod.
2381 3807 2496 3850 Gem.
2538 3819 2657 3850 com-

1413 3882 1706 3940 placentiam].
1752 3893 1836 3937 qua
1876 3893 1949 3926 eas
1970 3889 2145 3936 propter
2185 3892 2306 3925 suam
2335 3880 2556 3923 immundo
2576 3881 2657 3922 illi—

1413 3955 1486 3998 citi
1535 3953 1737 3999 desiderii
1785 3954 1910 3996 oculo
1954 3953 2140 4008 speciem
2177 3951 2374 4002 intueris,
2399 3951 2651 3994 condemno.

1405 4025 1522 4075 Non,
1547 4026 1738 4082 inquam,
1762 4025 1808 4067 in
1833 4024 1897 4068 eis
1938 4025 2039 4079 ligni
2064 4024 2254 4067 scientiae
2275 4023 2376 4066 boni
2400 4029 2442 4066 et
2464 4023 2564 4065 mali
2591 4024 2653 4064 vel

1413 4099 1611 4142 decorem
1633 4098 1699 4141 vel
1717 4097 1986 4140 dulcedinem
2014 4097 2163 4152 culpo(
2186 4097 2262 4140 sed
2283 4098 2325 4140 in
2356 4101 2399 4138 te
2422 4094 2520 4137 Evae
2544 4093 2651 4150 [cod.

1407 4171 1512 4214 Mel.
1539 4172 1584 4214 in
1614 4176 1656 4213 te
1674 4181 1786 4213 eruo
1803 4169 1915 4226 asp]
1940 4174 2162 4224 aspectum
2186 4168 2394 4212 lascivum
2414 4171 2456 4209 et
2482 4173 2652 4220 gustum

1412 4244 1610 4298 gulosum
1630 4254 1801 4285 accuso.

1467 4314 1638 4357 Anima.
1659 4312 1770 4356 Bene
1787 4311 1911 4356 dicis.

1468 4385 1603 4429 [latio.
1626 4384 1756 4442 Igitur
1779 4396 1803 4427 a
1827 4384 1965 4429 radice
1990 4383 2148 4429 colubri
2173 4382 2221 4426 de
2249 4396 2328 4426 αιιο
2355 4379 2562 4437 egreditur
2586 4388 2652 4421 re-
