2924 4588
111 115 223 189 uti!

759 142 1016 189 fflSTOmA
1043 137 1433 195 SCHOLASTICA.
1464 174 1519 185 —-·
1548 152 1702 197 LIBER
1735 156 1996 204 DANlELlS.

2542 167 2644 216 1462

117 238 246 291 super
270 234 474 290 populum
501 239 638 278 tuum.
658 249 672 275 ›
698 234 832 287 Quasi
858 237 1006 282 dicat:
1033 238 1067 283 Ο
1090 239 1253 292 Daniel,
1269 243 1354 286 sci·
1376 247 1409 292 A
1433 244 1640 289 subversa
1676 253 1757 298 est,
1782 256 1823 292 et
1844 249 1976 294 Iudaei
2010 255 2255 298 catervatim
2280 259 2393 309 coesi,
2418 256 2476 301 ita
2507 267 2549 305 ut
2571 265 2651 307 Ju

31 310 81 355 ·[-
118 313 162 351 to
183 307 236 367 ab
258 306 339 348 hae
356 306 442 356 die,
463 317 547 361 qua
580 319 695 350 nunc
713 308 791 351 tibi
809 309 977 365 loquor.
997 309 1098 354 Erat
1116 319 1257 356 autem
1275 325 1352 358 an·

36 372 78 386 ’
117 390 198 423 nus
226 379 391 435 primus
410 377 542 439 Darii,
565 391 639 432 ‘1¹¹¹
659 381 816 424 ⁰00¹d¹²
845 380 1080 434 Banassar’
1110 389 1151 426 et
1174 397 1351 440 regnum

40 450 76 491 ”.-.
115 451 412 495 Chaldaeorum
446 449 491 492 in
527 449 684 495 Persas
709 451 937 508 Medosque
957 456 1190 506 transtulit
1215 469 1351 514 usque

52 518 78 558 1-
114 521 167 566 ad
188 520 548 577 septuagesimum
570 533 729 566 annum
743 523 1124 577 hebdomadarum,
1141 527 1183 570 id
1206 535 1354 574 estus—

60 579 74 609 ³·
98 606 200 651 -que
223 594 276 637 ad
294 605 430 636 annos
453 594 789 650 quadringentos
806 597 1053 652 nonaginta.
1072 596 1171 642 Haec
1193 601 1366 655 populo

62 666 187 710 ’τωο
212 677 289 723 per
309 671 453 722 partes
485 665 717 710 accident:
743 666 926 723 primum
950 667 1252 722 propitiabitur
1274 671 1350 714 tibi

98 733 227 795 -De'us
247 735 360 780 sicut
381 737 588 792 precaris,
603 742 646 780 et
659 727 874 780 'delebitur
901 745 1139 792 peceatum,
1164 746 1206 783 et
1223 740 1349 784 tinem

21 840 38 852 -,
67 803 85 867 ¹„
112 802 294 865 accipiet
331 809 644 864 praevaricatio.
670 807 795 854 Nunc
832 809 963 861 enim,
989 811 1095 854 urbe
1117 817 1159 854 et
1189 812 1350 868 templo

63 877 82 938 ss
112 883 362 935 destructis,
383 885 426 928 in
448 885 566 928 luctu
584 890 654 928 est
667 885 868 941 populus,
884 885 958 928 sed
981 885 1026 928 iu
1048 886 1167 929 brevi
1189 893 1351 930 restau-

64 952 97 1010 ,ς
110 953 294 1007 rabitur,
317 960 360 996 et
383 966 466 998 non
498 955 637 999 solum
659 955 705 998 in
736 954 804 999 his
825 957 1096 1011 septuaginta
1116 957 1354 1001 hebdoma-

111 1015 238 1087 dibus
261 1026 349 1068 haec
371 1025 486 1077 fient,
518 1026 594 1086 sed
607 1032 816 1086 ,nascetur
836 1027 1035 1072 Christus
1054 1028 1222 1083 Justitia
1237 1041 1350 1073 sem-

107 1098 295 1155 ¹piterna,
323 1103 364 1141 et
393 1098 634 1154 signabitur
661 1099 788 1152 visio,
816 1105 857 1143 et
895 1098 1141 1156 prophetes,
1165 1108 1213 1144 ut
1247 1113 1348 1156 pro-

60 1163 74 1214 ζ
102 1164 245 1229 pheta‘
265 1183 352 1215 non
371 1171 615 1215 inveniatur
641 1172 685 1214 in
709 1171 856 1222 Israel,
882 1180 924 1216 et
952 1179 1139 1228 ungatur
1165 1172 1350 1216 Sanetus

69 1242 76 1246 ’
111 1235 377 1294 sanctorum,
404 1243 457 1287 de
481 1244 566 1299 quo
587 1244 746 1287 dicitur
768 1244 813 1287 in
835 1243 1007 1289 Psalmo
1033 1259 1043 1287 z
1073 1260 1088 1285 ‹
1117 1245 1349 1300 Propterea

111 1315 233 1359 unxit
249 1322 291 1359 te
311 1313 423 1359 Deus
447 1321 546 1358 tuus
567 1311 662 1359 oleo
677 1315 835 1359 laetitiae
851 1328 938 1371 prae
955 1316 1230 1359 consortibus
1253 1317 1337 1360 tuis
1362 1307 1394 1349 Β

54 1416 58 1449 2
111 1387 248 1447 (Psal.
273 1388 408 1443 niv),
432 1387 506 1442 qui
525 1376 630 1431 dicit
655 1399 672 1430 :¹
696 1400 712 1427 ι
744 1385 892 1431 Sancti
908 1394 1060 1440 estote,
1078 1388 1282 1444 quoniam
1304 1394 1348 1432 et

21 1510 24 1514 ,
54 1455 62 1478 ³
87 1447 188 1518 ego
203 1464 378 1505 sanctus
408 1473 502 1503 sum
523 1458 673 1516 (Lavit.
699 1459 792 1516 xx').
823 1476 838 1503 ι
885 1460 1003 1504 Scito
1018 1454 1122 1517 ergo
1143 1461 1345 1517 quoniam

110 1521 272 1579 nbsshac
287 1532 355 1578 die
373 1545 500 1589 quam
522 1545 639 1577 nunc
656 1533 734 1577 tibi
756 1534 910 1589 loquor
943 1540 986 1577 et
1006 1532 1081 1578 Dei
1105 1546 1344 1578 sermonem

60 1636 82 1659 „3
98 1606 328 1663 promitto,
343 1591 465 1667 *quod
487 1611 725 1649 revertatur
748 1607 947 1662 populus,
967 1612 1008 1650 et
1025 1604 1261 1650 Jerusalem
1282 1608 1348 1650 in-

62 1680 70 1691 ³
89 1679 343 1724 stauretur.
360 1665 510 1733 'Usque
533 1678 587 1721 ad
606 1679 827 1722 Christum
849 1685 892 1723 et
909 1679 1216 1724 desolationem
1239 1689 1345 1724 tem-

18 1750 19 1753 ’
58 1751 183 1808 :²pii,
206 1750 495 1795 hebdomades
515 1758 798 1796 numerentur
819 1753 1041 1808 sexaginta
1061 1753 1169 1804 duae,
1190 1759 1234 1796 et
1255 1753 1347 1796 aliae

76 1828 271 1882 septem
309 1825 353 1868 in
379 1824 553 1880 quibus,
591 1825 715 1880 juxta
745 1825 937 1869 ordinem
970 1835 1112 1877 suum,
1149 1827 1253 1878 ¹duae
1279 1839 1347 1871 res

65 1894 230 1948 ¹''⁷fletit,
255 1898 308 1942 de
344 1898 503 1953 quibus
527 1905 625 1942 ante
653 1897 760 1950 dixi,
797 1897 912 1953 quod
935 1904 1178 1945 revertatur
1212 1911 1348 1954 popu-

107 1970 193 2024 live,
215 1973 260 2015 'et
289 1969 575 2014 reaedificetur
609 1971 748 2026 platea
771 1983 796 2013 a
818 1969 1025 2014 Nehemia
1045 1972 1089 2016 et'
1123 1971 1274 2016 Esdra.
1302 1972 1346 2014 ln

69 2054 79 2104 j
108 2042 193 2093 tine
210 2055 312 2102 ergo
341 2042 707 2087 hebdomadarum
729 2043 1014 2099 complebitur
1039 2043 1114 2087 Dei
1136 2045 1347 2088 sententia

63 2117 154 2161 ‘fin
186 2105 392 2175 'angustia
416 2122 674 2173 temporum,
715 2108 889 2174 quando
909 2130 1062 2162 rursus
1105 2117 1348 2162 destruetur

23 2184 25 2186 ’
76 2207 82 2212 ·
106 2189 330 2246 templum,
353 2194 396 2234 et
419 2190 614 2248 capietur
633 2189 800 2235 civitas.
827 2189 937 2233 Nam
965 2205 979 2230 t
1011 2195 1107 2244 post
1125 2190 1346 2246 sexaginta

55 2278 62 2307 ς
107 2263 216 2308 duas
249 2264 540 2309 hebdomadas
563 2265 785 2309 occidetur
819 2263 1036 2318 Christus,
1074 2272 1117 2310 et
1139 2275 1225 2308 non
1263 2265 1347 2308 erit

19 2336 26 2346 ¹
47 2375 64 2379 γ
106 2337 201 2392 eius
221 2336 422 2394 populus,
454 2338 528 2395 qui
547 2343 782 2394 negaturus
801 2345 867 2382 est
891 2351 989 2382 eum
1016 2340 1067 2358 *“

1081 2353 1092 2393 ;
1124 2353 1139 2379 ι
1166 2338 1272 2391 sive,
1298 2344 1344 2380 ut

18 2427 20 2430 ·
71 2427 75 2433 ·
106 2410 283 2467 quidam
323 2410 490 2455 Hebraei
514 2411 679 2461 dicunt,
720 2423 806 2454 non
837 2411 921 2454 erit
961 2409 1055 2466 ejus
1094 2411 1340 2464 imperium,

83 2475 225 2542 „quod
243 2485 421 2544 nutabat
445 2497 491 2530 se
513 2493 805 2541 recepturum.
823 2484 876 2528 Et
894 2484 998 2541 quid
1019 2485 1118 2529 dico
1136 2485 1189 2529 de
1220 2485 1338 2528 Chri-

44 2550 57 2602 ’ζῖ
106 2564 177 2604 sto
193 2547 430 2604 occidendo
453 2564 496 2618 et
513 2565 723 2616 negaturo
756 2553 932 2615 populo,
956 2559 1126 2615 penitus
1143 2559 1344 2602 deseren-

32 2654 47 2659 <>
106 2630 361 2691 domum-et
386 2632 602 2693 civitatem
625 2630 1274 2687 etsanetuariumdissipaturus
1288 2631 1344 2677 sit

107 2707 292 2763 populus
303 2703 524 2750 Romanus
537 2705 758 2749 cumduce
773 2712 971 2757 venturo,
991 2706 1032 2748 id
1046 2711 1111 2749 est
1126 2705 1346 2760 Vespasia-

18 2772 58 2817 1?-
107 2792 181 2827 no.
192 2779 491 2833 Quo'mortuo,
513 2779 742 2823 transactis
753 2785 913 2835 septem
933 2778 1287 2829 hebdomadibus,
1302 2778 1345 2820 id

22 2864 26 2874 ³
108 2858 175 2899 est
192 2855 317 2898 annis
333 2852 793 2909 quadragintanovem,
814 2852 954 2895 AElius
970 2851 1200 2901 Adrianus,
1221 2864 1243 2894 a
1261 2863 1345 2906 quo

55 2915 66 2970 ’,Ῐ-
109 2934 256 2983 postea
273 2926 329 2970 de'
344 2921 483 2976 ruinis
505 2925 743 2969 Jerusalem
759 2926 862 2968 urbs
873 2925 986 2968 AElia
1006 2925 1179 2968 condita
1192 2932 1271 2974 est,
1286 2920 1353 2967 rec}-

109 3000 318 3044 bellantes
341 2996 530 3051 Judaeos,
563 2997 677 3042 Ruso
700 2999 902 3053 magistro
923 2997 1136 3041 exercitus
1155 3009 1346 3053 pugnan-

36 3093 62 3103 ν
111 3070 175 3124 t'e,
195 3071 432 3127 superavit,
458 3078 501 3115 et
519 3076 622 3114 tunc
644 3071 801 3114 delenit
831 3071 970 3114 hostia
997 3078 1038 3112 et
1071 3069 1344 3121 sacrificium,

35 3165 51 3181 ·
111 3151 155 3186 ot
172 3154 309 3198 usque
340 3141 395 3184 ad
415 3141 828 3185 consummationem
854 3139 1002 3181 mundi
1027 3137 1349 3181 continuabitur

111 3216 338 3260 desolatio.
379 3214 476 3258 Non
510 3225 588 3258 vos
629 3217 816 3262 moveat,
853 3209 1276 3266 inquiunt·ue1›raei,
1313 3209 1349 3251 si

0 3293 1 3346 ᾖ
59 3339 62 3342 ,
98 3301 236 3346 prius
257 3274 541 3332 numerantur
578 3291 740 3341 septem
785 3284 1090 3333 hebdomades,
1132 3290 1180 3326 et
1202 3287 1351 3337 postea·

114 3363 336 3418 sexaginta
367 3361 462 3404 duae
494 3365 537 3404 et
571 3371 725 3403 rursus
759 3359 803 3401 in
832 3357 941 3401 duas
970 3362 1112 3412 partes
1136 3354 1351 3397 dividatur

1430 316 1530 359 daeae
1561 329 1730 373 quoque
1752 321 1904 366 tinibus
1927 325 2271 379 propellerentur.
2307 328 2404 373 Haec
2426 331 2544 375 aiunt
2567 333 2642 376 He

1429 388 1547 440 braei‚
1573 402 1658 432 non
1683 403 1938 447 magnopere
1958 402 2173 448 curantes,
2199 411 2222 440 a
2246 399 2381 453 primo
2402 412 2511 444 anno
2533 402 2649 447 Darii

1428 461 1541 516 regis
1557 460 1799 514 Persarum,
1827 477 1960 519 usque
1982 467 2034 510 ad
2056 474 2285 512 extremam
2304 472 2562 515 eversionem
2579 474 2649 518 Je-

1428 533 1630 584 rusalem,
1657 546 1750 589 quae
1774 537 1852 578 sub
1876 535 2062 581 Adriano
2079 540 2246 592 accidit,
2270 544 2506 596 computari
2521 544 2650 599 olym-

1426 604 1573 658 piades
1595 611 1764 648 centum
1781 610 2045 664 septuaginta
2061 610 2186 662 duas,
2212 612 2291 655 hoc
2309 619 2373 655 est
2393 626 2527 658 annos
2549 625 2647 658 sex-

1427 681 1574 719 centos
1597 678 1828 732 nonaginta
1851 691 1939 727 sex,
1957 675 2041 735 'qui
2069 681 2228 725 faciunt
2259 683 2543 727 hebdomadas
2566 685 2649 729 ile-

1427 746 1594 790 braieas
1614 750 1843 804 nonaginta
1861 762 2012 794 novem
2027 760 2068 796 et
2089 764 2223 796 annos
2247 761 2347 804 tres,
2362 759 2530 811 quando
2545 761 2650 804 Cor-

1428 816 1507 860 bas
1521 818 1608 860 dux
1627 818 1901 863 Hebraeorum
1915 826 1979 864 cst
2000 833 2243 877 oppressus,
2266 830 2306 866 et
2324 823 2554 871 Jerusalem
2577 839 2650 871 us-

1423 899 1510 942 que
1532 885 1585 930 ad
1609 890 1746 933 solum
1769 890 1910 933 diruta
1938 899 2019 936 est.

1486 963 1493 968 '
1522 959 1692 1004 Aemilio
1717 962 1756 1006 1.
1772 962 1884 1006 —ln
1906 963 2080 1009 Hebraeo
2102 978 2187 1009 non
2205 967 2397 1020 babetur,
2427 985 2441 1010 «
2468 970 2649 1024 populus

1428 1029 1501 1082 qui
1525 1041 1619 1071 eum
1646 1038 1877 1084 negaturus
1903 1040 1985 1083 est,
2005 1049 2020 1074 ι
2047 1048 2226 1089 quorum
2245 1038 2370 1079 ctiam
2395 1040 2533 1082 littera
2547 1052 2649 1082 sane

1431 1111 1514 1142 non
1550 1105 1688 1154 potest
1711 1102 1809 1155 legi.
1839 1116 1854 1143 ι
1885 1101 2109 1147 Occidetur
2140 1105 2350 1158 Christus,
2385 1114 2426 1151 ct
2457 1122 2542 1152 non
2569 1110 2650 1154 erit

1429 1174 1523 1224 ejus
1545 1172 1668 1223 hoen
1698 1173 1859 1216 scilicet
1879 1175 2037 1224 occidi,
2063 1177 2135 1219 sed
2159 1190 2209 1220 ex
2230 1186 2378 1221 natura
2401 1186 2563 1223 nostra.

1485 1245 1518 1262 *⁴*
1541 1243 1710 1287 Additio
1732 1244 1774 1288 2.
1797 1270 1853 1278 -
1874 1245 1981 1288 Cum
2006 1247 2094 1289 haec
2111 1247 2247 1291 forma
2262 1251 2485 1293 verborum
2509 1252 2550 1294 in
2566 1251 2648 1294 Da-

1427 1322 1536 1365 niele
1553 1334 1639 1364 nou
1659 1322 1909 1378 reperiatur.

1484 1396 1532 1412 “⁶
1555 1393 1721 1436 Addieio
1745 1394 1994 1438 5.—l³nde:
2017 1410 2031 1436 ε
2055 1396 2106 1438 Ει
2123 1397 2346 1443 illudentes
2362 1400 2400 1444 ei
2424 1399 2646 1444 dicebant:

1425 1467 1530 1515 Ave,
1554 1477 1629 1509 rex
1651 1463 1893 1508 Judaeorum
1917 1466 2084 1520 (Manli.
2108 1469 2257 1522 xxvii).
2285 1484 2299 1510 ›

1751 1551 1855 1596 Car.
1886 1551 1955 1596 xl.
1983 1577 2037 1584 —
2067 1552 2178 1596 Visio
2203 1568 2329 1598 nona.

1483 1621 1684 1680 Sequitur
1702 1636 1813 1667 nona
1835 1624 1943 1667 visio
1960 1623 2161 1679 Danielis,
2188 1638 2314 1681 quam
2341 1639 2437 1670 cum
2456 1630 2649 1683 sequenti

1427 1694 1600 1751 quidam
1637 1695 1784 1739 dicunt
1803 1708 1899 1739 esse
1926 1708 2053 1739 unam
2090 1698 2215 1754 (Dan.
2242 1699 2304 1755 x).
2339 1698 2422 1742 Sed
2445 1699 2650 1756 Hierony·

1426 1779 1539 1818 muS,
1571 1768 1805 1811 sacundum
1835 1768 2083 1812 llebraicam
2122 1770 2360 1822 veritatem,
2391 1770 2520 1814 tradit
2554 1784 2650 1815 esse

1426 1838 1549 1889 duas,
1575 1844 1616 1882 et
1653 1845 1832 1895 utraque
1867 1840 2024 1895 scripta
2063 1846 2126 1884 est
2165 1842 2206 1884 in
2231 1841 2402 1886 Daniele
2426 1841 2646 1887 Hebraice.

1426 1908 1559 1953 Porro
1592 1915 1816 1965 utramque
1845 1911 1949 1954 vidit
1972 1912 2117 1956 Daniel
2143 1925 2153 1953 :
2181 1925 2308 1956 unam
2337 1914 2505 1968 quidem
2527 1915 2674 1968 vidit‚i

1427 1981 1501 2024 sed
1537 1981 1712 2025 alteram
1747 1983 1924 2034 audivit,
1957 1996 2067 2027 anno
2104 1986 2228 2028 tertio
2259 1986 2379 2041 regni
2406 1986 2504 2042 Cyri
2538 1988 2650 2043 regis

1426 2054 1668 2106 Persarum,
1680 2061 1721 2099 et
1739 2056 1782 2098 in
1803 2056 1948 2099 eadem
1969 2057 2037 2100 die
2050 2058 2239 2111 ejusdem
2257 2058 2355 2100 anni
2373 2058 2419 2101 in
2434 2059 2548 2102 hunc
2564 2070 2652 2103 mo·

1426 2126 1527 2168 dum
1554 2141 1564 2168 ι
1596 2140 1610 2166 ι
1640 2125 1783 2168 Primo
1801 2137 1913 2169 anno
1937 2125 2070 2178 Darii,
2089 2127 2242 2171 Daniel
2257 2127 2492 2183 intelligens
2510 2129 2651 2173 immi·
2692 2135 2693 2138 ’

1426 2211 1527 2242 nere
1561 2199 1916 2254 septuagesimum
1940 2212 2098 2242 annum
2122 2201 2387 2255 captivitatis
2407 2201 2648 2253 liberandae,

1425 2270 1564 2312 oravit.
1588 2269 1832 2321 Dominum,
1857 2275 1902 2312 ut
1934 2270 2087 2314 Darius
2110 2277 2152 2314 et
2171 2271 2308 2327 Cyrus
2324 2271 2550 2315 liberarent
2571 2285 2649 2327 po-

1381 2371 1399 2387 η
1426 2343 1572 2397 pulum
1596 2354 1737 2387 suum.
1766 2342 1818 2384 Et
1840 2342 1938 2386 data
1967 2350 2030 2387 est
2049 2346 2256 2387 sententia
2280 2356 2303 2385 a
2324 2343 2410 2386 Deo
2433 2343 2484 2388 de
2513 2345 2650 2388 licen-

1426 2415 1483 2456 tia
1521 2414 1725 2458 redeundi
1761 2414 1925 2467 danda;
1953 2420 1993 2458 et
2021 2414 2131 2458 hanc
2166 2427 2380 2470 egressam
2405 2427 2428 2457 a
2454 2416 2648 2467 Domino,

1424 2496 1554 2540 supr-a
1578 2484 1790 2528 nuntiavit
1826 2484 1987 2527 Danieli
2011 2484 2195 2528 Gabriel.
2220 2484 2270 2528 Et
2293 2497 2345 2527 ex
2366 2491 2468 2527 tunc
2499 2485 2650 2530 Darius

1424 2556 1678 2612 disponebat
1701 2557 1754 2599 de
1779 2556 1974 2600 libertate
2013 2562 2053 2598 et
2079 2556 2250 2600 lieentia
2285 2555 2647 2609 dandaflebraeis,

1423 2629 1498 2673 sed
1535 2641 1774 2685 praeventus
1809 2634 1943 2671 morte
1979 2641 2064 2671 non
2100 2628 2301 2683 implevit.
2338 2628 2474 2683 Cyrus
2508 2623 2649 2672 autem

1423 2703 1560 2759 primo
1590 2714 1703 2745 anno
1721 2703 1839 2757 regni
1863 2701 1930 2744 sui
1961 2701 2076 2744 dedit
2097 2701 2158 2744 eis
2183 2700 2370 2743 eamdem
2390 2700 2640 2751 libertatem,

1425 2786 1551 2829 quam
1571 2773 1782 2819 habebant
1804 2773 2027 2828 indigenae,
2043 2779 2084 2815 et
2106 2772 2317 2815 licentiam
2334 2771 2550 2815 redeundi.
2566 2770 2650 2826 ipsi
2716 2771 2721 2781 ²

1424 2838 1525 2888 vero
1549 2845 1651 2900 quia
1675 2843 1764 2887 sere
1788 2855 1936 2886 omnes
1955 2844 2046 2887 nati⁴
2067 2848 2186 2885 erant
2211 2842 2252 2883 in
2268 2841 2479 2892 Chaldaea,
2502 2847 2651 2895 etpos-

1427 2915 1639 2958 sessiones
1663 2913 1972 2965 ibi'habebant,
2000 2913 2209 2966 eligel‘ant
2235 2921 2453 2954 remanere
2478 2910 2522 2952 in
2539 2917 2651 2952 terra

1426 2985 1664 3030 nativitatis
1687 2997 1789 3030 suar.
1813 2976 1944 3027 Pauci
1968 2996 2082 3034 vero,
2104 2984 2176 3037 qui
2201 2982 2428 3026 ascendere
2451 2981 2652 3035 dispone--

1426 3062 1527 3104 bant
1548 3061 1588 3102 in
1607 3057 1814 3109 Judaeam,
1838 3057 1946 3112 pigri
1970 3061 2091 3100 erant
2114 3060 2156 3099 et
2174 3056 2347 3107 morosi,
2366 3054 2494 3097 etiam
2518 3066 2651 3107 usquc

1429 3132 1482 3174 ad
1503 3132 1674 3174 tertium
1706 3142 1862 3173 annum
1886 3128 2001 3184 Cyri.
2017 3128 2138 3179 Quod
2162 3127 2383 3170 attendens
2406 3125 2567 3175 Daniel,
2582 3139 2653 3169 vc-

1429 3204 1670 3247 hementius
1715 3202 1977 3257 affligebatur
2005 3202 2150 3243 dolore
2183 3211 2307 3254 quam
2329 3199 2464 3254 prius,
2489 3202 2530 3240 et
2557 3208 2652 3239 ora-

1429 3278 1501 3320 bat
1524 3275 1766 3326 Dominum,
1785 3280 1831 3316 ut
1853 3273 1924 3328 qui
1945 3274 2064 3327 prius
2087 3272 2260 3314 dederat
2277 3270 2446 3325 regibus
2463 3268 2649 3310 animum

1432 3346 1657 3397 liberandi,
1672 3347 1790 3388 daret
1804 3350 1845 3387 et
1869 3344 2024 3399 populo
2038 3343 2224 3384 animum
2244 3339 2461 3384 redeundi.
2475 3338 2651 3380 Factum

113 3447 216 3480 una
242 3434 319 3478 Est
341 3434 454 3478 enim
479 3433 560 3477 1100
587 3429 745 3475 idioma
770 3429 935 3474 flehraei
958 3428 1184 3479 sermonis,
1210 3432 1250 3469 et
1273 3438 1345 3467 an·
1375 3425 1409 3466 D
1432 3425 1497 3462 est
1517 3431 1617 3473 ergo
1629 3418 1755 3461 tertio
1776 3428 1888 3459 anno
1909 3416 2026 3470 regni
2048 3414 2161 3470 Cyri,
2177 3413 2313 3468 primo
2334 3422 2492 3460 mense,
2515 3410 2651 3464 prima

22 3865 59 4032 ῦῗῐὲἱῗέῥῖθί(
24 3819 26 3821 ¹

56 3660 62 3707 ᾗ
114 3652 340 3711 prietatem
374 3653 531 3708 linguae
552 3657 715 3696 nostrae
749 3650 933 3692 dicimus
960 3663 969 3691 z

58 3748 61 3749 ⁷
115 3732 287 3771 centum
311 3727 583 3784 septuaginta
605 3723 796 3779 quinque
816 3721 941 3764 annis
964 3734 974 3772 ;
1002 3719 1072 3761 ille
1094 3717 1351 3765 econtrariO,

58 3500 66 3537 J
114 3508 243 3563 tiquae
259 3496 504 3557 latinitatis,
523 3511 569 3548 ut
591 3511 690 3548 ante
707 3515 935 3546 numerum
958 3502 1168 3544 minorem
1193 3510 1350 3552 suppu-

117 3586 222 3632 tent,
249 3586 348 3636 post
371 3580 606 3635 maj'orem3
642 3577 765 3622 verbi
802 3576 960 3632 gratia,
987 3587 1065 3617 nos
1101 3574 1223 3628 juxta
1253 3583 1352 3626 pro-

998 3646 1113 3689 Visit
1138 3645 1351 3688 Abraham

110 3799 223 3843 vixit
238 3796 455 3850 Abrabam
485 3799 676 3853 quinque
709 3793 980 3849 septuaginta
1007 3797 1176 3834 centum
1213 3790 1310 3831 anni
1316 3801 1351 3831 s.

117 3870 212 3914 Non
239 3869 370 3926 igitur
391 3877 438 3913 ut
459 3869 630 3924 legitur,
653 3868 712 3910 ita
728 3866 1011 3920 adimpletur,
1044 3865 1119 3906 sed
1148 3868 1193 3904 ut
1219 3867 1353 3903 totuin

117 3947 283 3999 pariter
302 3932 580 3998 supputatur,
606 3941 665 3983 ita
688 3939 813 3982 tinem
843 3938 1020 3990 aceepit.
1042 3934 1130 3976 Nee
1154 3933 1356 3988 ignoran-

120 4015 221 4060 dum
239 4014 448 4070 quosdam
462 4013 632 4056 illorum
651 4011 827 4060 dixisse,
853 4009 966 4063 quod
984 4018 1066 4051 una
1093 4004 1355 4048 hebdomada

120 4073 177 4132 de
197 4095 284 4139 qua
309 4083 470 4126 dicitur
494 4095 506 4122 ε
537 4097 552 4123 ι
582 4080 862 4125 Confirmabit
881 4085 1052 4134 pactum
1077 4076 1222 4118 multis
1254 4074 1356 4116 lieb-

122 4153 304 4199 domada
323 4167 426 4206 una,
458 4168 475 4196 ι
501 4153 718 4197 dividatur
735 4152 779 4194 in
803 4149 1113 4204 Vespasianum
1155 4144 1358 4188 etAdria-

123 4239 246 4280 urim,
279 4232 341 4279 ut,
371 4228 497 4283 juxta
521 4226 744 4270 historiam
773 4220 965 4277 Josepbi,
990 4217 1279 4273 Vespasianus
1316 4223 1358 4258 et

127 4299 251 4344 Titus
279 4299 415 4344 tribus
437 4299 564 4342 annis
581 4303 622 4342 et
643 4310 715 4341 sex
738 4297 959 4340 mensibus
992 4289 1140 4349 pacem
1160 4302 1257 4334 cum
1282 4288 1356 4331 Ju-

127 4370 236 4415 daiis
255 4368 466 4423 fecerunt,
492 4377 580 4412 tres
593 4369 743 4425 “autem
769 4365 974 4416 anniani
996 4375 1067 4406 sex
1088 4370 1255 4403 menses
1279 4357 1359 4400 sub

21 4433 66 4588 i

127 4441 338 4496 Adriano,
371 4445 692 4498 computentur.
717 4436 888 4482 quando
918 4432 1158 4478 'Jerusalem
1185 4427 1357 4474 omnino

1431 3494 1499 3536 die
1533 3492 1710 3541 mensis,
1747 3489 1918 3544 lugebat
1954 3488 2100 3530 Daniel
2134 3487 2259 3528 trium
2295 3484 2650 3527 hebdomadarum

1433 3564 1598 3615 diebus,
1633 3573 1783 3617 panem
1808 3559 2128 3604 desiderabilem
2151 3570 2235 3600 non
2259 3556 2456 3604 comedit,
2481 3565 2648 3602 carues,

1432 3644 1474 3681 et
1496 3638 1641 3679 vinum
1670 3647 1755 3677 non
1779 3635 1978 3689 gustavit,
2005 3645 2082 3675 nec
2117 3644 2218 3674 usus
2242 3635 2306 3672 cst
2335 3634 2548 3682 unguento
2574 3637 2650 3679 pro

1432 3710 1610 3758 balneis,
1635 3719 1751 3750 more
1769 3706 2011 3748 Persarum.
2034 3703 2109 3745 Die
2131 3711 2267 3744 autem
2292 3701 2488 3755 vigesima
2522 3709 2650 3751 quar-

1433 3786 1495 3831 ta,
1514 3781 1614 3822 dum
1636 3784 1749 3822 esset
1764 3779 1885 3832 juxta
1909 3776 2079 3818 fluvium
2098 3774 2171 3828 qui
2192 3778 2256 3816 est
2277 3772 2432 3826 Tigris,
2456 3769 2574 3812 vidit.
2598 3767 2649 3808 'rit

1434 3864 1534 3895 ecee
1549 3853 1614 3893 vir
1635 3851 1815 3893 vestitus
1843 3849 1980 3898 lineis,
2001 3847 2217 3889 accinctus
2238 3855 2342 3887 zona
2365 3853 2507 3891 aurea,
2529 3840 2648 3893 cujus

1436 3923 1565 3966 facies
1589 3921 1711 3976 quasi
1734 3921 1890 3974 fulgor,
1912 3917 2022 3960 oculi
2047 3922 2092 3958 ut
2114 3915 2344 3969 lampades,
2364 3917 2485 3954 torax
2506 3922 2649 3963 corpea

1435 3998 1494 4039 ris
1518 3995 1638 4050 quasi
1663 3991 1966 4047 chrysolithus,
1987 4001 2079 4044 quae
2103 3988 2296 4030 deorsum
2315 3990 2435 4028 erant
2458 3982 2647 4029 brachia,

1427 4067 1614 4115 scilicet,
1650 4064 1826 4112 femora,
1851 4059 1979 4110 tibiae,
2013 4065 2058 4101 et·
2077 4058 2204 4113 pedes
2224 4056 2343 4112 quasi
2366 4068 2423 4097 aes
2447 4052 2647 4100 candens,

1436 4145 1477 4182 et
1499 4148 1638 4181 sermo
1657 4134 1748 4189 ejus
1772 4132 1928 4187 quasi
1920 4143 1991 4173 ox
2005 4127 2289 4171 multitudinis
2311 4123 2536 4178 loquentis.
2552 4121 2651 4162 Por-

1437 4223 1484 4253 io
1505 4208 1603 4257 viii,
1630 4206 1703 4260 qui
1724 4209 1845 4248 erant
1874 4215 1969 4244 cuin
1999 4213 2047 4244 eo
2072 4198 2207 4242 territi
2230 4198 2443 4251 fugerunt,
2471 4200 2512 4237 et
2535 4193 2651 4235 solus

1436 4282 1540 4324 vidit
1572 4279 1793 4328 risione‚m
1820 4280 1861 4318 et
1891 4274 2053 4316 corruit
2077 4272 2120 4315 in
2144 4270 2292 4313 faciem
2319 4279 2452 4310 suam.
2483 4264 2563 4307 Sed
2588 4265 2651 4305 vir

1437 4354 1507 4397 ille
1530 4350 1726 4400 accessit,
1743 4347 1961 4407 eterigens
1982 4355 2095 4392 eum,
2118 4348 2158 4385 et
2172 4339 2414 4383 confortans
2438 4337 2474 4377 ai
2512 4339 2555 4375 .'‹
2574 4333 2652 4375 No

1439 4426 1466 4469 li
1485 4431 1687 4477 metuere,
1707 4419 1864 4471 Daniel,
1880 4417 1977 4475 quia
1994 4428 2045 4459 ex
2061 4414 2127 4458 die
2145 4413 2279 4468 primo
2301 4409 2474 4474 niensis,
2490 4419 2574 4463 quo
2599 4412 2653 4448 to-
