2924 4588
140 110 224 156 ota

834 103 903 147 DE
931 95 1264 145 TRtPAnTlTo
1295 95 1711 144 TABERNACELO.
1743 124 1798 134 —-
1828 101 1970 146 PARS
2001 102 2034 149 1.

2614 109 2699 151 650

137 201 330 252 cortinae,
356 188 450 255 quae
472 210 559 242 non
587 198 671 242 nisi
704 196 894 255 quinque
921 193 1076 237 cubitis
1119 191 1371 234 orientalem
1399 193 1429 237 Α
1455 189 1632 243 parietis
1673 191 1967 236 occidentalis.
1994 192 2071 237 His
2093 206 2196 250 ergo
2220 195 2523 246 consideratis,
2563 196 2701 239 intue-

137 278 179 315 et
206 271 517 315 occidentalem
545 269 698 314 domus
731 272 894 324 partem
930 264 972 308 in
991 262 1291 308 descendendo
1313 268 1377 306 te-

135 343 305 399 gebant,
327 343 380 386 ad
411 342 594 386 invicem
621 340 892 397 pertingere,
935 343 978 380 et
1016 347 1110 379 sese
1155 335 1198 377 in
1234 334 1376 378 medio

135 415 361 470 utriusque
379 415 555 470 parietis
577 412 854 458 occidentalis
876 408 1090 458 videlicet,
1109 406 1376 451 etorientalis

133 489 380 544 contingere
392 487 589 530 valebant
605 501 616 539 ;
641 485 716 529 sed
729 484 828 540 quia
850 487 1124 537 septenorum
1139 479 1181 521 in
1194 484 1376 533 utroque

135 561 296 617 pariete
318 561 559 604 cubitorum
576 563 715 608 erant,
743 557 929 601 medium
953 552 1146 610 profecto
1169 559 1210 595 et
1233 552 1375 595 orien-

134 633 233 677 talis
271 639 312 677 et
335 632 616 676 occidentalis
648 630 795 673 lateris
821 629 863 671 in
899 633 1126 681 utramque
1158 625 1374 667 hincinde.

0 676 11 708 '¹
56 694 59 699 ’
133 712 296 760 partem
315 705 485 748 duobus
518 704 678 748 cubitis·
698 701 978 747 excedebant.
1012 699 1076 742 Ex
1111 698 1268 754 quibus
1306 698 1373 740 vi-

131 776 286 821 delieet
310 785 495 833 quatuor
519 777 680 820 cubitis
694 775 1015 820 excedentibus,
1042 773 1127 816 duo
1150 772 1193 814 in
1211 770 1374 826 pariete

131 851 347 903 orientali,
385 852 459 894 uhi
497 851 618 894 frons
655 855 762 900 erat,
790 853 901 892 tecta
933 847 1288 902 duplicabantur:
1328 851 1375 886 ut

131 924 190 966 ibi
219 924 340 978 Juxta
365 922 632 967 Venerabilis
663 921 786 966 Bedae
809 921 1066 965 sententiam
1083 919 1287 976 geminati
1310 931 1374 962 sa-

128 997 171 1053 gi
196 997 508 1041 munimentum
534 1001 676 1046 esset,
720 995 793 1038 ubi
816 994 950 1038 solida
988 993 1165 1050 parietis
1193 991 1372 1034 firmitas

128 1082 215 1113 non
253 1074 362 1114 erat.

183 1141 312 1199 35AE
353 1140 537 1184 xxviii.
581 1139 654 1183 Sic
682 1153 783 1196 ergo
813 1151 915 1195 saga
950 1137 1134 1194 parietes
1167 1132 1371 1179 taberna-

127 1215 213 1256 culi
256 1215 462 1269 undique,
488 1220 529 1256 ει
554 1214 745 1262 cortinae,
763 1215 942 1266 excepto
968 1221 1054 1253 uno
1079 1207 1132 1251 ab
1155 1208 1274 1250 omni
1310 1206 1371 1247 la·-

1457 271 1503 323 re
1536 261 1664 303 etiam
1689 273 1917 306 mensuras
1940 263 2220 316 cortinarum,
2239 266 2395 320 quibus
2405 265 2588 321 tegenda
2606 275 2698 309 erat

1456 332 1626 384 domus,
1660 334 1846 389 qualiter
1884 335 2074 390 praefatis
2111 338 2280 392 possint
2312 339 2543 382 convenire
2578 350 2697 381 men-

1457 406 1586 449 suris.
1614 405 1771 449 Decem
1798 413 1920 450 erant
1944 406 2138 459 cortinae,
2164 410 2372 454 babentes
2402 411 2580 466 singulae
2602 411 2696 454 lon-

1453 478 1662 533 gitudinis
1674 479 1822 534 viginti
1834 485 1930 523 octo
1938 481 2119 530 cubitos,
2137 482 2590 537 latitudinisquatuor3
2603 494 2697 538 qum

1456 551 1585 593 simul
1611 551 1786 604 junctae,
1812 551 1914 594 etin
1931 564 2062 594 unuin
2088 554 2351 608 compositae,
2371 554 2694 597 tabernaculum

1456 625 1690 679 implebant
1731 625 1783 668 de
1805 624 2026 668 latitudine
2049 638 2152 689 sua.-
2176 627 2348 670 cuhitos
2393 627 2694 683 quadraginta.

1457 696 1680 753 Suspende
1703 698 1833 752 igitur
1862 698 2069 750 cortinas,
2100 700 2369 754 quaehabent
2390 701 2568 756 singulae
2604 701 2698 742 lon-

1454 770 1661 826 gitudinis
1683 771 1836 826 viginti
1853 777 1953 814 octo
1977 771 2162 822 cubitos,
2188 778 2230 815 et
2248 785 2359 828 pone
2388 773 2433 815 in
2458 773 2602 823 domo,
2621 787 2696 816 cu·

1450 844 1522 899 jus
1540 848 1605 886 est
1624 855 1824 887 mensura
1849 843 1893 886 in
1915 849 2211 887 transversum
2233 845 2410 900 triginta
2434 844 2693 892 cubitorum,

1453 922 1495 960 et
1517 916 1680 961 videbis
1706 917 1807 972 quia
1836 916 2013 960 cortinae
2046 917 2204 960 hahent
2226 917 2270 960 in
2301 919 2561 973 aequalitate,
2602 931 2698 974 quae

1450 1000 1518 1038 est
1536 993 1648 1037 inter
1666 993 1869 1048 parietes,
1890 993 2059 1036 cubitos
2091 992 2250 1046 denos;
2276 993 2319 1034 in
2337 1005 2518 1036 ascensu
2535 998 2694 1039 autem.

1454 1065 1544 1109 sive
1566 1065 1794 1118 descensu,
1823 1066 1896 1119 qui
1921 1069 1987 1108 est
2005 1064 2128 1119 juxta
2158 1065 2358 1120 parietes,
2379 1064 2540 1106 habent
2572 1064 2697 1106 cubi-—

1452 1143 1520 1181 tos
1556 1149 1764 1180 novenos.
1810 1135 1968 1191 Sicque
2010 1136 2054 1178 lit
2092 1141 2140 1178 ut
2164 1135 2390 1178 summitas
2430 1135 2696 1178 cortinarum

1452 1215 1610 1253 terram
1630 1214 1809 1264 tangere
1830 1220 1918 1252 non
1950 1207 2112 1263 possit;
2133 1206 2208 1250 sed
2232 1218 2434 1249 mensura
2465 1206 2596 1249 unius
2618 1217 2697 1248 cu-

127 1297 215 1331 tere
255 1287 419 1336 cubito,
458 1286 673 1341 tegebant.
717 1283 896 1327 Flebant
921 1282 1062 1325 adhuc
1102 1280 1369 1336 operimenta
1394 1269 1427 1312 B
1451 1284 1528 1328 biti
1553 1296 1577 1327 a
1602 1288 1718 1327 terra
1741 1283 1868 1326 altior
1887 1282 2016 1326 absit.
2036 1279 2143 1324 Item
2176 1280 2359 1330 videbis,
2384 1280 2497 1335 quod
2519 1279 2697 1322 cortinas

125 1359 229 1409 duo,
269 1371 356 1401 non
380 1357 551 1413 quidem
571 1358 622 1400 ad
641 1357 827 1413 parietes
857 1354 1120 1399 tabernaculi
1142 1352 1365 1409 tegendos,

125 1429 199 1472 sed
218 1429 271 1471 ad
297 1429 575 1484 operiendum
611 1426 879 1471 solummodo
911 1432 1072 1470 tectum
1116 1425 1211 1479 ejus
1230 1457 1240 1473 ,
1261 1437 1369 1480 quo-r

127 1513 223 1544 rum
262 1502 445 1557 primum
471 1514 520 1544 ex
558 1500 742 1556 pellibus
777 1505 871 1542 erat
898 1499 1081 1542 arietum
1106 1497 1365 1549 rubricatis;

124 1572 360 1615 secundum
389 1584 490 1614 vero
522 1585 570 1614 ex
619 1571 802 1627 pellibus
833 1569 1140 1627 hyacinthinis.
1173 1569 1278 1622 Quis
1297 1581 1368 1612 ve-

133 1656 182 1687 ro
219 1643 369 1686 harum
409 1643 538 1687 suerit
576 1643 749 1698 pellium
782 1653 1005 1691 numerus,
1039 1653 1186 1696 quaeve
1218 1652 1367 1684 earum

128 1715 350 1771 longitudo
394 1721 436 1760 et
470 1716 652 1759 latitudo
692 1713 851 1764 fuerit,
900 1712 1116 1769 quomodo
1149 1712 1369 1769 dispositae

123 1784 298 1838 fuerint,
322 1788 390 1830 vel
412 1787 670 1842 coniunctae,
695 1786 796 1842 quia
807 1786 950 1830 littera
962 1798 1046 1829 non
1072 1785 1237 1836 delinit,
1264 1785 1368 1828 illud

121 1859 226 1903 satis
250 1865 316 1904 est
340 1859 593 1916 intelligere,
613 1859 729 1915 quod
756 1860 818 1903 eis
838 1859 1045 1903 connexis
1064 1864 1152 1903 tota
1173 1859 1370 1902 taberna-

118 1927 208 1974 'culi
239 1931 464 1988 longitudo
486 1937 528 1975 et
554 1931 734 1976 latitudo
761 1933 804 1975 in
832 1931 1080 1976 summitate
1096 1930 1199 1974 tecti
1216 1943 1369 1986 super-

122 2005 242 2049 indui
276 2007 462 2056 valeret‚
504 2007 828 2062 tectumque‘et
864 2004 1051 2061 parietes
1096 2004 1138 2047 in
1174 2004 1368 2060 partibus

119 2078 205 2122 iilis
227 2079 390 2123 nostris
431 2079 564 2122 multo
599 2079 787 2134 maiores
809 2090 922 2122 esse.
958 2075 1018 2120 De
1054 2077 1245 2120 hisvero
1277 2078 1368 2133 pel-

119 2153 232 2197 libus
256 2156 315 2195 ita
339 2153 646 2208 longeqnidam
673 2157 772 2194 ante
796 2162 877 2195 nos
901 2149 1101 2206 scripsit:
1124 2148 1364 2200 Sciendum,

120 2227 276 2283 inquit,
305 2234 391 2270 tam
423 2225 499 2269 hoc
524 2227 822 2281 operimentum
850 2223 900 2267 de
937 2223 1161 2267 rubricatis
1173 2222 1364 2278 pellibus,

1450 1358 1610 1402 hahent
1642 1355 1687 1400 in
1718 1355 1963 1411 aequalitate
1995 1367 2072 1410 per
2099 1353 2410 1408 longitudinem
2440 1352 2595 1396 domus
2615 1352 2695 1393 tri-

1450 1432 1569 1487 ginta
1600 1429 1791 1480 cubitos,
1828 1428 1875 1471 in
1897 1439 2082 1471 ascensu
2116 1431 2274 1476 autem,
2310 1426 2400 1468 sive
2457 1425 2662 1468 descensu
2682 1456 2693 1472 ‚

1449 1505 1524 1560 qui
1548 1509 1614 1548 est
1648 1503 1693 1546 in
1715 1500 1930 1552 orientali,
1951 1500 2042 1543 sive
2065 1499 2108 1542 in
2123 1497 2381 1541 occidentali
2405 1497 2556 1547 latere,
2580 1497 2698 1539 cubi-

1450 1585 1517 1623 tos
1540 1578 1716 1634 quinos3
1744 1576 1924 1631 ideoque
1946 1574 2095 1618 eadem
2117 1572 2308 1617 lateralis
2346 1570 2571 1615 summitas
2598 1582 2696 1612 eor-

1448 1654 1656 1703 tinarum‚
1693 1659 1967 1706 nequaquam
2004 1647 2058 1691 ad
2095 1652 2259 1690 terram
2290 1656 2429 1699 usque
2471 1643 2692 1699 pertingit.

1450 1729 1524 1772 sed
1559 1727 1704 1782 quinis
1731 1724 1891 1769 cubitis
1912 1734 1937 1765 a
1962 1727 2077 1765 terra
2109 1720 2234 1763 altior
2263 1719 2435 1761 aberat:
2463 1714 2586 1760 Unde
2618 1728 2695 1759 ne-

1449 1811 1572 1843 cesse
1615 1798 1697 1841 suit
1762 1801 1814 1840 ut·
1845 1794 1966 1851 quini
2010 1793 2073 1850 illi
2102 1791 2236 1835 cubiti
2281 1791 2571 1838 cortinarum,
2618 1790 2693 1842 qui

1448 1871 1721 1916 cessantibus
1745 1868 1982 1925 parietibus
2001 1869 2253 1922 supersunt,
2280 1863 2541 1905 inducantur
2559 1860 2613 1903 ab
2631 1861 2694 1903 in-

1447 1945 1586 1987 vicem
1611 1942 1665 1985 ab
1690 1938 1891 1984 orientali
1916 1938 2063 1988 simul,
2087 1944 2129 1980 et
2162 1933 2416 1978 occidentali
2445 1934 2594 1983 latere,
2633 1932 2692 1975 svi-

1447 2018 1577 2072 hique
1597 2021 1747 2059 mutuo
1766 2014 2005 2069 jungantur
2024 2026 2034 2054 ε
2061 2022 2112 2053 ac
2144 2009 2210 2053 sic
2237 2008 2307 2052 net
2330 2014 2376 2050 ut
2399 2006 2590 2061 undique
2614 2005 2692 2048 do—

1449 2104 1565 2134 mum
1602 2089 1797 2138 cortinae,
1828 2091 2006 2140 excepto
2041 2095 2128 2127 uno
2169 2082 2476 2138 iuxtaterram
2515 2078 2690 2128 cubito,

1449 2169 1695 2221 contegant.
1730 2163 1829 2206 Ilaec
1851 2162 1903 2206 de
1926 2159 2123 2205 cortinis.

1503 2237 1636 2282 XXX.
1671 2236 1807 2280 Porro
1831 2247 1932 2291 saga
1958 2233 2148 2277 tricenos
2179 2229 2395 2274 habebant
2418 2227 2586 2272 cubitos
2602 2227 2693 2270 lon-

118 2299 417 2358 quammudde
433 2298 925 2355 ltyact'ntln'm's,nonnisi
946 2295 1169 2340 secundum
1187 2296 1366 2351 sormam
1389 2335 1419 2379 C
1449 2313 1671 2372 guudiffiS’
1713 2316 1945 2366 quaternos
1975 2305 2234 2351 latitudinis·
2276 2305 2328 2347 Et
2352 2305 2452 2360 quia
2489 2304 2689 2347 undecim

117 2381 156 2417 a!
177 2374 450 2430 quantitatem
475 2372 569 2415 tecti
591 2370 849 2414 tabernaculi
870 2370 964 2426 fieri
988 2368 1148 2420 debere,
1174 2370 1272 2426 qnia
1295 2383 1365 2412 ne-

116 2460 192 2503 que
227 2461 252 2489 a
276 2444 494 2497 lateribus,
525 2457 651 2500 neque
687 2458 712 2486 a
745 2443 950 2499 frontibus
986 2443 1365 2500 aliquid-deorsum

117 2520 331 2575 pendebat.
361 2518 496 2574 igitur
534 2518 750 2575 quomodo
783 2518 960 2562 cortinae
984 2522 1026 2560 et
1048 2528 1150 2573 saga
1180 2517 1366 2572 parietes

117 2595 399 2644 tabernaculi,
427 2600 469 2637 et
489 2593 704 2649 quomodo
719 2598 880 2636 tectum
901 2592 994 2645 ejus
1010 2591 1238 2635 rubricatae
1253 2592 1365 2635 arie-

121 2675 209 2710 tum
246 2668 397 2723 peiles,
436 2672 564 2720 atque
600 2664 890 2722 hyacinthinae
913 2665 1366 2719 tegebantrproutno-

117 2741 183 2785 bis
203 2741 344 2783 visum
371 2738 449 2781 suit
472 2738 748 2782 edocuimus:
774 2743 816 2780 et
847 2736 954 2780 vero'
987 2737 1102 2791 (prid
1122 2750 1253 2793 super
1283 2739 1364 2781 hoc

118 2812 387 2856 Venerabilis
408 2811 523 2854 Beda
541 2810 683 2861 dicat,
701 2809 944 2863 audiamus.

587 2898 769 2943 CAPUT
794 2887 903 2943 xni.

179 2973 314 3016 l'erba
356 2971 614 3016 Venerabilis
652 2971 777 3014 Bedoe
810 2970 1037 3026 presbyteri
1061 2971 1110 3013 de
1132 2970 1285 3014 eodem.

171 3045 321 3089 XXlX.
336 3045 546 3094 Diximus,
560 3044 713 3099 inquit,
728 3043 911 3098 parietes
928 3042 1209 3090 tabernaculi.
1224 3044 1361 3098 quiex

119 3118 277 3163 tabulis
288 3123 330 3160 ct
342 3116 554 3160 columnis
568 3113 841 3163 constabant,
858 3114 1167 3170 longitudinem
1184 3114 1361 3157 habuis·-

118 3204 164 3237 se
195 3191 372 3246 triginta
412 3188 653 3232 cubitorum
677 3218 688 3237 ,
732 3186 1003 3230 latitudinem
1043 3186 1206 3235 decern,
1241 3192 1283 3229 et
1300 3186 1362 3228 al·-

118 3264 342 3307 titudinem
375 3261 572 3305 similiter
595 3259 758 3302 decem.
786 3259 829 3301 Si
871 3259 968 3315 quis
1002 3270 1105 3314 ergo
1135 3258 1262 3302 vellet
1283 3258 1361 3300 do-

118 3349 232 3378 mum
270 3336 310 3378 in
342 3333 612 3377 latitudinem
645 3332 816 3387 cingere
840 3330 1047 3385 funiculo,
1071 3333 1190 3376 verbi
1222 3332 1359 3389 gratia

1445 2390 1586 2434 erant,
1630 2383 1864 2438 conJuncta
1905 2379 2090 2423 invicem
2133 2390 2210 2432 per
2232 2377 2368 2420 latera
2407 2375 2689 2432 quadraginta

1446 2463 1630 2512 quatuor
1652 2455 1822 2498 cubitos
1844 2453 2092 2508 implebant.
2120 2449 2238 2498 Pone
2253 2463 2358 2506 ergo
2382 2455 2423 2493 et
2436 2449 2528 2493 haec
2552 2448 2595 2491 in
2613 2448 2690 2490 do-

1446 2542 1516 2572 mo
1537 2543 1546 2581 ;
1573 2535 1616 2572 et
1640 2527 1741 2583 quia
1764 2525 2000 2570 concordat
2025 2522 2247 2579 longitudo
2271 2534 2471 2577 sagorum
2506 2532 2604 2563 cum
2623 2521 2690 2562 sum

1445 2600 1606 2650 niculO,
1632 2611 1717 2655 quo
1741 2597 1914 2640 domum
1948 2593 2196 2638 metiebaris
2218 2593 2263 2635 in
2299 2598 2611 2640 transversum,
2645 2590 2690 2632 tit

1444 2679 1491 2715 ut
1536 2670 1762 2715 summitas
1806 2679 1955 2711 eorum
1995 2665 2049 2708 ad
2081 2672 2239 2713 terram
2278 2674 2415 2718 usque
2455 2661 2685 2718 pertingat.

1445 2742 1667 2786 Habebunt
1690 2741 1804 2784 enim
1828 2739 1962 2783 denos
1981 2738 2151 2781 cubitos
2180 2735 2437 2791 aequalitatis
2470 2735 2584 2777 inter
2613 2745 2688 2788 pa-

1444 2818 1602 2868 rietes;
1627 2815 1762 2858 denos
1795 2825 1916 2868 teque
1941 2810 2224 2862 ascensionis,
2263 2808 2353 2851 sive
2390 2805 2688 2850 descensionis

1444 2892 1486 2934 in
1513 2898 1695 2945 utroque
1735 2889 1883 2931 latere.
1924 2885 1976 2928 Et
2002 2885 2082 2928 hoc
2102 2890 2183 2935 est,
2212 2882 2327 2939 quod
2360 2882 2418 2923 ait
2442 2879 2682 2936 Scriptura.

1443 2964 1558 3019 quod
1582 2965 1743 3006 cubitus
1760 2973 1811 3007 ca·
1843 2973 1926 3002 nna
1963 2965 2079 3013 parte
2112 2956 2319 3012 penderet,
2354 2962 2391 2996 et
2411 2953 2518 2995 alter
2547 2964 2598 2995 ea:
2621 2951 2685 2993 al-

1444 3046 1532 3081 tera
1570 3037 1639 3092 qui
1661 3035 1753 3091 plus
1785 3039 1891 3077 esset
1913 3032 1957 3075 ἰη
1995 3043 2190 3086 sagorum
2233 3026 2529 3083 magnitudine,
2575 3025 2685 3066 latus

1442 3120 1660 3164 atrumque
1706 3104 1965 3150 tabernaculi
1993 3111 2207 3159 proteyens
2244 3099 2546 3157 (Exod.xxv1‚
2583 3097 2680 3151 15).

1442 3181 1787 3226 Tabernaeulum
1811 3190 1998 3234 namque
2025 3174 2197 3232 proprie
2219 3178 2345 3216 vocat
2382 3171 2517 3228 ipsam
2551 3167 2684 3211 corti·

1440 3268 1593 3299 narum
1616 3254 1843 3303 facturam,
1870 3251 1960 3294 sive
1983 3248 2347 3303 coniunctionem,
2373 3255 2480 3299 quas
2495 3253 2581 3284 uno
2596 3240 2684 3282 uti·

1441 3339 1523 3383 que
1560 3325 1704 3368 cubito
1732 3322 1974 3366 transibant
2003 3331 2106 3375 saga
2139 3318 2192 3362 ab
2223 3315 2399 3359 australi
2438 3314 2570 3355 latere
2604 3310 2681 3353 do-

118 3421 142 3452 a
161 3411 252 3453 basi
290 3408 445 3452 tabulae
467 3407 596 3449 unius
614 3404 838 3447 meridiani
858 3405 1008 3449 lateris
1038 3418 1174 3460 usque
1197 3405 1250 3448 ad
1282 3406 1359 3447 ha·-
1385 3406 1418 3447 D
1441 3412 1554 3449 mus,
1602 3398 1736 3440 altero
1760 3407 1784 3437 a
1821 3391 2159 3449 septentrionali.
2206 3388 2388 3442 Ideoque
2429 3384 2482 3427 ad
2519 3388 2680 3426 terram

119 3481 199 3525 sim
228 3480 398 3524 tabulae.
424 3491 519 3534 quae
549 3481 668 3520 esset
700 3488 724 3519 e
759 3477 933 3531 regione
955 3477 998 3519 in
1027 3477 1160 3520 latere
1184 3481 1358 3532 septen-

121 3551 317 3598 trionali,
357 3554 527 3594 constat
548 3547 739 3605 profecto
772 3549 968 3592 eumdem
1007 3547 1250 3591 funiculum
1281 3548 1361 3590 tri-

122 3623 239 3677 ginta
261 3616 503 3666 cubitorum
530 3621 811 3678 longitudinis
841 3633 940 3666 csse
970 3621 1152 3671 debere,
1171 3619 1253 3663 hoc
1276 3625 1357 3670 est,

122 3694 267 3737 decem
286 3695 455 3737 cubitos
473 3694 741 3738 ascensionis
761 3695 803 3736 in
822 3692 1061 3736 meridiano
1086 3693 1265 3748 pariete,
1286 3692 1361 3734 de-

123 3778 212 3809 cem
245 3760 350 3811 alios
372 3767 629 3821 aequalitatis
654 3778 825 3810 sursum
849 3766 961 3808 inter
986 3765 1188 3821 parietes,
1213 3764 1359 3806 decem

123 3841 246 3881 tertio
271 3840 568 3883 descensionis
587 3840 629 3881 in
660 3839 823 3894 pariete
856 3836 1198 3892 septentrionali.
1236 3828 1358 3884 Item,

124 3910 162 3953 :si
183 3923 259 3967 per
282 3912 591 3967 longitudinem
615 3912 770 3954 domus
788 3910 1026 3953 funiculum
1049 3909 1278 3952 extendere
1291 3919 1362 3951 ve-

125 3981 196 4034 lis,
222 3985 304 4027 lzoc
326 3990 409 4034 est,
431 3997 454 4026 a
475 3984 654 4028 basibus
677 3984 974 4026 columnarum
1001 3993 1189 4031 sursum,
1215 3985 1265 4022 *et
1287 3991 1364 4034 per

75 4062 88 4112 J
108 4055 431 4119 >longitudinem
462 4056 615 4098 domus
641 4055 775 4098 totius
810 4054 861 4096 ad
894 4051 1201 4095 occidentalem
1226 4060 1363 4105 usque

127 4129 346 4183 parietem,
370 4135 412 4173 et
433 4130 585 4173 deinde
616 4141 755 4184 usque
785 4128 840 4170 ad
859 4128 988 4170 bases
1016 4125 1110 4180 ejus
1141 4125 1361 4173 deorsum,

128 4200 298 4244 habebit
323 4202 540 4244 funiculus
565 4201 636 4244 ille
675 4200 986 4256 quinquaginta
1027 4197 1197 4241 cubitos
1225 4196 1364 4251 longi-

127 4274 314 4318 tudinis:
337 4274 486 4318 decem
515 4273 714 4316 videlicet
751 4271 1017 4315 ascensionis
1055 4270 1180 4324 juxta
1201 4269 1365 4311 colum·
1392 4320 1395 4322 .

129 4357 238 4398 nas,
282 4346 430 4391 decem
479 4345 736 4400 aequalitatis
783 4342 1018 4388 secundum
1054 4340 1362 4397 longitudinem

125 4416 295 4471 doznus,
320 4419 466 4463 decem
499 4430 673 4461 rursum
695 4416 1004 4479 descensionis,
1036 4414 1156 4470 juxta
1193 4412 1362 4456 tabulas

379 4493 594 4538 PA-rnoi„
631 4490 889 4539 cxcviii.

1441 3470 1764 3529 perveniebant,
1779 3467 1879 3522 quia
1910 3466 1979 3508 hic
1994 3463 2171 3519 triginta
2187 3461 2357 3506 cubitos
2382 3455 2677 3512 longitudinis,

1442 3543 1512 3586 ille
1522 3542 1631 3585 duos
1644 3538 1769 3595 355
1788 3530 2137 3580 minus'habebat.
2151 3532 2252 3576 Item
2268 3539 2466 3574 mensura
2479 3537 2682 3581 sagorum⁴

1442 3614 1635 3658 omnium
1657 3624 1733 3666 per
1764 3608 2072 3665 longitudinem
2097 3606 2249 3648 domus
2272 3601 2551 3658 quadraginta
2575 3611 2681 3652 qua-

1441 3693 1541 3730 tuor
1584 3685 1743 3728 cubitis
1769 3678 2251 3732 tendebatnrttriginta
2263 3673 2459 3718 videlicet
2484 3672 2525 3713 in
2537 3681 2681 3725 aequa-

1443 3760 1560 3802 litate
1601 3757 1772 3800 cubitos
1811 3754 1989 3802 habens,
2014 3764 2037 3793 a
2083 3750 2222 3792 fronte
2264 3747 2432 3794 (lomus,
2470 3741 2679 3798 usquead

1442 3828 1731 3874 summitatem
1755 3824 1997 3867 tabularum
2029 3822 2073 3863 in
2095 3822 2217 3876 plaga
2234 3814 2517 3864 occidentali:
2553 3816 2595 3857 et
2612 3823 2680 3854 se-

1443 3910 1559 3958 ptem
1592 3900 1761 3942 cubitos
1784 3894 2070 3952 dependentes
2094 3905 2117 3934 a
2140 3891 2280 3934 fronte
2320 3889 2491 3939 domus,
2527 3891 2570 3929 et
2608 3897 2678 3926 se·

1443 3979 1556 4030 ptem
1574 3971 1769 4016 similiter
1784 3967 2074 4023 dependentes
2096 3965 2138 4006 in
2156 3965 2277 4019 plaga
2291 3959 2562 4005 occidentali.
2586 3956 2679 4000 Sic-

1443 4059 1525 4102 que
1566 4045 1645 4086 suit
1670 4050 1715 4085 ut
1752 4051 1954 4083 mensura
1977 4048 2175 4093 sagorum
2206 4036 2250 4077 in
2273 4031 2526 4077 occidentali
2548 4031 2679 4073 latere

1444 4119 1612 4162 duobus
1647 4115 1805 4158 cubitis
1836 4112 2060 4157 excederet
2091 4120 2335 4152 mensuram
2386 4104 2675 4154 cortinarum;

1444 4193 1545 4248 quia
1580 4190 1783 4234 nimirum
1814 4186 1992 4230 cortinae
2025 4183 2210 4237 desuper
2245 4179 2537 4226 advenientes,
2567 4175 2679 4217 sient

1443 4272 1486 4309 et
1510 4277 1638 4319 supra
1669 4258 2114 4306 commemoravimus,
2134 4255 2322 4310 quinque
2340 4251 2508 4295 cubitos
2537 4248 2677 4302 parie-

1443 4337 1500 4378 tis
1523 4334 1738 4389 tegebant,
1773 4336 1815 4374 et
1865 4328 2054 4383 quinque
2091 4325 2198 4367 alios
2230 4320 2527 4375 relinquebant
2564 4316 2675 4357 intau

1445 4413 1565 4452 ctos:
1592 4413 1633 4450 et
1655 4407 1736 4448 hoc
1772 4408 1852 4453 est,
1887 4400 1998 4455 quod
2022 4398 2206 4442 dicitur:
2235 4393 2358 4449 Quod
2374 4400 2508 4435 autem
2534 4400 2681 4444 super-3

2434 4468 2493 4514 21
