2924 4588
160 165 273 211 723⁸
407 199 411 204 .
539 179 567 213 a

154 338 275 376 cens,
314 326 389 370 sed
419 337 517 368 cum
561 323 743 366 maxima
782 318 993 364 charitate
1018 323 1061 361 et
1095 313 1389 359 benevolentia

155 397 350 441 subditos
374 407 538 451 regens.
562 393 695 437 Boi-ro
710 391 950 435 Alexander
970 389 1139 434 clericis
1181 393 1223 431 et
1247 397 1389 428 mona-

154 465 246 510 chis
271 467 376 510 satis
412 464 586 508 humilis
621 469 662 506 et
687 461 885 511 amabilis
916 465 1024 511 erat,
1045 458 1211 502 caeteris
1243 455 1388 500 subdi·

153 544 294 584 torum
326 549 454 595 supra
473 536 642 579 modum
662 534 894 587 terribilis;
916 533 1045 577 homo
1061 531 1201 587 magni
1227 528 1384 577 cordis,

154 613 266 654 ultra
286 612 396 654 vires
420 621 519 652 suas
548 621 594 652 se
619 607 662 650 in
683 607 882 651 omnibus
904 605 1153 649 extendens.
1187 602 1287 645 Erat
1311 614 1388 644 au-

154 690 239 727 tem
282 683 509 734 litteratus,
552 686 594 723 et
621 681 663 721 in
691 676 943 722 ordinandis
987 675 1199 723 ecclesiis,
1226 678 1268 716 et
1287 673 1388 716 reli-

150 756 264 812 quiis
295 760 538 799 sanctorum
563 749 879 807 perquirendis,
904 749 948 792 in
971 747 1162 791 vestibus
1185 745 1383 791 sacerdo·

148 829 323 878 talibus,
367 826 573 881 librisque
596 824 733 868 sacris
757 820 1034 866 conficiendis
1064 825 1107 864 et
1136 818 1388 863 ordinandis

150 898 493 943 studiosissimus
518 911 528 940 :
554 896 753 940 omnibus
771 892 1094 939 advenientibus
1107 892 1234 935 etiam
1259 905 1402 954 supra·

151 977 262 1017 sires
285 983 387 1016 suas
422 969 766 1022 liberalissimus,
800 969 915 1012 circa
939 977 1149 1022 pauperes
1172 965 1231 1008 ita
1255 965 1386 1009 devo·

150 1052 238 1096 tus,
257 1050 303 1087 ut
327 1044 368 1086 iu
385 1044 502 1086 nulla
520 1054 567 1085 re
586 1041 722 1097 magis
743 1039 945 1084 delectari
969 1050 1098 1094 quain
1122 1038 1239 1081 ineis
1258 1038 1391 1081 susci·

154 1117 339 1174 piendis,
365 1116 578 1166 lavandis,
604 1114 785 1163 alendi8‚
816 1111 1135 1166 vestiendisque
1156 1110 1385 1155 videretur.

148 1185 238 1230 Rex
282 1198 383 1229 vero
414 1183 545 1228 David
586 1194 673 1226 non
723 1180 804 1225 sibi
821 1179 1007 1229 vivebat,
1034 1178 1107 1223 sed
1151 1179 1349 1223 omnibus
1374 1193 1384 1221 ε

147 1257 339 1303 omnium
359 1268 507 1300 curam
538 1267 685 1311 agens,
724 1253 914 1297 omnium
956 1250 1082 1294 saluti
1101 1250 1385 1307 prospiciens,

1030 151 1198 197 Amin
1247 140 1834 209 PnAEnoSS'rnATENSIS
2630 141 2719 188 ἴῃ

154 254 441 312 tyrannicum,
460 252 564 296 nihil
584 246 876 301 durumntihil
894 257 1068 290 avarum
1081 246 1123 287 in
1140 256 1242 294 suos
1264 253 1387 285 exer·
1410 243 1441 287 A
1467 235 1581 291 quod
1602 234 1804 291 superius
1850 232 1903 275 αὖ
1939 230 2155 281 icfflfflfflsv
2181 234 2224 275 0²
2247 229 2495 275 ¹¹⁰¹¹¹¹¹²3bU⁸
2534 239 2720 287 ¹l²¹³²¹¹⁰r
2794 291 2815 302 ..

1471 312 1625 353 horum
1643 307 1982 364 apostolicorum
2002 304 2215 356 diximus,
2233 303 2316 348 hoc
2338 315 2416 360 pet
2433 303 2595 356 omnia,
2611 311 2655 349 ct
2675 305 2720 351 in

1471 383 1554 427 isto
1575 383 1669 426 loco
1686 382 1740 424 de
1758 378 2094 435 imperatoribus
2111 384 2325 429 teneatur,
2351 382 2401 420 ut
2424 377 2478 421 ab
2497 390 2583 421 una
2601 379 2721 424 vide-

1469 454 1569 496 licet
1585 458 1708 508 parte
1730 449 2022 501 Constantini,
2045 461 2181 506 usque
2205 448 2258 492 ad
2277 448 2405 492 aliam
2428 449 2525 504 ejus
2553 457 2720 506 partem
2904 452 2909 498 ἰ

1468 538 1546 582 per
1589 524 1819 568 circuitum
1865 522 2116 567 nominibus
2162 521 2418 578 suppositis,
2461 522 2555 566 sine
2576 523 2721 579 aliquo

1469 597 1611 652 spatio
1636 595 1892 651 interposito
1918 595 2245 650 imperatorum,
2270 598 2312 638 et
2336 606 2484 653 regum
2503 600 2724 651 ponantur
2882 626 2884 661 ;
2906 575 2909 601 ³

1468 670 1647 721 icones,
1687 659 1761 712 sed
1801 666 1887 710 illis
1931 666 2129 712 iconibus
2152 678 2249 722 quae
2279 674 2375 722 post
2389 678 2481 718 eos,
2506 666 2581 722 qui
2605 679 2722 711 nunc

1468 748 1663 798 regnant,
1679 744 1916 796 ponuntur,
1934 739 2111 784 nomina
2149 750 2235 781 non
2268 738 2617 782 subscribantur.
2639 738 2724 796 1ςὶ-
2800 731 2803 733 ’
2882 730 2885 768 3

1468 817 1710 859 tui-horum
1735 812 1985 869 principum
2010 812 2204 862 nomina,
2230 811 2540 866 imperatorum
2564 811 2723 856 videli·
2804 831 2806 834 ·
2882 799 2884 819 ⁵

1467 894 1536 933 cet
1570 886 1883 937 Romanorum,
1905 889 1949 928 et
1974 895 2124 939 regum
2160 882 2447 934 Francorum,
2483 881 2726 939 anglorum,

1468 970 1656 1017 quoque,
1697 964 1741 1002 ct
1781 956 2025 1007 Scotorum,
2066 967 2165 999 cum
2211 955 2479 1011 singulorum
2524 956 2723 1001 iconibus

1468 1046 1600 1090 supra
1622 1030 1805 1088 depictis
1823 1029 1949 1088 ω3
1967 1030 2010 1072 in
2028 1029 2110 1076 hac
2133 1030 2396 1086 quadratura
2436 1029 2626 1086 undique
2646 1042 2721 1087 per

1467 1107 1697 1154 circuitum
1723 1111 1922 1162 porrecta
1946 1104 2178 1148 scribimus
2198 1104 2279 1148 hoc
2300 1104 2442 1148 modo.

1524 1179 1672 1225 CXXl.
1711 1177 2025 1223 Constantinus
2061 1176 2257 1232 Magnus,
2282 1175 2581 1227 Constantius,
2605 1174 2724 1220 Con-

1470 1252 1718 1302 stantinus,
1761 1248 2006 1302 Constans,
2045 1249 2326 1301 Iovinianus,
2371 1248 2719 1302 Valentinianus,

146 1334 289 1375 rector
306 1340 491 1379 morum,
511 1338 669 1370 censor
689 1325 916 1376 scelerum,
931 1323 1136 1367 virtutum
1161 1322 1387 1366 incentor:
1415 1305 1448 1348 Β
1471 1323 1653 1376 Valens,
1678 1321 1927 1374 Gratianus,
1955 1321 2301 1374 Valentinianus,
2330 1321 2618 1374 Theodosius,
2636 1322 2723 1367 Ar-

147 1401 273 1458 cujus
296 1399 380 1444 vita
400 1399 482 1443 suit
503 1398 758 1445 humilitatis
776 1396 929 1447 forma,
946 1395 1126 1451 Justitiae
1148 1395 1387 1451 speculum,

146 1471 362 1517 castitatis
401 1469 748 1525 exemplarzrex
785 1468 958 1523 justus,
994 1479 1070 1511 rex
1112 1472 1390 1531 mansuetus,

144 1556 221 1588 rex
244 1549 406 1595 castus,
441 1555 517 1587 rex
556 1541 744 1585 humilis.
792 1539 897 1593 Quis
915 1538 1041 1585 facile
1087 1539 1243 1584 dixerit
1286 1541 1388 1596 quid

146 1616 345 1661 utilitatis
390 1615 587 1659 humanae
623 1615 721 1658 vitae
765 1612 1010 1663 contulerit,
1045 1620 1250 1669 quantum
1273 1625 1391 1657 man-

145 1688 330 1733 suetudo
359 1687 601 1738 amabilem,
646 1686 811 1742 iustitia
828 1686 1082 1736 terribilem,
1104 1686 1388 1740 compositum

145 1759 342 1809 castitas,
370 1757 590 1802 humilitas
608 1769 878 1802 communem
903 1755 1241 1801 fecerit.11orum
1263 1769 1390 1802 soror

145 1828 362 1872 Mathildis
387 1828 701 1885 gloriosissimo
722 1829 811 1885 regi
837 1828 1070 1885 Anglorum
1105 1828 1253 1884 nupsit
1275 1827 1389 1871 ssen-

145 1900 237 1945 rico
257 1916 268 1944 :
294 1899 347 1944 de
366 1900 490 1955 cujus
527 1900 662 1957 glor-ia
685 1900 944 1953 admirabili,
971 1900 1186 1957 animique
1207 1899 1382 1951 virtute,

146 1985 361 2029 quamque
386 1972 514 2017 suerit
539 1974 582 2016 in
612 1972 760 2018 officiis
790 1973 947 2019 divinis
969 1974 1193 2031 sacrisque
1230 1974 1388 2030 vigiliis

145 2044 322 2090 assidua
384 2057 434 2089 ac
472 2045 640 2098 devota,
684 2046 727 2089 in
774 2051 892 2090 tanta
935 2047 1111 2103 insuper
1154 2053 1383 2104 potestate,

146 2129 275 2174 quam
297 2116 489 2167 humilis,
507 2119 582 2174 qui
607 2119 797 2164 scribere
816 2120 1016 2171 voluerit,
1058 2122 1237 2164 alteram
1261 2121 1386 2167 nobis

145 2189 300 2234 Esther
323 2191 483 2234 nostris
512 2192 775 2247 temporibus
803 2192 1055 2237 declarabit.
1090 2191 1223 2238 Soror
1255 2194 1385 2248 huJ'us

144 2261 421 2313 beatissimae,
469 2261 603 2306 Maria
650 2263 841 2315 nomine,
868 2263 1101 2308 Eustachio
1139 2264 1384 2311 Boloniensi

145 2336 294 2379 comiti
319 2334 503 2379 traditur
533 2337 576 2380 in
620 2349 813 2380 uxorem.
839 2337 897 2381 De
914 2338 993 2382 hac
1014 2338 1095 2383 sibi
1116 2339 1385 2384 excellentis·

146 2403 275 2458 sima,
294 2412 335 2450 et
358 2405 728 2451 christianissima
751 2409 894 2464 regina
934 2414 1034 2455 nata
1060 2414 1126 2454 est
1149 2408 1384 2463 Mathildis,

145 2490 242 2534 quae
264 2479 448 2534 primum
489 2480 739 2536 imperatori
781 2480 993 2533 Romano,
1034 2482 1187 2527 deinde
1211 2485 1392 2530 nobilis-

141 2551 258 2600 simo
293 2553 437 2597 comiti
476 2552 847 2610 Andcgavensium
894 2553 1087 2599 Galsrido
1130 2559 1291 2613 nupsit.
1333 2558 1392 2603 De

141 2623 282 2673 Maria
307 2638 409 2670 vero
432 2631 526 2670 orta
551 2631 617 2670 est
649 2626 880 2678 Mathildis,
916 2640 1011 2683 quae
1029 2630 1181 2685 nuptui
1209 2630 1393 2675 traditur

142 2703 250 2742 tunc
267 2699 418 2746 comiti
440 2698 722 2751 Mauritaniae,
748 2706 896 2754 postea
922 2713 1025 2746 vcro
1049 2702 1137 2758 regi
1155 2701 1390 2759 Anglorum

147 2769 384 2824 Stephano,
412 2769 546 2814 Porro
563 2782 638 2813 rex
656 2769 805 2822 David,
839 2770 1033 2815 tradente
1055 2785 1155 2829 rege
1183 2772 1388 2826 Henrico,

147 2852 326 2884 uxorem
359 2839 481 2887 duxit
519 2839 756 2884 Mathildim
778 2839 906 2883 liliam
930 2839 1110 2886 Wallevi
1134 2845 1322 2900 comitis,
1348 2853 1391 2890 et

145 2911 346 2964 sudabas,
367 2926 461 2970 quae
489 2913 571 2959 suit
602 2914 743 2970 neptis
767 2914 892 2970 primi
915 2915 1030 2971 regis
1067 2914 1303 2970 Wilhelmi,
1338 2917 1392 2963 de

147 2999 232 3043 qua
246 2988 435 3043 suscepit
460 2987 591 3031 lilium
628 2987 876 3039 Hernicum,
912 2995 1182 3034 mansuetum
1208 2996 1251 3034 et
1274 2993 1391 3047 pium

143 3058 381 3110 hominem,
406 3059 550 3104 suavis
572 3060 743 3115 speciei,
763 3066 806 3104 et
822 3060 948 3105 lactei
965 3061 1124 3116 cordis,
1143 3062 1298 3120 dignus
1317 3077 1392 3120 per

147 3131 292 3175 omnia
317 3133 391 3188 qui
416 3132 467 3175 de
486 3131 559 3175 tali
580 3140 936 3188 praenasceretur.

203 3203 332 3251 CXX.
358 3204 448 3249 Hoc
478 3210 620 3248 autem
645 3205 784 3249 sciant
818 3206 1087 3262 inspectores
1115 3207 1293 3264 picturae
1313 3208 1393 3252 hu-

143 3278 363 3335 jus‚quod
387 3278 499 3324 sicut
521 3290 600 3327 nos
622 3290 699 3335 pro
730 3291 780 3333 eo
800 3279 914 3335 quod
939 3279 981 3322 in
1007 3286 1119 3324 terra
1137 3280 1390 3338 Anglorum,

146 3351 255 3395 etin
285 3363 418 3408 regno
449 3350 675 3400 Scotorum
709 3364 877 3403 sumus,
907 3352 1144 3409 Anglorum
1177 3355 1223 3399 in
1261 3368 1327 3406 ea,
1352 3362 1394 3400 et

1471 1397 1648 1447 cadius,
1674 1394 1910 1446 Honorius,
1938 1393 2225 1447 Theodosius,
2247 1395 2502 1447 Martianus,
2526 1394 2722 1441 Valenti·-

1470 1470 1654 1520 manus,
1693 1467 1806 1518 Leo,
1842 1467 1958 1519 Leo,
1991 1466 2135 1512 Zenon
2152 1500 2163 1521 ,
2185 1467 2442 1512 Anastasius
2462 1501 2473 1521 ,
2497 1467 2720 1522 lustinus,

1468 1539 1756 1590 Justinianus,
1779 1538 1995 1590 lustinus,
2021 1539 2241 1592 Tiberius,
2265 1540 2508 1595 Mauritius,
2533 1540 2721 1595 Plioeas,

1470 1612 1693 1660 Heraclius
1713 1644 1726 1663 ,
1763 1611 1988 1657 Heraclius
2005 1643 2018 1664 ,
2064 1610 2346 1660 ReradonaS.
2379 1611 2723 1670 Constantinus,

1470 1684 1811 1735 Constantinus,
1849 1683 2149 1736 Justinianus,
2182 1682 2416 1736 Leontius,
2435 1683 2721 1742 Abismaruz,

1467 1756 1762 1809 lastinianus,
1787 1756 2056 1813 Philippicus
2070 1788 2083 1808 ,
2107 1755 2367 1802 Anastasius
2388 1789 2400 1807 ,
2421 1755 2693 1803 Theodosius
2709 1788 2723 1811 ,

1468 1830 1571 1882 Leo,
1592 1829 1922 1882 Constantinus,
1941 1828 2124 1875 Carolus
2144 1828 2340 1886 Magnus,
2366 1829 2726 1885 Ludovicussso-

1467 1905 1665 1957 marius,
1698 1903 1964 1955 Ludovieus,
1991 1901 2177 1947 Carolus
2194 1936 2206 1954 ,
2235 1902 2504 1960 Arnulphus‚
2541 1902 2726 1950 Ludovi·

1467 1991 1563 2030 cus,
1591 1976 1837 2030 Conradus,
1866 1975 2103 2028 nem-icus,
2139 1974 2269 2027 Otho,
2296 1975 2425 2028 Otho,
2455 1976 2584 2028 Otho,
2610 1976 2726 2024 Hens-

1465 2053 1612 2103 ricuS,
1648 2050 1900 2102 Conradus,
1933 2049 2170 2097 Henrieus.
2208 2049 2442 2100 ilem-icus,
2485 2048 2722 2104 Heuricus',

1465 2124 1712 2175 Letharius‚
1743 2123 1987 2175 Conradus,
2005 2121 2277 2175 Fredericus,
2301 2122 2559 2173 Clodoveus,
2588 2121 2725 2168 Theo·

1466 2195 1642 2240 doricus
1660 2229 1671 2248 ,
1715 2195 2021 2246 Clodomirus,
2069 2187 2397 2246 childebertus,
2441 2194 2691 2240 Clotharius
2709 2228 2721 2248 ,

1465 2270 1775 2321 Charibertus,
1813 2268 2090 2320 Guutranus,
2123 2268 2410 2321 Childericus„
2455 2267 2720 2325 sigebertus,

1465 2339 1715 2385 clotharius
1733 2372 1744 2391 ,
1789 2338 2059 2396 [lagobertus
2079 2371 2090 2389 ,
2131 2339 2402 2390 Clodoveus,
2444 2339 2721 2396 Clotharius,

1471 2409 1785 2462 Theudoricus,
1821 2409 2070 2463 Lotharius,
2102 2410 2408 2465 chidebertus,
2437 2411 2723 2468 Dagobertus,

1470 2482 1761 2535 Childericus,
1797 2483 2111 2537 Theodericus,
2137 2482 2334 2540 Pipinus,
2355 2484 2560 2537 Carolus,
2580 2483 2724 2542 Ludo·

1471 2554 1611 2606 vicus,
1626 2554 1825 2606 Carolus,
1846 2554 2106 2607 Ludovicus,
2124 2554 2323 2607 Carolus,
2342 2554 2614 2612 Radulphus,
2634 2555 2722 2600 Lu·

1470 2625 1667 2679 doricus,
1683 2625 1931 2682 Lotharius,
1944 2626 2206 2688 Ludovicus,
2220 2627 2357 2684 Hugo,
2370 2627 2605 2685 Robertus,
2616 2626 2726 2688 Heu·

1471 2699 1610 2750 ricus,
1636 2698 1881 2757 Philippus,
1909 2701 2171 2753 Ludovicus,
2198 2701 2462 2754 Ludovicus,
2481 2701 2721 2759 Philippus,

1470 2765 1695 2826 Alrredus,
1715 2772 1972 2827 Edwardus,
1993 2774 2272 2826 Adelstanus,
2298 2774 2568 2835 Edmundus,
2590 2774 2726 2821 Edro-

1471 2839 1570 2897 dus,
1599 2844 1823 2899 Edwinus,
1847 2846 2060 2904 Edgmus,
2078 2846 2333 2900 Edwardus,
2357 2847 2614 2900 Edelredus‚
2637 2847 2725 2901 Ed·

1472 2918 1676 2971 mundus,
1707 2918 1892 2971 Cnutus,
1919 2919 2175 2973 Edwardus‚
2195 2919 2424 2973 Haraldus,
2445 2919 2720 2973 Cuilielntus,

1471 2989 1748 3045 wilhelmus,
1771 2993 2000 3046 ilenricus,
2020 2993 2282 3051 Stephanus,
2303 2994 2516 3040 Henricus
2557 2995 2718 3051 Ilenriq·
2755 3011 2758 3014 ’

1471 3074 1565 3117 cus,
1584 3063 1854 3117 Maleolmus,
1875 3065 2087 3122 Edgarus,
2103 3066 2362 3121 Alexander„
2377 3067 2535 3119 David,
2554 3066 2726 3119 Malcol·

1471 3149 1586 3188 mus,
1600 3135 1870 3184 Guilielmus.
1887 3139 2026 3196 Reges
2040 3141 2184 3196 itaque
2199 3140 2450 3197 Anglonum‚
2467 3141 2579 3186 sieut
2595 3153 2726 3198 supe-=

1472 3208 1565 3252 rius
1589 3208 1794 3262 diximus,
1818 3212 1870 3254 ab
1885 3211 2072 3256 Alvredo
2085 3212 2364 3268 producimus
2379 3225 2518 3269 usque
2535 3213 2587 3258 ad
2605 3213 2722 3259 Hen-

1471 3282 1610 3334 ricum
1627 3284 1821 3336 tertium,
1842 3286 1917 3341 qui
1942 3284 2025 3328 suit
2048 3286 2160 3330 iilius
2183 3281 2358 3331 Henrici
2381 3287 2576 3340 secundi,
2597 3289 2725 3344 cuju·

1474 3362 1609 3398 mater
1639 3356 1872 3409 Mathildis,
1912 3358 2037 3414 eujus
2061 3365 2181 3414 pater
2200 3358 2411 3403 Hem-icus
2436 3359 2619 3416 primus,
2645 3373 2723 3404 cu·

150 3421 378 3467 Scotorum
403 3424 626 3479 posuimus
644 3436 782 3481 reges,
803 3424 860 3467 ita
880 3437 1054 3481 quoque
1076 3434 1258 3482 possunt
1286 3427 1385 3484 ipsi,
1414 3430 1447 3472 D
1466 3427 1539 3482 jus
1563 3434 1685 3484 pater
1706 3430 1964 3476 Wilhelmus
1982 3431 2165 3483 Nothus,
2192 3433 2318 3488 eujus
2343 3440 2463 3489 pater
2481 3433 2721 3490 ,Romu-tus,

149 3493 186 3538 ei
211 3493 322 3538 sorte
362 3494 490 3538 aliam
529 3494 764 3539 secundum
791 3495 970 3541 formam
992 3496 1119 3542 istius
1143 3496 1286 3542 facere
1317 3511 1391 3543 vo-

147 3565 326 3620 luerint,
391 3567 521 3610 etiam
565 3566 960 3613 Christianissimos
995 3569 1036 3613 in
1074 3582 1124 3614 ea
1167 3571 1391 3628 regionum

144 3647 326 3681 suarum
358 3648 478 3692 reges
518 3643 616 3692 post
636 3636 900 3682 Francorum
935 3651 1057 3696 reges
1089 3652 1248 3697 ponere
1275 3658 1284 3685 ε
1311 3642 1392 3686 hoc

148 3707 322 3765 quidem
366 3708 577 3753 duntaxat
618 3710 845 3766 diligenter
876 3712 1123 3764 observato,
1148 3719 1195 3759 ut
1239 3726 1391 3771 magua

146 3780 223 3831 illa
239 3780 519 3837 quadratura,
538 3793 633 3836 quae
650 3782 704 3826 ab
718 3795 804 3826 una
820 3789 938 3839 parte
964 3785 1162 3839 imaginis
1179 3786 1392 3831 Constan-

153 3851 235 3899 tini
263 3850 420 3908 Magni,
459 3865 597 3908 usqne
616 3853 669 3896 ad
694 3854 820 3897 aliam
866 3855 959 3909 ejus
984 3858 1233 3913 porrigitur,
1273 3860 1393 3903 Chri·

149 3924 392 3973 stianorum
406 3925 760 3982 regumiconibus
786 3927 1026 3984 impleatur,
1052 3932 1232 3988 singulis
1256 3933 1408 3982 iconiss·

149 3997 234 4044 bus
252 3997 521 4054 singulorum
543 4011 689 4054 regum
722 4001 966 4045 nominibus
989 4015 1119 4059 supra
1154 4005 1388 4063 inscriptis,

149 4068 243 4115 Hoc
267 4074 410 4115 autem
446 4070 698 4120 notandum,
743 4072 857 4128 quod
890 4082 986 4129 post
1016 4083 1153 4131 reges,
1178 4080 1251 4134 qui
1276 4091 1393 4122 nunc

152 4146 356 4200 regnant,
380 4142 567 4198 spatium
606 4146 929 4194 reservandum,
957 4154 1002 4189 ut
1027 4161 1097 4203 per
1118 4150 1199 4193 hoc
1216 4150 1391 4194 eviden-

149 4219 220 4260 ter
241 4214 367 4260 detur
389 4214 585 4273 intelligi,
615 4216 727 4271 quod
745 4216 934 4271 ipsorum
958 4222 1129 4264 nomina
1154 4223 1234 4266 sub
1256 4224 1391 4268 iconi-

151 4290 237 4334 bus
257 4286 541 4344 superpositis
583 4287 626 4331 in
669 4289 829 4333 eisdem
853 4292 1002 4347 spatiis
1025 4294 1248 4339 scribenda
1274 4304 1390 4350 sunt,

154 4359 230 4415 qui
251 4358 317 4405 eit
342 4358 599 4412 suecedent;
624 4360 726 4418 quia
747 4361 828 4419 ipsi
853 4370 970 4414 sunt,
994 4366 1068 4419 qui
1091 4379 1221 4423 regna
1266 4370 1392 4424 primi

154 4430 389 4485 dimittent.
434 4431 506 4494 qui
542 4444 591 4476 ca
634 4432 762 4477 modo
794 4434 928 4477 ultimi
968 4442 1129 4482 tenent.
1155 4439 1205 4483 Et
1231 4441 1392 4487 idcirco

1468 3500 1794 3548 Northmanniae
1823 3518 1985 3555 comes,
2017 3506 2142 3561 cujus
2162 3506 2295 3550 irater
2312 3506 2570 3557 Richardus,
2593 3506 2724 3563 cujus

1471 3581 1593 3630 pater
1625 3573 1887 3632 Richardus,
1924 3579 2052 3634 cujus
2089 3585 2212 3635 pater
2256 3578 2517 3625 wilhelmus
2554 3581 2724 3638 Longa-2

1472 3646 1621 3703 Spata,
1654 3649 1779 3704 quus
1819 3656 1942 3706 pater
1969 3651 2185 3695 Robertus
2204 3683 2216 3702 ‚
2236 3652 2310 3707 qui
2348 3660 2390 3696 et
2427 3651 2551 3697 Rollo
2578 3640 2722 3704 dietus

1475 3727 1557 3771 est,
1586 3727 1628 3764 et
1649 3721 1742 3778 ipse
1766 3722 2230 3767 sibi.Northmanniam
2255 3724 2439 3781 subegit.

1525 3791 1689 3836 cxxu.
1725 3791 1846 3838 Unde
1878 3794 2036 3851 cuique
2056 3795 2170 3838 iconi
2194 3796 2462 3852 singulorum
2491 3797 2723 3854 imperato-

1471 3878 1583 3918 rum,
1619 3872 1661 3909 et
1682 3878 1850 3922 regum,
1893 3880 2078 3923 quorum
2115 3868 2158 3911 in
2191 3868 2273 3912 hac
2306 3869 2473 3925 pictura
2511 3870 2721 3926 imagines

1470 3934 1649 3991 depictae
1686 3944 1803 3989 sunt,
1849 3938 2055 3982 annulum
2097 3940 2252 3984 damus
2282 3939 2327 3984 in
2352 3940 2487 3996 digito
2522 3943 2718 3991 aureum,

1471 4020 1646 4051 auream
1676 4010 1804 4052 etiam
1846 4011 1890 4054 in
1913 4011 2090 4056 dextero
2111 4014 2291 4057 brachio
2314 4014 2542 4064 armillam,
2573 4013 2615 4056 in
2634 4025 2720 4056 uua

1470 4093 1601 4124 manu
1639 4088 1856 4139 sceptrum
1887 4096 2083 4139 aureum,
2115 4092 2158 4130 et
2176 4087 2230 4143 ‘in
2255 4087 2385 4130 altera
2407 4085 2593 4141 gladium
2617 4097 2716 4129 eva-

1471 4154 1663 4210 ginatum
1691 4170 1702 4198 2
1725 4156 1799 4200 sed
1829 4163 1872 4200 et
1894 4158 2091 4202 diadema
2118 4159 2160 4202 in
2185 4160 2326 4214 capite
2347 4171 2542 4209 aureum,
2566 4164 2608 4201 ct
2625 4159 2715 4202 sin-

1472 4228 1595 4283 gulas
1641 4227 1788 4273 icones
1828 4243 2019 4286 purpura
2058 4233 2282 4276 vestimus.
2318 4231 2417 4274 ilaec
2451 4232 2565 4275 enim
2611 4237 2711 4275 sunt

1471 4299 1667 4355 quaedam
1708 4299 1931 4357 dignitatis
1973 4310 2226 4348 ornamenta
2267 4305 2440 4360 regibus
2477 4315 2708 4353 concessa,

1472 4372 1629 4427 quibus
1659 4379 1702 4418 et
1729 4374 1982 4418 excellentia
2018 4376 2186 4420 ordinis
2217 4388 2363 4420 eorum
2390 4377 2647 4426 ostenditur,
2671 4381 2715 4419 et

1475 4451 1791 4490 sacramentum
1816 4449 2009 4505 mysterii
2033 4449 2268 4508 figuratum
2291 4462 2374 4493 non
2394 4450 2532 4494 solum
2555 4448 2712 4504 quippe

2852 2987 2854 2990 -

2843 3243 2855 3262 ῳ
2868 3243 2875 3258 1
2920 3249 2922 3252 ·

2840 3287 2864 3367 3
2922 3332 2924 3334 q
