2924 4588
0 63 2 66 ’
57 66 143 113 235

7 155 18 192 ἶ
57 155 204 201 rituali
236 151 429 210 prosectu
461 151 744 207 praeveniens,
776 155 819 192 et
848 148 1302 204 subsequensimpin-

57 234 187 285 gnata
217 226 313 270 fuit.
339 224 462 279 Quod
496 223 625 268 etiam
649 223 825 266 omnino
850 221 960 277 apud
987 234 1033 264 sc
1068 220 1235 264 firmum
1260 227 1302 264 et

55 300 210 345 stabile
236 298 400 349 habuit,
427 296 501 341 sed
538 309 562 339 a
594 296 721 340 nobi-s
756 296 800 337 in
832 297 922 338 suis
957 293 1063 337 illud
1085 295 1301 341 occultum

3 369 17 427 J⁴
57 372 336 417 interioribus
370 376 556 426 gestans,
597 373 639 411 et
674 366 975 411 absconditum
1014 377 1110 409 esse
1144 365 1295 408 voluit.

19 436 21 438 ¹
56 444 180 488 Modo
202 444 330 487 habet
361 442 405 486 in
441 441 567 484 nobis
602 439 695 484 dies
729 451 832 483 suos
853 439 896 482 in
927 437 1029 490 tide,
1058 438 1159 481 dum
1184 443 1300 480 recte

52 516 299 569 c1·ediinus;
322 516 366 558 in
389 527 480 570 spe,
506 513 607 557 dum
643 513 822 556 tirmiter
856 523 1107 566 speramus,
1142 510 1186 552 in
1219 509 1300 552 do-

6 572 10 573 ⁷
54 589 159 637 iore,
184 588 286 631 dum
318 586 564 630 medullitus
589 584 645 628 ob
675 584 787 627 mala
820 583 1047 638 praesentia
1069 581 1298 635 dolemus;

14 705 21 718 „
54 661 100 706 iu
131 662 302 712 timore,
328 660 430 703 dum
466 659 580 702 mala
610 655 846 708 intuentes,
885 656 1027 699 futura
1059 657 1296 699 timemus:

27 769 30 771 >
55 735 181 780 habet
204 739 248 778 et
267 734 311 777 in
339 731 591 788 poenitentia
614 731 724 774 'dum
746 728 999 785 poenitendo
1022 727 1172 783 culpas
1203 739 1301 783 per-

14 819 31 826 ’·
54 813 242 866 peu-'atas
277 809 495 864 punimus.
537 805 583 848 ln
616 806 785 865 justitia
823 805 926 847 dum
964 814 1194 859 operamur
1224 802 1301 844 bo-

5 870 157 927 ¹stium
191 880 244 923 ad.
273 893 459 930 omnes:
498 880 543 923 in
574 879 746 922 interna
782 875 1162 931 contemplatione,
1198 874 1298 916 dum

49 959 128 1014 'per
148 955 371 1010 speculum
408 954 452 995 in
476 952 719 1007 aenigmate,
752 958 958 1005 quantum
983 949 1029 992 in
1059 948 1141 990 hac
1174 947 1300 990 nobis

3 1023 6 1024 ⁷
49 1037 184 1069 carne
204 1025 379 1069 mortali
407 1022 613 1080 possibile
635 1028 718 1074 est,
748 1021 930 1077 gloriam
952 1018 1122 1062 Domini
1149 1029 1302 1072 specu-

52 1100 208 1143 lamur.
245 1097 360 1149 Hos,
399 1097 600 1152 inquam,
639 1095 681 1138 in
717 1093 846 1138 nobis
875 1093 1004 1136 habet
1039 1091 1130 1135 dies.
1151 1122 1161 1142 ‚
1199 1091 1303 1133 dum

52 1170 277 1213 nobiscum
328 1169 372 1211 in
421 1167 595 1210 Galilaea
636 1165 852 1210 Nazareth
893 1169 1210 1213 commoratur,
1253 1168 1302 1204 ut

51 1234 153 1286 vero
184 1253 282 1284 cum
307 1239 592 1284 ascendentes
626 1251 710 1281 una
745 1251 844 1281 cum
874 1238 963 1287 illa,
992 1249 1015 1278 a
1050 1235 1223 1279 Galilaia
1248 1234 1302 1278 ad

49 1307 241 1358 Judaeam
261 1346 272 1364 ‚
310 1326 335 1356 a
366 1313 578 1358 Nazareth
614 1313 937 1369 pervenerimus
974 1311 1051 1368 [al.
1079 1310 1302 1366 pervenie-

50 1387 165 1445 mus]
196 1388 241 1430 in
273 1386 552 1431 Bethlehem:
581 1387 639 1429 ibi
674 1399 720 1430 se
754 1386 879 1429 nobis
918 1386 1091 1429 exbibet
1130 1386 1303 1440 parien-

34 1459 153 1512 tem,
183 1472 279 1516 quae
311 1471 358 1503 se
395 1460 522 1503 modo
544 1459 717 1504 exbibet
754 1464 1065 1516 praegnantem,
1089 1459 1189 1514 quia
1223 1459 1298 1502 bo·

50 1543 153 1576 num
178 1532 220 1576 id
253 1532 379 1575 nobis
410 1538 540 1588 atque
562 1528 746 1576 'beatum
767 1532 966 1576 ostendet
991 1537 1152 1587 aperte,
1185 1531 1301 1587 quod

46 1605 103 1651 de
123 1607 248 1650 nobis
270 1606 399 1650 modo
419 1607 580 1663 cogitat
604 1607 788 1649 occulte.

34 1665 42 1671 *⁷
105 1675 198 1720 xn.
231 1676 420 1733 {inpletis
447 1677 516 1721 his
544 1678 698 1722 diebus
732 1685 779 1720 ut
803 1678 963 1732 pariat,
990 1678 1300 1722 consummatis

50 1749 250 1794 videlicet
282 1751 375 1802 liis,
411 1751 464 1794 de
498 1751 654 1806 quibus
687 1752 817 1794 locuti
854 1763 1006 1796 sumus
1042 1751 1296 1800 virtutibus,

52 1830 98 1867 ut
127 1823 243 1880 quod
274 1810 346 1867 hic
379 1825 433 1868 de
474 1824 600 1867 nobis
637 1825 797 1876 scntsst,
837 1825 895 1867 ilii
933 1826 1114 1880 aperiat.
1150 1823 1301 1867 Nonne

15 1894 20 1897 ”
52 1901 153 1940 time
175 1897 364 1952 impleta,
385 1896 426 1939 id
455 1904 522 1940 est
555 1897 675 1940 linita
703 1906 744 1942 et
770 1903 1072 1942 consummata
1100 1898 1182 1941 crit
1207 1898 1300 1942 dies

50 1969 166 2022 adei,
202 1982 301 2014 cum
335 1974 456 2021 tunc,
479 1975 527 2013 ut
562 1971 622 2013 ait
643 1970 877 2026 Apostolus
903 1987 912 2014 :
935 1968 1033 2013 Non
1064 1969 1301 2016 ambulabi-

46 2051 140 2087 mus
167 2055 241 2099 per
267 2042 408 2099 fidem,
440 2042 511 2086 sed
534 2057 747 2087 curremus
778 2057 851 2100 per
883 2044 1092 2099 speciem?
1112 2042 1181 2101 (11
1198 2041 1296 2087 Cor.

48 2124 90 2168 v,
116 2115 176 2172 7.)
215 2113 287 2158 Sic
311 2122 352 2159 et
375 2117 466 2160 dics
502 2117 594 2172 spei
631 2121 733 2165 tune
771 2115 1161 2172 finieiur‚‘quando
1179 2114 1301 2159 vide-

49 2187 190 2234 bimus
220 2189 335 2245 quod
365 2189 492 2232 modo
523 2203 766 2246 speramus,
800 2196 843 2234 et
873 2191 1000 2248 plene
1026 2189 1297 2241 habebimus,

49 2261 161 2318 quod
185 2275 260 2319 per
282 2263 533 2318 patientiam
569 2271 887 2320 exspectamus.
915 2262 1110 2307 Finictur
1128 2273 1300 2318 quoque

47 2325 91 2381 et
113 2336 206 2380 dies
239 2337 400 2382 doloris
433 2346 474 2383 et
505 2338 694 2390 timoris,
728 2345 768 2382 et
805 2337 982 2394 fulgebit
1017 2338 1059 2380 in
1088 2342 1299 2381 aeternum

47 2404 138 2453 cies
159 2411 302 2466 gaudii
339 2418 381 2454 ct
407 2411 670 2456 securitatis.
705 2411 996 2455 Nihilominus
1031 2410 1124 2454 dies
1159 2410 1299 2467 poeni-

50 2485 192 2527 tentiae
225 2484 442 2537 finientur,
475 2486 578 2541 quia
612 2486 780 2528 nullum
810 2485 992 2528 ulterius
1016 2486 1153 2540 culpae
1181 2498 1299 2527 mor-

50 2564 145 2600 sum
185 2556 230 2599 in
267 2558 532 2601 conscientia
568 2557 820 2607 sentiemus.
858 2564 906 2599 ut
942 2556 1150 2612 poenitere
1186 2556 1298 2599 indi-

40 2636 238 2686 geamus.
271 2629 602 2676 Misericordiam
622 2663 633 2680 ,
663 2636 712 2678 ut
746 2631 805 2672 ait
840 2628 1098 2682 Psalmista,
1132 2636 1171 2670 et
1193 2629 1293 2671 veri-

31 2703 175 2746 tatem
207 2704 297 2759 ejus
341 2705 432 2760 quis
460 2705 680 2760 requiret?
732 2702 870 2761 (Psal.
921 2715 998 2754 Lx,
1029 2702 1072 2759 8)
1107 2715 1194 2746 non
1227 2716 1298 2745 re-

48 2777 218 2832 quirent
240 2783 343 2820 tunc
361 2779 585 2826 veritatem
609 2776 899 2834 promittentis
918 2784 1158 2832 sperantes,
1177 2776 1297 2832 quid-

50 2850 151 2907 quid
174 2852 368 2905 promisit
391 2851 478 2905 jam
502 2852 626 2906 plene
649 2856 859 2894 tenentes.
884 2849 956 2894 Sic
974 2862 1054 2894 nec
1076 2851 1297 2905 requirent

51 2921 388 2965 inisericordiam
415 2922 674 2964 remittentis
693 2921 950 2976 prenitentes
972 2936 981 2963 :
1003 2920 1110 2962 nibil
1129 2919 1181 2962 ad
1201 2931 1296 2962 rea-

49 2997 138 3042 tum
162 2995 379 3049 pertinens
405 2995 458 3038 de
483 2995 700 3050 prieterito
724 3007 808 3037 non
834 2993 1046 3037 indultum
1069 2993 1292 3043 habentes,

52 3065 156 3110 nihil
193 3080 270 3123 pro
295 3062 399 3123 'quo
437 3067 782 3111 misericordiam
815 3079 994 3110 necesse
1035 3066 1192 3108 habetat
1226 3077 1295 3108 re-

35 3138 217 3199 quirere
249 3153 300 3182 cx
332 3144 435 3184 tunc
467 3140 799 3183 committentes.
835 3138 938 3182 Dies
967 3138 1139 3181 linietur
1160 3137 1293 3192 justi-

51 3202 134 3259 tiae.
170 3221 211 3256 et
245 3214 414 3258 linietur
447 3212 539 3257 dies
573 3214 733 3269 gloriae,
769 3213 813 3255 in
845 3225 930 3268 quo
965 3218 1174 3256 metemus
1207 3223 1293 3252 non

52 3283 317 3337 deficientes,
350 3286 464 3341 quod
497 3287 625 3328 modo
660 3285 923 3329 seminamus
961 3300 970 3327 ;
1012 3296 1111 3327 nam
1148 3283 1192 3325 in
1225 3282 1293 3324 die

50 3345 223 3412 justitiae
258 3358 597 3403 seminamus-in
641 3359 796 3413 spiritu
818 3390 828 3407 ,
863 3362 906 3401 et
948 3357 993 3400 in
1037 3356 1109 3400 die
1147 3355 1292 3411 gloriae

53 3437 257 3476 metemus
291 3433 420 3474 vitam
454 3438 674 3475 aeternam.
708 3430 1095 3486 Contemplationis
1134 3429 1294 3472 nihilo-

55 3503 191 3551 minus
221 3504 314 3548 dies
361 3504 562 3556 finietur,
609 3505 652 3546 in
688 3517 772 3560 qua
815 3517 932 3547 nunc
965 3503 1173 3551 ‚videmus
1218 3515 1295 3557 per

56 3574 271 3632 speculum
307 3578 351 3621 in
383 3579 636 3634 aenigmate,
669 3585 712 3622 et
747 3578 948 3623 succedet
988 3576 1048 3619 illi
1083 3577 1174 3620 dies
1209 3582 1292 3619 ista

57 3646 258 3694 claritatis
280 3650 581 3703 indeficientis,
602 3652 648 3694 in
671 3652 756 3708 qua
783 3651 1027 3695 videbimus
1061 3663 1157 3694 eum
1185 3649 1293 3692 facie

57 3720 110 3764 ad
141 3722 291 3767 faciem
327 3723 371 3774 (1
393 3723 488 3768 Cor.
525 3737 625 3775 xm,
654 3725 742 3781 ia).

107 3793 213 3840 xiii..
245 3796 321 3841 His
349 3797 500 3841 diebus
528 3798 730 3852 impletis,
749 3798 817 3841 liis
837 3797 1037 3840 videlicet
1058 3797 1291 3841 virtutibus

57 3870 363 3921 renuntiantes,
386 3871 522 3925 pariet
557 3868 688 3913 Maria
724 3871 858 3913 filium
885 3870 1112 3914 :ostendet
1137 3871 1289 3926 gratia,

0 3929 4 3999 ζ
58 3950 179 3994 qnam
215 3941 285 3985 hic
322 3954 422 3998 erga
451 3943 534 3999 91
570 3955 649 3987 nos
690 3943 899 3986 occultam
935 3943 1084 3985 habuit
1117 3949 1292 3987 senten-

79 4010 155 4055 ‘nm
178 4015 312 4069 pacis,
336 4019 379 4059 et
408 4015 626 4060 immobile
653 4022 815 4060 nostrae
846 4016 1071 4060 electionis
1096 4016 1292 4072 proposi-

85 4087 88 4090 ’
151 4117 160 4128 .
183 4084 306 4139 Quod
325 4089 496 4144 quidem
521 4090 806 4145 propositum,
832 4088 1034 4145 quoniam
1067 4089 1293 4147 pacificum

88 4154 125 4200 ic
145 4169 245 4216 erga
266 4171 346 4203 nos
370 4160 535 4211 habuit,
554 4168 659 4204 tunc
679 4162 803 4217 plene
825 4161 1098 4211 monstrabit,
1120 4161 1293 4218 quando

110 4227 210 4272 udio
230 4229 310 4274 nos
331 4228 494 4275 aeterno
524 4233 831 4276 remunerabit.
860 4233 982 4277 Unde
1016 4239 1058 4278 et
1092 4234 1163 4277 hic
1184 4233 1293 4277 diei-

80 4308 135 4358 ur
161 4315 171 4342 z
208 4300 261 4343 Ee
298 4305 446 4357 pannis
473 4316 567 4346 enm
597 4306 790 4356 invoivit,
820 4311 860 4348 et
889 4305 1102 4349 reclinavit
1127 4319 1217 4349 eum
1250 4307 1293 4348 in

106 4375 249 4429 mepta
278 4375 398 4432 (Lam
427 4389 476 4426 n,
503 4377 560 4433 7).
585 4376 707 4429 Quod
733 4386 835 4422 tunc
859 4378 1175 4435 quodammodo
1201 4379 1288 4432 fiet,

304 4451 518 4499 Parnon.
564 4452 828 4505 cxcviii.-

812 32 1120 113 srnnonss.·
1148 83 1206 94 .-
1231 56 1286 102 tu
1315 56 1406 102 nn:
1430 58 1665 103 NATALts
1692 43 1897 106 ιιοιιιιιι.

2547 56 2628 109 ⁴22*ss

1325 151 1361 196 Α
1382 152 1430 191 ιιι
1463 149 1663 193 videlicet
1699 149 1814 205 quod
1852 150 1896 192 in
1923 154 2048 194 utero
2079 150 2267 206 portavit
2305 150 2437 196 maria
2475 156 2629 209 panms

1386 219 1592 271 involvat,
1627 226 1671 263 et
1704 221 1914 276 praesepio
1953 221 2154 274 reclinet;
2192 223 2382 279 quando,
2418 233 2546 280 prout
2576 226 2630 271 de

1383 291 1510 335 nobis
1543 291 1583 334 in
1615 293 1816 348 praesenti
1842 299 1980 336 mater
2008 294 2147 349 gratia
2179 294 2339 350 cogitat
2367 295 2630 341 delectalili·

1383 363 1465 407 bus
1488 370 1660 408 aeternae
1688 364 1906 409 felicitatis
1931 365 2231 420 suavitatibus,
2256 374 2298 411 et
2321 369 2526 412 suavibus
2549 382 2629 414 nos

1382 435 1667 478 circumdabit
1701 435 2088 488 delectationibus,
2125 438 2171 480 in
2205 450 2403 493 supernae
2439 453 2519 485 nos
2556 440 2629 484 illo

1382 509 1532 562 patriae
1563 520 1776 564 reponens
1805 517 1973 553 secreto
2021 509 2086 553 Aul
2111 511 2193 555 hoc
2222 513 2436 568 pertinere
2459 515 2631 558 valetut-

1381 592 1510 624 verax
1532 581 1605 623 illa
1626 581 1740 624 beati
1759 580 1938 626 Ioannis
1962 585 2170 635 assertio,
2193 591 2236 629 et
2261 586 2355 628 laeta
2381 588 2627 641 promissio,

1380 664 1478 708 quae
1496 653 1597 697 talis
1618 660 1685 697 est
1707 669 1716 697 :
1742 653 1866 697 Nunc
1894 655 1977 711 filii
2001 655 2079 700 Dei
2099 670 2257 709 sumna,
2288 665 2327 701 et
2350 660 2531 701 nondam
2556 674 2629 716 ap·

1378 725 1522 780 paruit
1544 724 1652 780 quod
1673 728 1859 777 crima&
1878 728 2029 771 scimus
2045 731 2240 784 quoniam
2259 744 2351 774 cum
2368 733 2626 787 apparuerit,

1381 796 1538 839 similes
1562 798 1600 839 ei
1622 798 1793 850 erimus,
1818 801 2016 855 quoniam
2049 800 2276 845 videbimus
2306 815 2399 845 eum
2422 805 2545 846 sicuti
2568 811 2629 847 est

1382 867 1568 925 (1·Ιοαη.
1588 881 1655 920 ιιι,
1672 870 1735 928 9.);
1758 871 1840 914 hoc
1861 878 1927 915 est
1955 872 2098 917 dicere
2120 889 2128 916 :
2154 887 2269 918 nunc
2303 876 2356 918 de
2377 875 2549 919 Galilaea
2577 877 2630 919 ad

1379 941 1588 996 Judaeam,
1611 943 1664 988 de
1685 943 1898 989 Nazareth
1921 948 2253 991 conscendimus
2284 948 2340 992 ad
2362 949 2627 1001 Bethlehem,

1381 1016 1630 1072 quicunque
1645 1040 1648 1043 ⁴
1665 1015 1717 1061 de
1739 1015 1868 1061 domo
1891 1030 2041 1062 sumus
2065 1031 2115 1063 ac
2144 1020 2304 1064 familia
2327 1021 2478 1066 David.
2513 1021 2631 1067 Non·-

1382 1090 1484 1132 dum
1513 1095 1691 1146 apparet
1712 1091 1829 1147 quod
1852 1092 2030 1143 erimus,
2072 1094 2187 1148 quod
2221 1106 2449 1151 praegnans
2487 1102 2633 1151 portat

1383 1168 1536 1212 mater,
1561 1174 1661 1205 cum
1685 1175 1769 1219 qua
1792 1164 2091 1219 ascendimus3
2111 1166 2215 1222 quid
2239 1167 2343 1210 illud
2360 1169 2431 1212 sit.
2456 1168 2630 1213 Scimus

1325 1235 1358 1278 B
1382 1236 1586 1290 quoniam
1609 1237 1783 1291 quando
1808 1237 2102 1294 implebuntur
2139 1239 2231 1284 dies
2268 1241 2362 1297 ejus
2395 1248 2443 1285 ut
2472 1245 2629 1299 pariat,

1382 1308 1520 1365 pariet
1543 1308 1693 1360 filium,
1720 1314 1763 1353 et
1787 1311 1941 1365 pannis
1966 1324 2063 1355 cum
2098 1313 2302 1366 involvet,
2328 1320 2371 1358 et
2403 1316 2631 1359 reclinabit

1381 1402 1478 1433 eum
1516 1390 1558 1432 in
1598 1390 1823 1446 praesepio.
1868 1389 1921 1433 Ei
1958 1383 2036 1433 cnr
2071 1401 2159 1432 non
2207 1388 2278 1430 hic
2317 1393 2454 1431 mater
2493 1389 2632 1445 gratia

1381 1462 1585 1512 ostendit,
1613 1463 1728 1519 quod
1753 1463 1805 1507 de
1834 1463 1961 1508 nobis
1995 1461 2152 1506 sentit?
2175 1460 2271 1504 ideo
2293 1465 2409 1504 certe
2437 1461 2537 1516 quia
2560 1460 2631 1503 hie

1382 1535 1425 1576 in
1449 1536 1600 1579 exsilio
1631 1546 1798 1588 sumus,
1824 1548 1910 1579 non
1939 1535 1984 1578 in
2005 1547 2138 1591 regno
2160 1550 2170 1578 z
2194 1535 2239 1576 in
2260 1533 2344 1586 via,
2367 1546 2455 1577 non
2482 1534 2525 1576 in
2556 1546 2631 1589 pa-

1382 1609 1465 1649 tria
1486 1624 1495 1650 z
1522 1620 1608 1651 non
1630 1608 1675 1650 in
1698 1609 1864 1664 requie,
1887 1607 1963 1651 sed
1987 1607 2032 1650 in
2056 1608 2218 1649 labore.

1435 1679 1547 1724 XIV.
1579 1680 1631 1723 Et
1669 1681 1866 1725 hinc-est
1902 1678 2020 1736 quod
2048 1679 2286 1723 reclinatur
2323 1679 2367 1722 in
2403 1678 2627 1735 praesepio,

1380 1755 1479 1811 quia
1505 1767 1590 1797 non
1616 1760 1708 1798 erat
1730 1754 1792 1797 illi
1814 1754 1939 1797 locus
1958 1753 2008 1796 inv
2026 1753 2283 1796 diversorio.
2305 1751 2412 1795 Tota
2431 1752 2519 1795 vita
2553 1765 2630 1795 no-

1382 1834 1469 1871 stra
1493 1829 1615 1883 quasi
1642 1827 1856 1883 quoddam
1882 1826 2167 1870 diversorium
2190 1825 2315 1869 nobis
2338 1832 2419 1868 est.
2449 1824 2630 1877 Quando

1382 1901 1466 1944 huc
1493 1902 1710 1945 nascendo
1727 1901 1940 1951 venimus,
1967 1900 2051 1943 huc
2074 1898 2245 1955 quidem
2269 1899 2553 1951 divertimus;
2588 1904 2631 1942 et

1382 1973 1435 2016 ad
1460 1974 1540 2017 hoc
1564 1973 1818 2018 divertimus
1835 1972 1935 2024 huc,
1957 1979 2003 2015 ut
2027 1972 2095 2014 hic
2114 1972 2164 2015 ad
2184 1977 2353 2026 tempus
2372 1972 2523 2022 simus,
2541 1984 2630 2014 non

1381 2046 1425 2088 in
1445 2052 1652 2090 aeternum
1686 2058 1952 2090 maneamus.
1991 2044 2067 2089 Est
2098 2046 2242 2103 itaque
2277 2046 2367 2089 hacc
2399 2046 2486 2088 vita
2521 2046 2632 2102 prac-

1381 2132 1482 2165 sens
1504 2121 1832 2164 tabernaculum
1862 2120 2107 2172 militantis,
2130 2132 2218 2163 non
2242 2120 2489 2163 cubiculum
2509 2121 2629 2175 quie·

1382 2194 1572 2239 scent1s:
1606 2195 1823 2239 stabulum
1859 2195 2053 2246 viatoris,
2077 2206 2168 2238 non
2186 2194 2339 2238 domus
2365 2194 2633 2239 inhabitato·

1381 2268 1469 2312 ris:
1494 2268 1758 2323 ergastulum
1777 2267 1956 2320 exsulis,
1979 2280 2067 2311 non
2090 2267 2260 2312 mansio
2285 2267 2392 2311 civis
2412 2282 2422 2311 ε
2442 2268 2631 2312 diverso-

1381 2341 1491 2385 rium
1517 2341 1701 2397 deniquc
1732 2342 1993 2392 itinerantis,
2031 2354 2115 2384 non
2138 2341 2235 2384 aula
2274 2340 2504 2385 manentis.
2534 2339 2629 2384 Non

1378 2420 1444 2459 est
1460 2427 1563 2472 ergo
1575 2415 1698 2458 locus
1717 2414 1860 2458 Mariae
1873 2415 1915 2457 in
1931 2414 2187 2465 diversorio,
2204 2413 2280 2457 scd
2292 2413 2472 2457 reclinat
2496 2414 2627 2457 tilium

1379 2501 1503 2533 suum
1529 2489 1573 2531 in
1598 2490 1821 2545 praesepio.
1847 2485 1955 2541 Quia
1980 2500 2217 2543 congruum
2245 2500 2330 2538 non
2348 2493 2415 2531 est
2436 2494 2482 2530 ut
2506 2487 2630 2531 vobis

1379 2567 1606 2619 praestetur
1635 2562 1678 2605 in
1703 2562 1873 2613 exsilio,
1908 2562 2023 2617 quod
2060 2562 2292 2605 donabitur
2323 2562 2366 2604 in
2388 2572 2538 2617 regno,
2581 2567 2628 2603 ut

1377 2636 1491 2679 enim
1517 2635 1575 2678 ait
1599 2635 1862 2690 evangelista
1884 2650 1895 2678 :
1933 2633 2030 2677 Non
2056 2642 2190 2689 potest
2213 2635 2318 2690 fullo
2341 2634 2478 2689 [acere
2505 2636 2628 2677 vcsti-

1377 2715 1514 2751 menta
1531 2706 1632 2750 Jesu
1652 2715 1736 2750 tam
1763 2707 1861 2750 alba
1887 2705 2039 2765 (Marc.
2076 2721 2136 2759 tx,
2169 2708 2229 2763 Ξ),
2266 2709 2377 2751 sicut
2402 2713 2623 2764 apparent,

1379 2782 1551 2838 qifiando
1573 2783 1617 2826 in
1643 2787 1788 2825 monte
1806 2781 2150 2836 transfiguratur.
2170 2779 2222 2823 Et
2241 2782 2338 2837 quis
2360 2790 2425 2825 est
2448 2783 2528 2825 iste
2542 2781 2626 2824 sul-

1377 2860 1433 2907 lo,
1461 2857 1546 2901 nisi
1566 2857 1664 2906 iste.
1683 2855 1736 2900 de
1759 2869 1845 2912 quo
1867 2854 2096 2900 psalmista
2117 2869 2162 2900 sc
2185 2855 2288 2899 dicit
2310 2856 2624 2913 aspengendum

1376 2929 1580 2986 hyssopo,
1616 2935 1660 2971 ut
1682 2927 1914 2971 mundetur
1934 2942 1944 2978 ;
1967 2932 2008 2970 rt
2032 2927 2258 2970 lavandum
2274 2933 2321 2970 ut
2344 2928 2625 2983 supernivem

1375 3000 1627 3044 dealbetur?
1649 2998 1844 3053 (Psal.1„
1870 2998 1933 3046 9Ᾰ
1959 2998 2068 3043 Vere
2085 3006 2149 3049 tu,
2175 2998 2354 3042 Domine
2375 2999 2494 3051 Jesu,
2519 2999 2624 3043 fullo

1375 3078 1522 3116 noster
1543 3084 1608 3123 es,
1635 3072 1708 3128 qui
1729 3083 1809 3115 nos
1833 3070 2016 3115 mundos
2035 3083 2131 3115 csse
2149 3073 2324 3123 asseris,
2344 3078 2517 3128 propter
2532 3085 2624 3115 ser-

1373 3158 1544 3189 monem
1578 3157 1705 3200 quem
1728 3144 1900 3187 locutus
1935 3155 1982 3188 es
2022 3144 2148 3187 nobis
2184 3141 2326 3197 (Joan.
2361 3156 2435 3193 xv,
2464 3144 2524 3200 5).
2558 3142 2622 3186 Tu

1373 3220 1486 3262 euim
1506 3230 1585 3263 nos
1605 3218 1649 3262 in
1673 3217 1874 3274 praesenti
1897 3222 2009 3261 statu
2027 3223 2191 3267 nostro,
2211 3215 2351 3259 infusa
2371 3227 2481 3271 aqua
2503 3226 2622 3259 com·

1373 3293 1620 3349 punctionis
1645 3294 1685 3334 in
1710 3290 1821 3346 pelvi
1847 3290 2003 3333 mentis
2027 3296 2202 3339 nostrae,
2230 3290 2381 3332 timore
2408 3294 2449 3331 et-
2473 3299 2622 3332 amore

1318 3378 1353 3423 ο
1375 3367 1605 3411 conculcas
1644 3377 1750 3409 nos:
1791 3369 1833 3407 et
1871 3363 1934 3407 sic
1972 3362 2146 3406 fullonis
2166 3375 2296 3418 agens
2329 3360 2532 3411 officinm,
2570 3371 2622 3403 ac

1378 3439 1557 3497 proinde
1585 3437 1761 3481 fullonis
1781 3442 1929 3492 portas
1950 3436 2224 3484 vocabulum,
2255 3433 2486 3476 ablutionis
2510 3443 2621 3488 aqua

1376 3514 1627 3558 vestimenta
1652 3516 1726 3552 tua
1750 3509 2003 3553 emundans.
2030 3507 2180 3550 Nonne
2202 3518 2282 3549 nos
2298 3506 2618 3548 tuavestimen-

1376 3593 1416 3628 ta
1440 3597 1607 3634 sumus,
1647 3583 1804 3638 quibus
1829 3593 1906 3637 per
1936 3580 2076 3631 iidem,
2106 3591 2201 3634 quae
2234 3590 2310 3633 per
2347 3576 2618 3621 diiectioncm

1373 3662 1592 3712 operatur,
1617 3654 1842 3698 indueris?

1429 3722 1519 3773 XV.
1540 3728 1637 3773 llaec
1662 3728 1806 3783 itaque
1823 3726 2077 3770 vestimenta
2101 3730 2175 3765 tua
2197 3722 2387 3778 qnotidie
2421 3721 2619 3766 dealbare

1374 3803 1565 3859 dignaris
1582 3800 1804 3846 effundens
1828 3810 1957 3854 super
1979 3810 2030 3856 ea
2064 3810 2217 3852 aquam
2250 3796 2454 3839 mundam
2485 3797 2618 3839 inter-

1374 3889 1438 3920 nae
1455 3873 1874 3930 compunctionis‚ut
1896 3869 2158 3913 mundentur
2182 3869 2237 3911 ab
2260 3867 2615 3923 omnibusinqui·

1373 3948 1584 3991 numentis
1602 3946 1709 3990 suis.
1734 3943 1818 3987 Sed
1835 3943 1932 3999 quis
1956 3942 2002 3985 in
2022 3942 2104 3985 hac
2117 3942 2204 3985 vita
2230 3947 2395 3985 tantum
2414 3939 2610 3984 mundari

1371 4021 1498 4070 valet,
1524 4023 1571 4060 ut
1587 4017 1691 4060 nibil
1714 4015 2005 4059 mundandum
2023 4014 2066 4057 in
2092 4026 2139 4058 se
2158 4013 2335 4057 habeat?
2358 4025 2474 4064 nam,
2493 4017 2539 4054 ut
2551 4010 2609 4053 ait

1375 4091 1597 4142 Salomon,
1621 4089 1718 4146 quis
1739 4093 1880 4145 potest
1901 4087 2075 4131 dicere:
2105 4084 2308 4130 Mundum
2335 4086 2606 4136 estmiln’cor,

1371 4177 1499 4219 parus
1533 4156 1625 4206 sum
1652 4175 1678 4204 a
1712 4163 1913 4217 peccato?
1938 4159 2081 4215 (Pron.
2122 4172 2182 4209 ix,
2219 4158 2310 4216 20.)
2330 4157 2475 4215 itaque
2511 4161 2610 4201 sunt

1371 4236 1519 4279 mundi
1543 4234 1623 4278 viri
1637 4233 1793 4284 sancti,
1807 4232 2062 4276 vestimenta
2077 4230 2262 4283 Domini,
2280 4237 2323 4275 et
2340 4230 2478 4273 adhuc
2490 4240 2612 4271 mun·

1373 4307 1530 4359 dandi;
1553 4305 1667 4362 quod
1689 4305 1860 4361 quidem
1873 4306 1932 4347 ita
1953 4317 2050 4348 esse
2060 4310 2103 4347 et
2120 4305 2211 4359 ipse
2229 4303 2433 4346 Dominus
2450 4301 2607 4351 innuit,

1372 4381 1445 4438 qui
1467 4374 1700 4436 discipulos
1719 4389 1821 4422 suos
1846 4377 2029 4421 mundos
2053 4389 2148 4421 esse
2163 4376 2373 4426 asseruit,
2400 4381 2608 4418 eteorum

2449 4449 2483 4503 8

1320 2298 1356 2348 C
