2924 4588
248 176 268 199 ι
402 200 405 203 .
533 179 561 214 ς

219 218 327 268 «271
747 261 775 289 ,

218 394 400 430 mortem
423 385 597 437 Josu00
625 397 710 428 non
747 383 863 426 enim
889 380 984 425 ausi
1006 379 1183 423 fuerunt
1211 378 1285 420 filii
1315 377 1461 429 lsrael,

218 471 271 502 eo
297 459 483 509 vivente,
520 463 667 512 aperte
700 453 903 500 recedere
934 466 961 498 a
984 452 1099 505 Deo,
1131 464 1212 495 uos
1237 451 1340 494 illud
1360 449 1464 496 loco

219 542 298 574 suo
318 529 643 583 explicabimus.
670 540 673 542 ’

220 603 322 644 CAr.
350 599 460 643 va
487 601 548 642 De
566 600 718 654 foedere
739 597 850 654 quod
867 599 1015 639 slat-uit
1037 596 1215 652 populus
1234 595 1290 637 ad
1309 594 1462 638 Deum.

275 672 454 715 Evoluto
484 680 626 714 autem
655 670 791 712 multo
810 676 1002 723 tempore
1025 666 1302 723 congregavit
1330 664 1465 711 Josue

221 755 391 787 omnem
414 742 542 786 lsrael
567 743 608 784 in
631 743 819 791 sichem,
849 751 891 786 et
923 741 984 785 ait
1008 755 1019 783 ε
1045 739 1135 796 Ego
1165 739 1294 784 hodie
1317 739 1464 796 ingre·

219 816 315 859 dior
340 815 452 858 viam
481 826 693 857 universae
726 814 887 866 carnis,
929 820 971 855 et
999 813 1093 855 scio
1122 824 1201 855 vos
1225 823 1386 867 pronos
1411 812 1465 857 ad

219 886 474 929 irritandum
512 883 663 927 Dcnm.
691 898 707 924 ο
737 883 888 940 Eligite
907 884 1050 935 bodie,
1077 886 1190 938 quod
1215 883 1370 939 placet,
1395 887 1465 928 cui

219 952 493 1007 potissimum
517 953 677 995 servire
698 952 908 1005 debeatis,
933 958 1076 995 uirum
1100 951 1181 998 diis
1205 953 1362 1010 quibus
1379 966 1463 999 ser·

219 1024 390 1066 vierunt
409 1031 552 1078 patres
571 1023 758 1067 restriin
781 1022 1106 1079 Mesopotamia.
1130 1036 1183 1067 an
1207 1025 1292 1068 diis
1308 1025 1467 1070 Amor-

217 1096 451 1148 rhaeorum,
479 1096 520 1138 in
541 1108 725 1151 quorum
753 1105 866 1140 terra
891 1097 1112 1149 habitatis,
1149 1110 1228 1154 ego
1251 1106 1395 1144 autem
1415 1108 1459 1145 et

219 1170 378 1213 domus
413 1181 507 1212 mea
545 1171 783 1214 serviemus
809 1170 1010 1215 Domino.
1046 1187 1063 1213 ι
1091 1171 1142 1215 Et
1161 1174 1221 1216 ait
1242 1177 1427 1230 populus
1452 1190 1463 1219 :

222 1241 408 1285 Domino
431 1245 696 1295 serviemus,
724 1243 837 1287 absit
858 1250 906 1286 ut
943 1244 997 1287 ab
1020 1255 1071 1287 eo
1108 1244 1388 1290 recedamus!
1412 1247 1464 1297 Et

219 1315 326 1363 dixit
343 1314 507 1359 Josue:
533 1314 683 1360 Testes
709 1328 785 1359 vos
810 1315 932 1369 estis,
966 1317 1068 1372 quia
1109 1318 1237 1361 hodie
1272 1307 1462 1376 elegistis

219 1387 341 1432 vobis
373 1386 618 1430 Dominum.
660 1387 712 1430 Et
749 1388 1094 1444 responderunt:
1125 1388 1274 1434 Testes
1312 1404 1466 1438 sumus

220 1458 328 1515 (Ios.
360 1460 495 1509 xxiv).
522 1459 571 1503 Et.
594 1461 882 1503 ascenderunt
909 1462 949 1503 in
978 1459 1086 1514 Silo,
1129 1470 1176 1506 ut
1202 1472 1362 1507 starent
1388 1478 1464 1509 co-

218 1541 310 1574 ram
335 1530 529 1574 Domino.
559 1531 862 1588 percussitque
884 1534 1070 1588 populus
1103 1535 1145 1577 in
1180 1535 1248 1579 die
1284 1536 1358 1579 illa
1383 1537 1465 1581 ἰω-

219 1603 302 1645 dus
323 1615 422 1645 cum
442 1602 643 1653 Domino,
664 1603 706 1646 et
727 1604 768 1646 ln
806 1605 978 1660 signum
1002 1604 1179 1649 loetleris
1213 1606 1363 1650 effudit
1386 1607 1464 1651 Jo-

219 1687 300 1718 sue
344 1684 500 1731 aquam
549 1688 681 1731 super
715 1683 892 1720 terram.
933 1673 1027 1720 Mos
1048 1687 1141 1720 erat
1182 1678 1401 1733 gentihus,
1421 1682 1464 1723 in

220 1748 390 1802 sigmiin
430 1756 472 1791 ct
513 1750 646 1792 robur
670 1748 845 1793 l'oederis
866 1749 976 1803 initi,
999 1754 1252 1807 sanguinem
1289 1753 1465 1796 suillum

219 1820 438 1865 effundere
458 1854 469 1875 ‚
498 1823 622 1878 quasi
650 1823 844 1867 dicerent
868 1839 878 1867 :
901 1824 973 1868 Sic
1006 1825 1249 1870 effundetur
1284 1830 1462 1883 sanguis

220 1893 335 1937 illius
358 1895 432 1948 qni
455 1895 678 1939 violaverit
703 1895 786 1938 boe
810 1894 966 1939 loedus.
987 1895 1154 1940 Hebraei
1181 1910 1284 1941 vero
1307 1911 1464 1955 aquam

221 1963 465 2018 (inridentes,
488 1967 742 2010 atrociorem
772 1978 942 2023 posnani
969 1967 1012 2010 in
1058 1968 1309 2012 violatorem
1349 1970 1465 2014 indi-

221 2040 394 2082 cabant.
421 2040 502 2081 Alii
528 2039 643 2083 enim
667 2040 861 2096 liquores
887 2053 972 2083 non
1008 2039 1288 2085 effunduntur
1312 2042 1364 2086 de
1387 2055 1464 2086 ra·-

220 2122 287 2162 sc,
311 2112 415 2166 quin
459 2112 633 2167 aliquod
658 2113 887 2169 vestigium
929 2107 1010 2157 sui>
1038 2115 1079 2157 in
1118 2127 1170 2158 eo
1197 2116 1463 2171 relinquant.

221 2183 349 2227 Solus
379 2196 500 2240 aquae
522 2186 662 2241 liquor
689 2199 866 2241 prorsus
891 2187 1141 2231 effunditur.
1168 2189 1291 2242 Quod
1330 2190 1462 2235 sacie-

222 2259 328 2299 bant
362 2256 527 2301 nebi-:ei
576 2260 617 2300 in
661 2259 821 2302 loedere
863 2261 969 2304 inito
990 2274 1088 2306 cuin
1114 2263 1311 2316 Domino,
1336 2265 1461 2320 qua-si

221 2330 412 2372 dicerent
440 2346 450 2372 z
480 2330 571 2373 'Non
602 2334 739 2374 solum
765 2334 948 2376 violator
983 2335 1111 2390 bujiis
1147 2336 1322 2380 soederis
1349 2340 1456 2393 peri-

1231 214 1392 260 rsrru
1425 195 1777 257 corrasi-onis

220 316 363 371 potius
401 313 568 355 videtur
605 311 876 366 Augustino,
905 309 989 353 hoc
1029 286 1197 351 lactum‘
1230 319 1327 349 esse
1371 312 1468 360 post
1489 309 1528 353 A
1552 306 1649 355 boe,
1677 318 1691 344 t

1783 304 1878 346 tulit
1905 304 2089 358 lapidem
2112 305 2414 362 pergrandem,
2438 306 2669 362 posuitque
2689 319 2788 351 eum

1548 374 1698 420 subter
1716 387 1942 431 quereum,
1961 389 2059 432 quae
2086 386 2180 422 erat
2208 386 2307 422 ante
2334 379 2628 422 sanctuarium
2651 377 2792 422 Douni-

1548 447 1609 498 ni,
1630 456 1674 490 et
1696 447 1757 491 ait
1780 463 1790 491 :
1813 447 1875 490 En
1895 447 2005 503 lapis
2028 449 2110 493 iste
2130 451 2211 493 erit
2230 451 2353 494 robis
2382 450 2423 492 in
2449 451 2790 494 testimonium.»

1545 519 1750 565 Solebam
1769 521 1884 565 enim
1907 529 2076 566 veteres
2097 523 2346 578 th'usmodi
2367 522 2580 567 durabilia
2605 523 2792 580 erigere,

1545 600 1590 635 ut
1613 592 1681 636 sui
1704 592 1989 636 diuturnitate
2015 594 2200 647 posteris
2223 593 2378 636 initum
2399 592 2539 636 l'oedus
2561 593 2603 636 in
2627 603 2794 638 memo-

1543 665 1653 707 riam
1694 671 1966 708 revocarent.
1992 664 2250 720 Dimisitque
2281 664 2414 709 Josue
2443 666 2648 722 populum
2666 698 2679 718 ,
2700 664 2796 713 sin-

1545 737 1670 793 gulos
1691 736 1736 780 in
1757 737 2077 792 possessionem
2101 749 2243 780 suam.

1702 824 1805 870 Ctr.
1834 826 1964 870 xvu.
1991 827 2054 872 De
2076 837 2208 871 morte
2233 827 2362 871 Josue
2383 835 2421 871 et
2441 827 2636 871 Eia-azar.

1606 931 1622 956 ι
1647 914 1753 958 Post
1776 915 1868 959 haec
1890 923 2090 959 mortuus
2108 923 2175 959 est
2196 913 2342 967 Josue,
2367 927 2466 958 cum
2482 923 2596 959 essct
2619 920 2790 958 eentum
2867 932 2874 949 v

1543 995 1584 1030 et
1602 989 1750 1031 decem
1776 1000 1991 1034 antrorum
2022 987 2132 1044 (los.
2161 989 2296 1044 xxiv).
2324 1002 2340 1030 ι
2367 988 2659 1043 Quadraginta
2685 1001 2795 1043 qua-
2868 975 2873 1019 Ῠ

1544 1069 1645 1103 ιυοι·
1670 1048 1884 1104 annornm
1919 1068 2012 1104 erat
2043 1074 2142 1106 eum
2177 1063 2432 1108 accessisset
2457 1063 2510 1106 ad
2539 1061 2730 1120 Moysen,
2750 1070 2792 1106 ct

1543 1134 1829 1190 quadraginta
1867 1134 1994 1189 arinis
2022 1134 2198 1177 servivit
2223 1135 2262 1178 ci
2301 1134 2344 1179 in
2374 1135 2563 1179 deserto.
2604 1134 2666 1179 Ex
2704 1147 2792 1191 quo

1543 1205 1760 1260 colligitur
1800 1206 1917 1262 qnod
1960 1206 2107 1263 viginti
2145 1218 2220 1251 sex
2265 1208 2394 1252 antiis
2438 1209 2548 1251 rexit
2585 1208 2790 1263 populum

1545 1285 1664 1320 trans
1676 1275 1924 1330 Iordanem,
1939 1285 1982 1323 et
1998 1279 2261 1334 sepelierunt
2278 1291 2378 1323 eum
2405 1281 2446 1321 in
2475 1277 2790 1331 Tannatbsara,

1491 1377 1524 1420 B
1547 1362 1644 1403 quae
1681 1351 1763 1393 sita
1805 1356 1871 1393 est
1914 1349 1958 1393 in
1982 1358 2128 1394 monte
2157 1350 2379 1407 Ephraim.
2406 1351 2584 1394 Eleazar
2620 1364 2794 1407 quoque

1547 1429 1746 1465 mortuus
1765 1429 1846 1470 cst,
1866 1430 1908 1466 et
1931 1423 2195 1478 sepelierunt
2218 1435 2316 1468 eum
2342 1425 2382 1466 in
2408 1422 2553 1467 Gabaa
2580 1423 2763 1468 Phinees
2779 1426 2793 1443 ⁶

1548 1494 1624 1538 filii
1649 1495 1762 1551 eius,
1804 1507 1900 1552 quac
1934 1496 2033 1539 data
2067 1503 2134 1540 est
2165 1497 2204 1539 ei
2234 1497 2276 1540 in
2297 1503 2443 1540 monte
2472 1496 2694 1553 Ephraim,
2718 1499 2793 1554 qui

1547 1568 1760 1612 successit
1777 1569 1889 1624 patri
1912 1568 1956 1615 in
1976 1569 2285 1617 sacerdotium.

1606 1648 1620 1660 “
1650 1641 1828 1685 Additio
1857 1644 1896 1686 l.
1925 1641 2069 1687 Gabaa
2106 1640 2294 1690 Phineos
2329 1651 2469 1700 potest
2505 1657 2603 1688 esse
2633 1656 2792 1689 nornen

1547 1714 1735 1759 civitatis
1758 1727 1783 1758 a
1804 1713 1990 1760 Phineos
2011 1717 2071 1760 ibi
2095 1717 2281 1772 sepulto,
2297 1717 2362 1759 vel
2387 1725 2569 1773 possunt
2586 1730 2681 1763 csse
2697 1719 2794 1762 duae

1547 1787 1775 1833 dictiones.

2042 1875 2303 1923 Incideutia.

1602 1970 1651 2015 in
1685 1971 1846 2017 diebus
1867 1969 2001 2016 lesue
2026 1971 2274 2017 Eric-tonius
2312 1973 2477 2029 primus
2510 1974 2651 2028 iunxit
2681 1987 2791 2032 qua·

1546 2045 1711 2101 drigam
1738 2046 1783 2090 ln
1813 2044 1996 2098 Graeeia,
2017 2053 2109 2089 erat
2134 2047 2292 2101 quippe
2311 2046 2424 2101 apud
2449 2046 2555 2089 alias
2573 2048 2788 2093 nationes,

1545 2117 1714 2161 Busiris
1734 2118 2007 2176 tyrannidem
2031 2119 2223 2163 exercuit
2247 2118 2288 2160 in
2315 2118 2520 2172 hospites.
2545 2117 2727 2162 Phoenix
2751 2129 2795 2167 et

1544 2190 1736 2234 Cadmus
1759 2192 1812 2234 de
1834 2189 1996 2234 Thebis
2014 2189 2316 2248 AEgyptiorum
2337 2190 2379 2232 in
2404 2190 2570 2246 Syriam
2591 2190 2791 2245 profecti,

1544 2263 1587 2305 in
1615 2263 1787 2319 regione
1811 2262 1912 2319 Tyri
1931 2271 1973 2307 et
2002 2264 2174 2308 Sidonis
2195 2271 2496 2320 regnaverunt.
2519 2256 2600 2308 Seii
2622 2263 2789 2307 Cadmo

1546 2336 1770 2382 recedente
1788 2336 1831 2380 in
1857 2335 2063 2381 Graeciam
2087 2370 2098 2390 ,
2139 2345 2251 2380 terra
2280 2348 2305 2379 a
2343 2335 2547 2380 Phoenice
2570 2335 2791 2382 Pboenicia

221 2404 300 2455 bit,
327 2404 438 2447 sicut
457 2405 498 2447 in
521 2406 617 2448 aliis
638 2405 682 2448 lit
708 2405 940 2451 soederibns
958 2441 970 2461 ,
1005 2412 1078 2452 sed
1119 2417 1203 2452 tota
1238 2416 1460 2467 progenies
1486 2443 1518 2488 s
1546 2411 1660 2454 dicta
1689 2418 1771 2455 est.
1795 2410 1992 2466 Europae,
2026 2411 2125 2454 liliae
2168 2409 2403 2460 Phoenieis,
2442 2409 2604 2466 Jupiter
2635 2410 2794 2463 mistus

222 2477 315 2531 ojus
338 2478 488 2531 peribit
511 2492 609 2521 cum
635 2491 701 2531 eo,
730 2487 774 2522 ut
800 2481 963 2524 nullutn
1003 2482 1227 2538 vestigium
1264 2485 1358 2539 ejus
1384 2499 1459 2542 ap»
1504 2476 1519 2490 ⁴
1546 2493 1627 2527 est.
1653 2483 1827 2527 Danaus
1857 2496 1931 2539 pei·
1955 2484 2266 2541 quinquaginta
2302 2484 2413 2526 silias
2431 2516 2443 2536 ‚
2473 2484 2789 2540 quinquaginta

222 2557 369 2604 pareat
389 2563 519 2606 super
545 2560 719 2595 terram.
755 2569 768 2593 ι
799 2552 1067 2611 Scripsitque
1090 2556 1220 2600 Josue
1244 2559 1284 2600 in
1310 2557 1461 2603 ‹lieilla

170 2675 174 2678 -
222 2620 352 2662 verba
379 2619 469 2664 haec
505 2622 545 2665 in
568 2624 786 2668 vohunine
822 2626 935 2683 tegis*
953 2628 1024 2671 liei
1042 2660 1053 2679 ,
1081 2643 1097 2669 ι
1123 2629 1164 2672 id
1194 2636 1258 2673 est
1283 2630 1326 2673 in
1351 2632 1462 2675 libro

787 2789 964 2797 m.-

1549 2558 1660 2599 lilios
1680 2556 1864 2613 AEgislbi
1893 2556 2037 2600 fratris
2070 2562 2135 2599 sui
2159 2556 2389 2611 interfecit,
2413 2569 2499 2600 uno
2523 2563 2685 2600 tantum
2716 2568 2791 2600 su-

1550 2633 1740 2686 perstite,
1763 2631 1834 2687 qui
1864 2630 2054 2687 regnat-ii
2078 2638 2175 2687 post
2195 2643 2310 2675 cum.

854 2883 1315 2956 HISTORIA
1379 2885 1633 2953 LIBRI
1695 2883 2147 2956 JUDICUM.

637 3134 736 3176 Cn.
760 3134 791 3177 Ι.
821 3133 1040 3188 Pru-satio.

278 3206 407 3251 Lib‘er
446 3205 643 3250 lodicum
671 3206 878 3250 Heln-alce
908 3205 1130 3262 Sopbetitn
1170 3207 1344 3260 dicitur,
1383 3211 1458 3263 qui

219 3278 388 3336 judices
423 3279 642 3330 describit,
668 3291 804 3333 usque
821 3279 874 3322 ad
900 3278 992 3322 lleli
1023 3279 1288 3323 sacerdotem
1307 3311 1319 3333 ,
1343 3287 1385 3323 et
1403 3282 1459 3325 ob

223 3354 308 3397 hoc
329 3351 487 3396 dicitur
505 3350 702 3395 Judicum
730 3358 930 3407 tanquam
957 3353 1149 3395 materia.
1178 3351 1357 3396 Videtur
1391 3362 1458 3397 ta-

223 3436 321 3467 men
338 3423 596 3479 quibusdam
633 3424 688 3466 ab
722 3425 969 3467 auctoribus
1007 3425 1071 3468 sic
1110 3425 1387 3478 nominatus,
1413 3434 1459 3470 ut

1545 3145 1623 3177 nos
1657 3141 1806 3177 contra
1833 3134 2142 3188 chananaeum,
2168 3142 2210 3179 et
2235 3136 2315 3179 erit
2338 3138 2422 3180 dux
2446 3136 2559 3180 belli.
2588 3135 2640 3180 Et
2674 3138 2784 3183 dixit

1543 3206 1751 3250 Dorulaus
1772 3222 1782 3249 :
1806 3206 1939 3252 ludas
1964 3206 2084 3262 (lad.
2109 3209 2158 3257 i.)
2189 3221 2203 3248 ι
2222 3207 2315 3251 Non
2338 3219 2582 3264 personam,
2603 3210 2675 3254 sed
2702 3211 2782 3257 tri.-

1543 3278 1643 3320 bum
1685 3278 1933 3335 designans.
1970 3280 2168 3323 Creditur
2209 3287 2352 3323 tamen
2397 3279 2527 3325 Caleb
2558 3281 2783 3337 praefuisse

1542 3353 1714 3407 populo,
1736 3353 1808 3394 sed
1836 3364 1914 3407 pro
1945 3353 2188 3396 modicitate
2223 3355 2460 3408 temporis,
2497 3367 2575 3399 nec
2598 3356 2781 3401 rectori·

1545 3423 1640 3474 bus,
1666 3436 1747 3466 nec
1769 3423 1988 3477 judicibus
2007 3431 2317 3468 annumeratus
2348 3432 2428 3468 est.
2462 3421 2515 3468 m
2553 3426 2613 3469 ait
2646 3425 2781 3471 «ludas

223 3494 349 3550 quasi
376 3494 580 3537 chronice
602 3493 851 3543 scribendo,
870 3495 1052 3549 quisque
1070 3495 1262 3549 iudicum
1290 3501 1459 3550 tempus
1485 3476 1517 3520 n
1542 3494 1733 3539 Simeoni
1758 3509 1767 3538 :
1800 3512 1813 3536 ‹
1840 3495 2034 3539 Ascende
2071 3509 2238 3540 mecum
2265 3497 2308 3539 in
2348 3506 2509 3541 sortem
2547 3511 2684 3542 meam
2701 3531 2713 3552 ,
2738 3507 2782 3543 ct

224 3577 350 3609 suum
376 3566 417 3608 in
441 3564 547 3609 actis
577 3565 805 3621 redegerit.
832 3564 938 3617 Quis
955 3572 1098 3609 antem
1123 3567 1165 3610 in
1187 3579 1320 3608 unum
1347 3579 1461 3610 eom-

222 3639 383 3694 pcgerit
409 3637 587 3681 dubium
609 3645 690 3681 est.
722 3636 875 3680 Dicunt
908 3637 1082 3691 quidam
1115 3639 1231 3693 quod
1266 3637 1456 3690 Samuel,

225 3708 296 3750 alii
326 3708 439 3763 quod
481 3707 655 3751 Esdras.
684 3706 968 3751 verisimilius
1005 3709 1174 3751 videtur
1209 3711 1323 3765 quod
1351 3709 1459 3753 Eze-

223 3781 366 3834 chias,
399 3781 470 3835 qui
495 3782 722 3835 parabolas
752 3781 998 3824 Salomonis
1015 3815 1028 3835 ,
1053 3789 1094 3825 et
1111 3783 1266 3826 librum
1294 3782 1457 3839 Regum

225 3853 266 3893 in
295 3862 427 3894 unum
448 3853 631 3908 collegit.
657 3851 700 3894 Si
731 3854 940 3909 quaeritur
962 3865 1098 3908 quare
1127 3852 1258 3897 Josue
1281 3863 1322 3897 ct
1343 3854 1459 3910 Moy-

223 3933 292 3966 ses
315 3923 424 3965 inter
452 3923 619 3977 judices
643 3935 727 3967 non
752 3931 1104 3976 annumerentur,
1145 3926 1328 3970 dicimus
1358 3929 1456 3982 quia

222 4006 308 4039 non
333 3995 472 4038 solum
501 3995 802 4050 judicaverunt
823 3998 1046 4053 populum,
1071 3998 1143 4041 sed
1169 4005 1211 4041 et
1237 4007 1454 4043 rexerunt.

222 4064 374 4109 Caeteri
394 4066 566 4108 veroni!
586 4066 697 4120 juris
715 4069 757 4108 ln
775 4067 934 4122 populo
961 4068 1220 4122 habuerunt,
1240 4069 1321 4112 nisi
1341 4070 1456 4124 qnod

222 4138 268 4182 in
291 4136 643 4182 tribulationibus
667 4140 758 4183 suis
775 4139 959 4184 consilio
982 4146 1024 4183 et
1048 4141 1274 4196 prudentia
1305 4155 1455 4187 eorum

222 4211 405 4267 populus
428 4210 642 4254 utebatur.

248 4302 351 4348 Car.
380 4303 430 4347 ll.
457 4304 671 4357 Quomodo
693 4303 828 4347 ludar
847 4306 1045 4362 pequam
1077 4313 1222 4351 contro
1261 4306 1424 4351 Chana-

760 4373 916 4405 noeum.

277 4427 328 4474 Et
348 4430 506 4474 factum
530 4439 594 4476 est
615 4439 712 4488 post
733 4441 914 4477 mortem
934 4432 1069 4479 loono
1101 4435 1285 4480 consulit
1319 4447 1454 4492 popu-

224 4502 291 4548 lus
314 4502 541 4549 Dominum
568 4518 643 4560 per
682 4502 897 4550 phinees:
930 4521 946 4547 ‹
986 4507 1092 4561 Quis
1126 4510 1324 4553 ascendet
1357 4517 1454 4553 ante

1539 3581 1682 3624 pugna
1704 3576 1852 3611 contra
1876 3568 2186 3622 chananaeum,
2209 3576 2253 3613 et
2275 3582 2355 3626 ego
2377 3582 2550 3626 pergam
2574 3580 2714 3615 tecum
2734 3572 2778 3615 in

1540 3646 1699 3683 soi-teir.
1724 3652 1863 3683 suam.
1882 3656 1894 3680 ι
1916 3639 2010 3683 Non
2030 3647 2171 3685 tamen
2191 3640 2346 3696 legitur
2371 3641 2542 3684 Simeon
2561 3643 2778 3696 propriam

1540 3720 1688 3767 postea
1715 3713 1917 3756 habuisse
1938 3719 2118 3763 sortem,
2150 3712 2224 3755 sed
2258 3712 2439 3756 adhaesit
2469 3710 2606 3766 Judae,
2629 3721 2675 3756 ut
2695 3714 2779 3758 im-

1540 3785 1728 3839 pleretur
1751 3784 1865 3838 qnod
1887 3783 2144 3839 praedixerat
2163 3782 2296 3826 Jacob
2316 3786 2366 3826 ‹lc
2387 3782 2560 3826 Simeon
2596 3791 2635 3827 et
2655 3783 2774 3829 Levi.

1543 3873 1556 3896 ι
1591 3855 1784 3899 Dividam
1821 3867 1898 3900 eos
1936 3856 1978 3898 in
2016 3854 2164 3908 Jacob,
2207 3863 2251 3899 et
2286 3857 2528 3911 dispergam
2569 3856 2611 3899 in
2644 3855 2776 3901 lsi-acl

1540 3929 1659 3983 (Gen.
1682 3929 1844 3985 μω.»
1869 3926 2404 3982 AscenderuntqueJudas
2439 3934 2483 3970 ct
2527 3926 2698 3971 Sint-on
2731 3929 2774 3973 in

1538 4001 1685 4051 Bescc,
1710 4008 1750 4043 et
1774 4006 2078 4055 percusserunt
2101 4000 2144 4042 in
2169 4011 2218 4042 eo
2240 4000 2384 4042 docem
2414 4000 2544 4042 millia
2563 4001 2773 4046 virorum.

1536 4073 2042 4129 comprehendentesque
2063 4071 2346 4124 Adonibescc,
2376 4071 2415 4114 id
2445 4080 2510 4115 cst
2555 4071 2771 4115 domiuum

1535 4146 1679 4199 Besec,
1723 4144 1877 4189 adonai
1917 4145 2032 4188 enim
2079 4143 2294 4185 dominum
2333 4150 2487 4193 sonat.
2526 4143 2770 4187 inciderunt

1536 4218 1807 4262 summitates
1831 4226 2038 4260 manuum
2083 4222 2122 4257 et
2149 4214 2302 4269 pedum
2325 4215 2435 4268 ejus.
2467 4214 2670 4258 Hebraeus
2701 4222 2766 4257 ta-

1535 4303 1632 4334 men
1671 4301 1814 4334 sermo
1843 4287 2009 4331 videtur
2039 4298 2192 4330 sonare
2230 4286 2422 4341 pollices.
2445 4285 2609 4338 Quibus
2644 4287 2772 4331 caesis

1535 4375 1620 4406 non
1644 4369 1710 4406 est
1727 4363 1908 4406 idoneus
1929 4361 2058 4403 hoino
2079 4358 2131 4401 ad
2151 4370 2271 4402 arma
2296 4358 2485 4402 serenda.
2506 4357 2556 4402 Et
2572 4359 2632 4401 ait
2648 4357 2764 4401 Ado-

1535 4437 1708 4480 nibescc
1737 4453 1747 4478 2
1777 4448 1791 4475 ι
1818 4433 1970 4476 Merito
1986 4431 2124 4487 patior
2146 4431 2246 4484 hoc,
2274 4428 2317 4474 id
2341 4432 2479 4487 ipsum
2514 4431 2627 4473 eslim
2653 4428 2770 4473 lece-

1535 4520 1625 4552 ram
1649 4505 1917 4563 septuaginta
1940 4503 2128 4561 regibus,
2151 4503 2223 4559 qui
2244 4504 2496 4560 colligebant
2517 4503 2594 4547 sub
2613 4513 2761 4546 mensa

2677 217 2789 282 ητα
2850 257 2856 267 1
2919 172 2924 191 ⁸
