2924 4588
234 166 371 200 tamen
402 155 527 198 nescit
562 153 697 202 homo,
737 163 793 203 ut
827 149 939 201 odio.
965 162 1031 196 ..an
1057 162 1199 208 amore
1237 148 1386 204 dignus
1421 147 1475 189 εῖτ
1498 147 1534 192 Α

234 225 409 282 (Erotes.
439 236 479 266 tx
501 257 511 273 ,
538 223 593 279 l).
625 221 795 265 Arridet
829 221 954 265 nobis
986 225 1122 263 mater
1150 225 1301 263 nostra
1335 218 1473 272 gratia

234 299 400 340 interna
422 329 431 347 ‚
456 302 497 339 et
539 299 606 351 [υ
643 305 869 351 speramus
902 291 1018 348 quod
1053 293 1145 346 ipsa
1182 291 1337 342 nobis,
1379 301 1475 344 quae

233 369 359 412 modo
382 367 650 412 sanctitatem
674 364 839 408 confert
862 364 907 408 in
928 365 997 408 via
1017 396 1027 413 ,
1046 362 1293 406 custodiens
1316 367 1357 404 et
1378 372 1475 416 per-

234 438 381 481 ficiens
406 447 534 492 opera
559 435 882 485 misericordiae,
909 432 1188 478 conformiter
1212 439 1255 475 et
1292 431 1475 474 felicita-

233 518 316 553 tem
340 510 465 552 nohis
489 507 680 551 conteret
709 508 751 550 in
777 507 933 562 patria.
964 510 1008 549 et
1028 517 1124 560 quae
1155 505 1285 559 coepit
1311 505 1355 546 in
1393 516 1472 546 no-

233 582 300 626 bis
321 594 430 636 opus
455 582 612 624 lzonum
636 579 826 636 perficiet
849 591 986 635 usque
1018 578 1063 620 in
1087 577 1200 620 diem
1223 572 1326 620 lesu
1349 575 1475 619 Chri-

233 654 289 697 sti
313 653 485 710 (Philip.
513 661 543 703 t,
566 652 633 707 6);
653 652 727 696 sed
749 656 893 694 tamen
917 650 1048 693 vitam
1073 653 1267 692 nostram
1291 648 1477 691 abscon-

233 726 365 769 ditam
407 726 652 774 intuentes,
693 729 735 766 ct
772 721 1060 766 circumdatos
1093 727 1223 776 atque
1260 719 1476 763 involutos

233 810 312 841 nos
343 796 529 840 tenebris
556 795 860 850 intelligentes,
883 793 1024 848 plene,
1049 797 1098 834 ut
1120 791 1209 835 dixi
1237 792 1344 846 jam,
1371 791 1475 834 certi

234 882 320 914 uon
372 881 539 913 sumus.
588 866 687 910 ltaec
729 873 796 919 est
840 864 972 908 Maria
1018 865 1279 919 desponsata
1319 861 1477 917 loseph

234 955 341 986 uxor
364 957 373 985 ε
395 954 472 997 pro
495 940 617 985 stella
642 945 688 984 s'e
712 936 918 982 exhibens
949 938 994 979 in
1018 936 1123 979 mari
1158 935 1256 979 vitae
1292 947 1480 990 praescn-

231 1014 306 1067 tis,
348 1014 449 1070 quia
490 1014 603 1056 inter
637 1014 717 1062 tot,
757 1023 866 1067 quas
904 1009 1033 1052 modo
1068 1021 1092 1051 a
1123 1020 1268 1058 carne,
1296 1007 1423 1050 modo
1454 1019 1478 1048 a

234 1087 410 1134 mundo.
436 1085 563 1130 modo
587 1097 691 1129 vero
723 1097 748 1127 a
770 1083 947 1127 diabolo
970 1082 1156 1126 sustinet
1187 1076 1270 1124 iste
1300 1078 1476 1135 Ioseph,

234 1160 443 1217 procellas
470 1174 479 1202 z
503 1158 717 1214 quomodo
741 1157 794 1200 ad
833 1156 1014 1200 salutem
1048 1152 1292 1210 pertingere
1316 1157 1476 1209 posset,

234 1233 317 1276 nisi
341 1235 432 1275 luce
450 1232 582 1275 stellae
601 1230 812 1280 maximae,
833 1230 1013 1273 internae
1035 1227 1183 1283 gratiae
1205 1226 1344 1270 lucem
1370 1236 1477 1280 prae-
1501 1214 1535 1258 Β
1559 1231 1645 1269 tem
1686 1225 1902 1269 credimus
1940 1224 2090 1276 Deum,
2131 1234 2298 1270 summe
2345 1226 2601 1281 sapientem,
2643 1224 2837 1287 summer¹
2867 1286 2870 1292 ¹

234 1305 346 1348 viam
376 1304 580 1347 liaberet?
604 1302 724 1346 Hanc
758 1301 840 1346 sibi
873 1300 1002 1344 habet
1035 1297 1370 1354 noster-Ioseph
1404 1297 1480 1341 de-

235 1381 507 1430 sponsatam,
542 1374 617 1419 sed
649 1372 880 1416 carnaliter
910 1383 998 1415 non
1030 1370 1253 1426 cognoscit
1275 1381 1400 1420 eam,
1432 1371 1480 1411 ut

233 1454 275 1490 et
298 1452 342 1489 tu
370 1448 433 1491 sic
455 1446 533 1489 tibi
566 1446 779 1501 intelligas
799 1457 912 1494 eam,
939 1444 992 1488 de
1020 1453 1103 1499 qua
1127 1442 1360 1497 loquimur,
1382 1452 1478 1496 gra·

234 1520 337 1562 tiam
371 1518 624 1573 adjutricem
657 1518 930 1574 adjunctam,
956 1523 1002 1560 ut
1031 1515 1140 1559 nihil
1167 1514 1221 1557 ad
1257 1514 1477 1558 mollitiem

233 1591 379 1647 gloriae
411 1597 451 1635 et
476 1590 616 1634 laudis
637 1596 720 1634 ture
756 1591 978 1646 pertinens
1009 1588 1207 1645 requiras
1241 1587 1377 1639 inea,
1414 1586 1479 1630 vel

236 1675 312 1720 per
334 1677 446 1714 eam,
472 1677 550 1708 nec
575 1672 630 1717 te,
662 1666 942 1720 quem'tantoe
975 1673 1146 1718 sponsae
1168 1667 1335 1704 castum
1357 1659 1481 1703 decet

234 1749 330 1781 esse
355 1737 602 1788 custodem,
625 1721 912 1791 impudicum,
932 1746 1057 1779 versa
1079 1734 1187 1784 vice,
1206 1733 1320 1789 quod
1348 1733 1478 1776 absit!

234 1809 453 1865 contingat
473 1819 568 1852 esse
591 1815 904 1862 corruptorem.

290 1881 360 1924 tx.
395 1881 502 1924 Hinc
526 1890 590 1924 est
612 1879 725 1937 qnod
753 1879 961 1922 Adoniam
1000 1876 1245 1922 Salomonis
1267 1876 1480 1922 sententia

233 1952 363 1996 morti
396 1951 560 1995 addixit
583 1949 679 2008 (111
703 1950 802 2006 Περ.
838 1962 891 2001 ιι,
918 1948 1010 2006 25),
1044 1949 1145 2006 quia
1176 1948 1348 1992 misceri
1382 1961 1479 1992 cum

232 2021 392 2079 Abisag
415 2023 646 2066 carnaliter
669 2022 820 2073 voluit,
848 2033 977 2077 quam
1003 2033 1135 2065 senex
1157 2020 1480 2064 calefacientem

235 2096 407 2152 quidem
450 2095 599 2138 hahuit.
620 2126 630 2146 ‚
672 2095 745 2138 sed
766 2128 777 2148 ,
817 2102 863 2137 ut
888 2093 1113 2149 Scriptura
1148 2094 1207 2135 ait
1231 2108 1240 2135 :
1268 2091 1374 2136 Eam
1399 2104 1479 2135 mm

234 2170 436 2224 coqui-ivit,
467 2175 656 2211 senuerat
680 2181 856 2224 natuque
890 2180 961 2209 rea:
983 2166 1135 2218 David,
1157 2165 1333 2209 leabebat
1354 2167 1480 2222 igitur

235 2245 371 2284 wtutis
409 2239 608 2296 plurimos
636 2239 723 2282 dies
760 2239 855 2297 (ΙΙΙ
887 2239 986 2295 Req.
1016 2243 1054 2289 ι’,
1080 2237 1140 2295 l),
1179 2244 1227 2281 ut
1264 2244 1306 2281 et
1344 2244 1388 2280 tu
1426 2237 1480 2280 ad

237 2312 477 2355 sanctitatis
499 2311 790 2354 maturitatem
815 2313 1058 2365 pertingere
1083 2309 1259 2354 studeas
1280 2324 1290 2352 t
1312 2315 1353 2352 et
1370 2309 1480 2351 mul-

235 2385 440 2427 timodam
465 2386 671 2428 virtutum
694 2384 982 2439 spiritualium
1002 2383 1240 2426 claritatem
1261 2383 1482 2438 :requirere

234 2459 489 2501 contendas.
527 2456 712 2512 Cumque
748 2458 976 2512 operiretur
1011 2456 1190 2499 testibus
1239 2469 1321 2499 non
1372 2455 1483 2498 cale·-

235 2527 413 2583 faciebat
441 2541 482 2570 se
506 2527 660 2586 (ibid).
682 2526 736 2571 Ut
764 2534 815 2581 ,tu
841 2540 1014 2584 quoque
1046 2540 1142 2570 cum
1168 2527 1245 2570 tihi
1277 2526 1404 2570 etiam
1424 2525 1481 2569 ad

236 2601 540 2644 abundantiam
569 2607 741 2644 terrena
764 2607 1012 2657 suppetunt,
1037 2601 1198 2644 nullam
1224 2599 1265 2642 in
1291 2599 1354 2643 eis
1377 2611 1482 2642 con-

236 2674 488 2718 solationem
513 2674 690 2726 habeas,
706 2675 828 2728 juxta
853 2674 1092 2717 Psalmistae
1117 2673 1477 2716 admonitionem:

241 2745 403 2789 Divitiae
422 2746 459 2788 si
477 2745 663 2802 affluant,
686 2745 811 2788 nolite
830 2758 900 2787 cor
921 2757 1120 2799 apponere
1148 2743 1285 2797 (Psat.
1314 2756 1372 2794 tx,
1390 2742 1476 2799 Η).

236 2819 347 2873 Quid
369 2822 481 2863 enim
506 2827 606 2863 sunt
627 2826 799 2863 terrena
822 2820 965 2863 omnia
988 2819 1071 2862 nisi
1106 2819 1299 2874 quaedam
1326 2828 1484 2873 corpo-

236 2893 296 2935 ris
320 2892 604 2936 vestimenta?
628 2892 703 2936 sed
727 2905 824 2935 cum
847 2892 1010 2935 nullum
1039 2892 1254 2946 praeheant
1289 2890 1327 2934 ei
1350 2890 1481 2934 vesti-

236 2968 379 3006 menta
416 2963 618 3012 calorem,
655 2962 831 3005 accedat
875 2962 1068 3016 speciosa
1103 2967 1144 3003 et
1180 2967 1299 3004 casta
1321 2961 1482 3016 Abisag

237 3042 284 3078 ut
312 3035 533 3078 calefaciat
569 3048 743 3086 senem,
770 3041 816 3077 ut
846 3041 893 3076 tu
932 3047 1029 3077 cum
1070 3036 1228 3078 nullam
1268 3035 1313 3078 in
1352 3035 1480 3078 rebus

236 3107 419 3151 terrenis
457 3109 624 3150 invenis
663 3107 1015 3159 delectationem,
1060 3107 1261 3161 pudicum
1304 3107 1482 3149 internae

237 3179 385 3235 gratiae
419 3180 617 3233 requiras
653 3179 939 3234 complexum,
980 3180 1052 3234 qui
1091 3186 1132 3222 te
1174 3181 1316 3222 calore
1353 3178 1480 3234 spiri·

238 3252 365 3295 tualis
387 3252 590 3295 desiderii
615 3251 835 3294 accendat.
867 3251 953 3303 Sic,
981 3252 1080 3294 dum
1104 3253 1246 3295 renuit
1266 3252 1478 3295 consolari

237 3324 377 3366 anima
423 3329 495 3366 tua
517 3357 527 3375 ,
575 3336 737 3367 memor
781 3325 840 3368 sis
886 3323 957 3368 Dei
998 3332 1040 3369 et
1072 3324 1315 3368 dilectionis
1340 3323 1475 3382 (Psal.

238 3407 383 3446 cxxvi,
419 3396 480 3452 t),
516 3402 728 3451 quatenus
763 3395 1003 3440 ascendens
1038 3409 1063 3439 a
1101 3395 1274 3440 Galilaea
1312 3397 1364 3439 ad
1403 3397 1479 3439 Ju-

237 3467 388 3516 daeam,
415 3479 438 3509 a
470 3467 678 3511 Nazareth
718 3468 762 3510 in
798 3467 1060 3519 Bethlehem,
1091 3469 1266 3511 Mariam
1296 3469 1371 3511 tibi
1405 3469 1478 3511 de-

238 3550 483 3596 sponsatam
518 3548 658 3585 tecum
704 3543 862 3587 habeas
896 3545 1187 3588 comitantem.
1223 3545 1270 3587 Et
1306 3547 1477 3600 quidem

239 3612 416 3660 scimus,
442 3613 555 3666 quod
593 3620 728 3656 mater
749 3621 893 3657 nostra
916 3614 1057 3657 Gratia
1082 3629 1211 3671 super
1239 3617 1346 3659 lilius
1373 3617 1477 3657 ailo·

241 3684 397 3738 ptionis
422 3697 509 3726 stiae
534 3686 694 3739 rogitat
714 3686 995 3741 cogitationes
1018 3688 1136 3742 pacis
1153 3720 1165 3737 ,
1189 3695 1231 3731 et
1262 3701 1346 3730 non
1373 3688 1480 3731 alili-

238 3755 411 3798 ettonis.
439 3755 521 3799 Sed
547 3763 772 3812 postquam
790 3770 864 3801 eos
883 3760 935 3803 de
953 3761 1235 3814 paesentihus
1258 3760 1309 3803 ad
1337 3761 1478 3804 sutura

238 3827 453 3882 perduxit,
477 3834 580 3871 tune
615 3831 800 3884 primum
838 3831 940 3886 quid
963 3832 1015 3875 de
1050 3833 1113 3876 eis
1139 3834 1308 3884 sentiat,
1333 3839 1479 3876 osten-

237 3898 316 3942 dit.
355 3899 495 3951 Quare
531 3908 573 3943 ct
611 3901 743 3945 Maria
778 3914 1005 3959 praegnans
1038 3917 1134 3960 quae
1162 3905 1355 3949 ascendit
1378 3919 1475 3948 cum

236 3968 419 4026 loseph,
454 3973 525 4015 scd
559 3986 683 4028 quem
715 3976 880 4018 occulte
910 3978 1021 4032 apud
1060 3989 1106 4021 se
1143 3978 1185 4021 in
1218 3984 1338 4021 utero
1370 3980 1478 4035 gerit

236 4043 503 4094 thesaurum,
540 4059 807 4100 nequaquam
847 4048 1026 4093 effundit
1063 4063 1139 4106 per
1167 4058 1353 4107 partum,
1394 4052 1478 4097 nisi

238 4111 331 4170 ipsa
365 4116 526 4171 pariter
559 4122 600 4160 et
628 4117 784 4175 Joseplt
819 4122 992 4164 veniant
1029 4123 1071 4165 in
1105 4123 1365 4168 Bethlehem.
1407 4124 1479 4168 Sic

238 4185 365 4227 etiam
392 4186 564 4241 legitis:
595 4187 645 4230 Et
669 4189 826 4242 [aetram
850 4199 911 4234 est
931 4204 1022 4234 cum
1046 4202 1179 4236 essent
1201 4194 1259 4236 ibi
1282 4194 1399 4251 (Luc.
1427 4208 1475 4246 u,

241 4251 302 4313 Ἰ),
325 4257 436 4300 baud
458 4259 634 4303 dubium
660 4262 762 4317 quin
785 4262 1047 4317 Bethlehem,
1077 4266 1230 4320 impleti
1265 4275 1359 4310 sum
1390 4269 1478 4311 diet

1502 2286 1534 2331 C

1109 57 1288 103 ,amm
1315 49 1908 119 Ptifflttousmuffists

2865 3256 2869 3280 l

1505 3354 1539 3396 D
1562 3341 1691 3383 quam
1729 3331 1794 3373 sol
1827 3331 2065 3383 charitatis,
2093 3338 2138 3374 ut
2169 3333 2403 3389 unicnique
2442 3335 2619 3379 reddere
2651 3338 2807 3392 possit,
2843 3207 2869 3367 S

2710 51 2803 100 252

1555 144 1646 200 ejus
1669 151 1715 187 ut
1740 150 1994 200 perennet
2025 143 2180 199 peperit
2217 142 2356 199 filium
2395 154 2517 186 suum
2554 143 2822 200 primogenita
2869 147 2873 203 ᾗ

1557 224 1644 259 tum
1669 215 1824 273 (ibim).
2283 247 2287 250 .

1609 286 1663 331 Χ.
1696 287 1796 332 Dies
1820 289 1928 333 istos
1946 285 2110 339 Mariae,
2135 288 2211 343 qui
2241 287 2286 330 in
2309 285 2484 331 Galilaea
2515 293 2559 331 et
2590 286 2804 334 Nazareth
2870 280 2873 287 ⁴

1554 361 1780 416 incipiunt,
1820 360 1893 404 sed
1927 361 1971 403 in
2004 359 2150 403 lud-aea
2189 365 2232 402 et
2263 358 2511 403 Bethlehem
2542 359 2820 415 implentur,-

1554 430 1767 476 desideria
1788 432 2026 487 accipimus
2049 432 2192 481 beata,
2216 437 2259 474 et
2282 438 2432 474 sancta
2455 437 2667 487 opera‚·et
2688 440 2812 487 qua-¹

1555 517 1726 560 cunque
1758 503 1842 547 alia
1879 509 1982 548 sunt
2004 504 2213 546 virtutum
2249 503 2538 558 spiritualium
2572 506 2805 559 exercitiaz

1555 577 1711 631 quihus
1736 575 1874 631 magis
1900 586 1951 618 ac
1987 574 2125 632 magis
2155 575 2271 630 quod
2308 574 2588 630 impraegnata
2626 575 2698 626 sit,
2731 575 2830 628 de·-¹

1555 647 1834 703 prehenditur
1858 646 2008 690 Maria.
2033 646 2142 698 Quia
2165 647 2369 692 nimirum
2402 657 2454 690 eo
2474 646 2682 702 maj0rem
2706 654 2837 703 pros-‘-

1557 720 1684 775 ponit'
1700 719 1827 763 nobis
1849 724 1989 762 mater
2006 717 2153 762 Gratia
2172 719 2224 761 in
2248 717 2397 762 futuro
2416 717 2614 763 conferre
2637 731 2808 764 merce·

1556 790 1732 834 demin
1766 789 1990 841 felicitate,
2026 803 2113 846 quo
2150 789 2357 846 majorem
2386 796 2430 834 et
2466 790 2809 837 numerosiorem

1556 862 1681 907 nobis
1707 868 1912 918 prorogat
1950 864 2221 907 sanctitatem
2254 863 2298 907 in
2329 865 2671 908 conversatione.
2699 864 2815 914 Nam',

1556 946 1635 991 ego
1671 941 1774 992 puto
1796 934 1911 992 quod
1945 935 2051 980 tides
2075 936 2249 992 quando
2284 937 2399 979 lucet
2436 936 2478 979 in
2514 938 2658 989 nohis,
2683 930 2831 995 quasi*

1557 1008 1751 1065 quaedam
1775 1009 1894 1052 clara
1917 1007 2010 1052 dies
2033 1014 2100 1052 est
2121 1025 2131 1052 ·.
2152 1007 2321 1065 Magna,
2347 1007 2500 1060 fateor,
2526 1010 2702 1054 claritas
2724 1009 2810 1055 diet
2826 1008 2833 1035 -’

1558 1081 1702 1137 hujus,
1727 1093 1813 1136 qua
1844 1080 2034 1137 fulgente
2064 1080 2108 1123 in
2132 1079 2274 1131 nobis,
2301 1081 2519 1126 credimus
2546 1082 2634 1138 90
2655 1081 2820 1135 Βειιιιις·

1559 1154 1775 1198 credimus
1811 1153 1913 1207 Deo,
1939 1150 2156 1196 credimus
2180 1153 2224 1195 in
2257 1151 2409 1196 Deum.
2442 1151 2619 1198 Summe
2652 1158 2831 1210 poten-

1558 1295 1735 1340 bonum.
1763 1295 1814 1338 Et
1847 1296 1891 1338 in
1932 1297 2046 1339 hunc
2085 1297 2260 1339 modum
2294 1298 2512 1342 credimus
2544 1297 2632 1342 Deo
2669 1299 2823 1346 veraci·

1560 1367 1830 1424 promissori.
1857 1366 2085 1412 Credimus
2112 1369 2156 1411 in
2189 1366 2325 1413 Deum
2359 1370 2467 1413 utin
2492 1370 2631 1427 ipsam
2664 1373 2813 1416 suavi*

1559 1446 1692 1484 tatem
1715 1439 2049 1493 indefic²entem,
2073 1447 2115 1485 et
2139 1441 2409 1487 dulcedinem
2447 1455 2536 1488 non
2571 1442 2808 1490 fallentem.

1562 1512 1634 1557 Sic
1666 1519 1709 1558 et
1741 1526 1840 1569 spes
1876 1512 2069 1569 quaedam
2101 1513 2210 1562 dies,
2253 1521 2295 1558 et
2327 1515 2500 1571 quidem
2521 1516 2645 1560 valde
2676 1517 2820 1570 clar&

1560 1598 1644 1643 qua
1688 1587 1963 1630 illucescente
2009 1586 2054 1630 in
2102 1587 2227 1631 nobis
2264 1588 2546 1644 spiritualiter
2582 1578 2824 1641 videmus-‚³

1559 1658 1674 1716 quod
1699 1659 1982 1715 corporaliter
2003 1671 2091 1703 non
2111 1660 2319 1713 retentus,
2344 1667 2565 1707 asserente
2586 1663 2808 1720 Apostolo:

1562 1731 1642 1788 Spe
1666 1745 1739 1775 nos
1761 1731 1898 1775 salvos
1931 1731 2067 1787 [actos
2098 1745 2186 1776 esse
2215 1732 2352 1791 (Rom.
2371 1747 2468 1788 viu,
2492 1735 2588 1792 24„
2625 1741 2668 1781 et
2697 1738 2810 1792 quod

1560 1818 1647 1849 non
1670 1805 1868 1850 videmus
1889 1817 2083 1862 sperare,
2108 1806 2272 1851 et-ideo
2297 1819 2374 1863 per
2391 1809 2639 1865 patientiam
2664 1821 2812 1868 exspe-

1562 1882 1691 1923 ctare.
1720 1877 1849 1922 Dolor
1872 1891 2044 1936 quoque
2073 1879 2146 1936 qui
2176 1892 2257 1924 nos
2290 1881 2442 1937 pungit
2479 1880 2523 1925 in
2563 1881 2812 1927 considera-

1560 1948 1678 1993 tione
1707 1949 1918 1992 malorum
1950 1951 2246 2007 praesentium,
2284 1956 2327 1995 et
2362 1952 2492 1996 timor
2511 1954 2586 2009 qui
2617 1954 2810 1998 concuti-t

1562 2022 1606 2065 in
1638 2021 1986 2066 consideratione
2018 2021 2279 2074 futurorum,
2311 2023 2404 2068 dies
2435 2024 2516 2069 tihi
2550 2025 2811 2070 videbuntur

1562 2095 1738 2138 sirecte
1760 2094 2006 2151 perpendiS.
2039 2094 2191 2140 Nonne
2222 2096 2415 2142 scientiae
2446 2097 2640 2151 claritas,
2666 2104 2710 2144 et
2739 2112 2811 2145 sa·

1561 2168 1733 2224 pientiae
1766 2168 2051 2215 nihilominus
2084 2171 2312 2215 maturitas
2336 2172 2379 2214 in
2410 2171 2555 2215 animo
2583 2172 2811 2229 quemdam

1563 2242 1723 2287 asseris
1745 2254 1842 2286 esse
1865 2242 2056 2286 lucidum
2083 2243 2216 2287 solem
2247 2244 2291 2287 in
2317 2246 2459 2288 coelo?
2479 2249 2521 2290 et
2544 2245 2716 2302 quidem
2736 2253 2812 2303 per

1562 2313 1679 2366 illam
1711 2314 1757 2356 in
1788 2320 1932 2358 mente
1954 2314 2094 2357 oritur
2124 2314 2269 2367 dolor;
2303 2313 2356 2357 ad
2381 2316 2491 2359 hane
2521 2328 2622 2371 vero
2646 2315 2715 2362 via
2746 2320 2822 2362 est.

1561 2384 1706 2436 timor,
1730 2384 1902 2429 dicente
1925 2384 2156 2431 Salomone
2177 2402 2186 2429 :
2209 2385 2292 2439 Qui
2320 2385 2439 2429 addit
2469 2389 2703 2441 scientiam.
2735 2386 2814 2432 ad—

1562 2455 1623 2499 dit
1646 2466 1684 2499 et
1718 2456 1905 2500 dolorem
1936 2457 2115 2515 (Eccles.
2142 2471 2173 2510 1,
2199 2459 2267 2516 18)
2287 2474 2298 2512 ;
2321 2465 2364 2503 et
2394 2459 2631 2505 affirmante
2661 2453 2814 2514 sancto

1562 2528 1697 2572 David
1721 2546 1730 2572 ι
1755 2529 1932 2573 Initium
1967 2532 2183 2586 sapientia}
2216 2532 2341 2575 timor
2370 2532 2540 2577 Domini
2568 2533 2705 2592 (Paul.
2741 2543 2811 2586 cx,

1562 2602 1650 2658 to).
1689 2601 1817 2646 Dolor
1847 2603 1994 2658 itaque
2025 2603 2219 2659 quaedam
2240 2611 2306 2648 est
2334 2606 2376 2649 in
2400 2611 2444 2650 te
2468 2606 2577 2660 dics,
2595 2607 2702 2665 ,quia
2725 2618 2814 2665 quo
2850 2653 2852 2658 ,

1560 2676 1703 2730 magis,
1723 2677 1766 2719 iu
1789 2676 1869 2720 hac
1894 2678 1980 2721 vita
2011 2689 2144 2732 super
2179 2683 2413 2734 praesentes
2443 2681 2643 2725 tenebras
2673 2680 2810 2732 doles,

1561 2760 1612 2791 eo
1644 2750 1740 2804 plus
1765 2749 2005 2794 claritatem
2042 2749 2198 2794 futurae
2231 2752 2501 2797 illuminatus
2533 2754 2813 2809 spiritualiter
2875 2747 2877 2749 ’

1560 2822 1696 2866 rides.
1736 2822 1811 2866 Est
1843 2831 1882 2867 et
1907 2824 2053 2874 timor,
2085 2825 2185 2881 quia
2216 2837 2301 2882 quo
2325 2827 2420 2883 plus
2457 2819 2582 2872 times
2603 2827 2812 2885 supplicia
2858 2867 2860 2878 ζ

1560 2895 1782 2940 incurrere
1810 2908 1948 2952 poenae
1972 2897 2215 2949 infernalis,
2239 2911 2292 2943 eo
2318 2901 2453 2955 magis
2479 2900 2735 2944 illuminaris
2756 2900 2811 2945 ad
2835 2891 2838 2894 ⁴

1562 2968 1791 3021 quaerenda
1815 2969 1971 3024 gaudia
2004 2970 2156 3025 patriae
2178 2971 2380 3016 coelestis.
2409 2971 2499 3016 Diei
2519 2974 2688 3017 timoris
2710 2986 2812 3019 suo-
2846 3016 2850 3021 .

1562 3038 1675 3083 cedit
1707 3039 1799 3084 dies
1820 3041 2100 3096 poenitentiae,
2125 3042 2225 3098 quia
2250 3049 2339 3086 tum
2372 3044 2480 3087 hene
2511 3045 2646 3096 vides,
2671 3058 2810 3103 quan·
2844 3049 2877 3084 ³--

1560 3119 1650 3154 tum
1686 3117 1897 3168 poenitere
1934 3114 2068 3159 debes
2090 3114 2143 3159 de
2179 3117 2497 3172 perpetratione
2520 3118 2669 3174 culpae,
2709 3130 2809 3163 cum
2834 3110 2858 3174 ἰ,

1562 3186 1747 3239 primum
1771 3187 1895 3242 plene
1914 3187 2073 3231 videris
2097 3189 2307 3244 supplicia
2333 3202 2471 3246 poenae
2499 3206 2506 3233 :
2532 3190 2642 3234 hanc
2666 3193 2810 3250 sequi·
2846 3181 2865 3220 'J

1561 3263 1632 3298 tur
1664 3256 1862 3308 lustitia,
1886 3271 1982 3314 qua:
2013 3265 2056 3302 et
2088 3259 2180 3316 ipsa
2215 3261 2305 3304 dies
2335 3272 2428 3306 esse
2463 3276 2546 3305 non
2570 3264 2806 3318 dubitatur.

2861 3359 2867 3370 ⁴

2842 3378 2866 3388 „-

1562 3401 1676 3456 quod
1710 3415 1834 3446 suum
1860 3409 1942 3455 est,
1970 3405 2198 3457 illuminat,
2225 3412 2270 3448 ut
2292 3409 2371 3463 qui,
2397 3408 2440 3450 in
2470 3409 2548 3451 hae
2580 3410 2647 3451 die
2670 3410 2806 3455 hone—
2837 3385 2865 3449 3

1563 3479 1626 3516 ste
1653 3475 1842 3517 ambulat
1878 3476 1986 3520 sciat
2012 3479 2244 3533 reprobare
2279 3479 2439 3522 malum
2475 3487 2515 3523 et
2550 3482 2704 3537 eligere
2727 3482 2806 3526 ho-
2843 3472 2868 3519 ἢ

1561 3559 1662 3588 num
1687 3547 1819 3592 :illud
1846 3548 2020 3604 quidem
2053 3563 2106 3593 ne
2138 3551 2263 3594 alicui
2292 3559 2459 3603 noceat,
2492 3554 2606 3598 istud
2634 3566 2736 3599 vero
2759 3559 2807 3599 ut
2844 3547 2867 3603 3¹2¹

1561 3621 1696 3673 prosit
1719 3612 1936 3666 omnibus.
1962 3621 2067 3667 Post
2101 3623 2211 3668 lianc
2239 3624 2332 3669 «lies
2363 3625 2573 3670 illucescit
2604 3628 2803 3684 septima,
2853 3647 2868 3720 g

1560 3699 1601 3733 ct
1624 3700 1689 3736 est
1717 3693 1949 3739 Sabbatum
1983 3697 2284 3753 requietionis,
2309 3699 2426 3742 clara
2455 3699 2653 3744 videlicet
2680 3700 2804 3757 quiea

1560 3771 1600 3806 ct
1622 3765 1764 3830 quieta
1789 3767 1961 3812 claritas
1986 3770 2165 3814 internae
2187 3773 2576 3828 contemplationis.

1616 3836 1685 3880 xl.
1719 3838 1771 3881 Hi
1806 3849 1907 3884 sunt
1929 3840 2022 3886 dies
2042 3843 2208 3894 matris,
2248 3856 2355 3900 quos
2389 3846 2516 3889 habet
2551 3847 2724 3902 quidem
2757 3847 2803 3892 in

1560 3907 1732 3954 Galilaea
1761 3913 1803 3954 in
1823 3911 2063 3966 Nazareth,
2095 3915 2167 3958 sed
2193 3922 2514 3963 eonsummatos
2543 3931 2618 3963 eos
2645 3921 2695 3963 'in
2725 3915 2802 3964 Ju-
2835 3909 2874 3968 ‘z

1559 3982 1666 4032 daea,
1691 3983 1733 4025 in
1758 3983 2001 4030 Bethlehem
2026 3989 2230 4040 ostenda,
2254 3988 2355 4032 dnm
2378 3991 2435 4034 na
2462 3991 2593 4035 mium
2618 3992 2796 4048 peperit.
2851 3978 2874 4017 ’Τ

1562 4051 1633 4098 Sic
1655 4061 1696 4098 et
1715 4055 1793 4099 has
1815 4057 1856 4099 in
1878 4058 2002 4118 nohis
2018 4059 2198 4104 virtutes
2218 4065 2354 4106 mater
2371 4060 2519 4105 Gratia
2535 4063 2577 4106 in
2599 4063 2796 4119 praesen'ti
2858 4079 2862 4082 ·

1558 4127 1759 4178 exercet,
1796 4130 1870 4174 sed
1904 4143 1978 4175 eas
2008 4129 2052 4175 in
2088 4133 2277 4189 ‘Superna
2311 4135 2447 4189 patria
2483 4135 2799 4180 consummabit

1558 4203 1601 4240 ct
1632 4198 1763 4244 liniet.
1802 4201 1881 4245 [lii
1922 4204 2046 4248 nobis
2082 4207 2372 4261 propos'tum,
2414 4208 2527 4264 quod
2561 4208 2614 4251 de
2650 4212 2797 4252 nostra

1559 4269 1687 4317 habet
1719 4276 1953 4320 salvatione
1980 4278 2191 4330 ostendet,
2223 4292 2309 4335 quo
2341 4280 2409 4323 hi(-
2441 4282 2608 4336 quidem
2642 4281 2685 4325 in
2708 4281 2797 4335 spi-
