2924 4588
241 153 327 198 9⁸9
560 167 588 201 ο

1182 143 1474 194 connire-1111
1491 143 1888 210 ΝΥΙἸῚΞΒΒΙΕΝ815

238 249 281 288 01
301 242 449 285 Natale
473 239 639 283 Domini
657 237 804 282 Rom·
825 237 1058 289 celebrato,
1084 236 1294 293 tredecim
1311 249 1365 280 ex
1388 249 1481 280 ma·
1502 239 1540 284 A
1561 234 1673 280 Otho
1697 248 1818 281 reum
1838 236 2031 282 defendit
2050 249 2167 290 eum,
2187 235 2408 297 iussitque
2422 240 2586 294 vocari,

236 316 419 372 ionibus,
446 318 598 369 practer
620 310 885 367 praesectum,
920 309 1143 360 Romanis,
1180 309 1255 366 qui
1275 322 1376 366 erga
1405 323 1484 366 pa-

237 400 334 442 pam
355 386 540 430 Leonem
568 389 789 427 imverant
814 382 1064 435 factionem,
1084 383 1288 438 patibulis
1310 382 1482 426 1111311ἰο

236 459 476 514 suspendit.
495 457 653 500 Deinde
669 456 799 498 lilium
820 468 945 499 suum
959 455 1171 500 Othonem
1190 453 1290 500 fecit
1304 470 1327 499 a
1340 455 1482 501 Leone

235 532 434 587 pontifice
460 530 672 574 coronari.
699 534 742 573 et
764 528 1005 584 Augustum
1024 529 1184 579 vocari,
1206 529 1331 583 eique
1351 528 1479 571 filiam

232 602 700 657 Constantinopolitani
737 599 1029 657 imperatoris,
1065 599 1408 657 Theophaniam‚
1436 601 1480 644 in

234 675 551 719 matrimonium
567 674 721 730 junxit,
742 673 900 717 Deinde
920 673 1140 730 trigesimo
1160 674 1342 729 septimo
1359 675 1480 730 regni

233 750 299 792 sui
325 761 455 797 anno,
475 747 644 802 imperii
668 758 772 790 vero
793 746 962 790 decimo
979 746 1123 799 tertio,
1147 745 1262 790 aiem
1281 746 1477 791 ultimum

231 823 403 866 clausit.
431 821 514 865 iste
535 827 602 865 est
635 821 704 864 ille
739 819 867 870 Otho,
893 822 967 876 qui
993 819 1167 866 Graecos
1191 819 1234 862 in
1262 820 1412 878 Apulia
1435 826 1479 864 et

231 895 427 937 calabria
468 893 705 948 superavit,
745 899 787 936 ct
818 891 1117 936 Romanorum
1152 892 1384 951 imperium
1422 893 1475 936 ad

229 965 420 1011 Francos
443 966 673 1011 orientales
703 966 886 1010 reduxit.
1204 966 1206 968 ’

285 1039 379 1096 lpse
404 1039 571 1096 primus
603 1040 647 1081 in
672 1037 869 1082 Goslaria
893 1036 1108 1082 Saxonica
1135 1038 1477 1095 argentifodinas

228 1114 405 1158 invenit.
432 1113 700 1169 Metropolim
726 1113 852 1157 ctiam
882 1111 1158 1169 magdeburg,
1183 1111 1256 1154 ubi
1281 1113 1476 1168 sepultus

227 1197 309 1239 est,
331 1190 596 1232 ornamentis
613 1194 656 1232 et
680 1186 897 1231 thesauris
922 1184 1120 1242 plurimis
1146 1186 1380 1230 decoravit.
1402 1185 1478 1230 Be-

227 1260 450 1316 rengarius
472 1259 594 1304 exsul
620 1265 662 1303 et
687 1271 794 1301 uror
816 1260 911 1314 ejus
934 1259 1047 1314 apud
1083 1257 1334 1314 Babeuberg
1355 1269 1473 1301 mor-

1619 307 1696 352 Vir
1715 309 1836 354 stetit
1858 314 1902 354 et
1925 310 2059 366 siluit,
2086 309 2239 367 incipit
2263 309 2376 356 Otho
2397 312 2544 369 ioqui:

1567 380 1759 426 ‹Judicio
1783 383 1879 427 sisti
1903 384 2044 440 legum
2068 384 2239 429 ratione
2257 385 2425 440 petisti,

1562 455 1672 500 Dum
1695 457 1774 500 tibi
1794 469 1881 500 non
1906 457 2047 510 licuit,
2075 457 2218 515 tetigit
2238 470 2306 503 me
2320 445 2502 511 ,dextera
2526 457 2705 514 Christi,

1616 530 1711 574 Non
1729 536 1818 583 tua,
1841 531 1916 576 sed
1942 530 2114 574 Domini
2138 531 2320 576 verbera
2344 532 2474 589 digna
2499 533 2575 577 lui.
2767 534 2772 536 ’

1560 600 1696 658 Digna
1717 602 1797 655 lui,
1815 603 1920 659 quia
1946 603 2112 648 Pascha
2132 601 2230 655 suit,
2252 616 2352 647 eum
2380 616 2559 660 parcere
2581 617 2787 661 possem„

1560 674 1627 720 Me
1650 676 1794 727 libuit,
1814 676 1931 733 quod
1953 689 2040 720 non
2060 677 2198 728 licuit,
2225 666 2343 720 dedit
2367 678 2475 722 ultio
2494 691 2640 730 nosse,

1614 749 1745 793 Porto
1766 748 1914 794 surore
1935 750 2021 795 mei
2044 749 2179 807 digna
2203 749 2372 808 flagella
2396 750 2489 796 Dei.

1558 820 1739 866 Parcius
1759 823 1842 866 ista
1861 827 2006 867 tamen
2028 822 2182 877 punire
2206 822 2283 867 tihi
2302 824 2540 879 potuisses,

1558 894 1695 952 Quam
1718 895 1814 940 sine
1834 906 1986 940 rasore
2001 894 2184 940 barbam
2207 896 2411 942 manibus
2435 898 2659 959 rapuisses

1611 969 1781 1013 Amodo
1802 982 1899 1026 quae
1923 969 2075 1025 cupias
2099 969 2253 1015 ordine
2274 969 2388 1014 dicta
2412 969 2547 1016 feras.
2562 987 2575 1013 1

1558 1042 1679 1090 Miles
1703 1049 1750 1086 ut
1771 1043 1948 1100 exponit
1964 1055 2061 1100 quae
2077 1043 2135 1088 sit
2158 1043 2285 1088 modo
2306 1056 2438 1089 causa
2465 1044 2641 1097 suroris,

1557 1114 1721 1172 Mitigat
1743 1113 1925 1158 Othonis
1953 1119 2244 1171 symptomata
2262 1115 2304 1160 vi
2326 1116 2529 1168 rationis,

1614 1188 1685 1234 Sic
1706 1188 1835 1233 datur
1856 1187 2088 1235 incolumis
2111 1179 2236 1233 miles
2261 1189 2380 1233 abire
2403 1187 2525 1246 soris.

1554 1259 1642 1305 Nec
1668 1260 1796 1305 datur
1821 1259 1924 1304 hinc
1946 1259 2011 1303 ire
2033 1259 2151 1316 quod
2177 1260 2331 1305 debeat
2352 1262 2446 1318 ipse
2470 1261 2631 1314 redire,

227 1332 289 1375 tui
317 1336 433 1376 sunt.
457 1331 627 1375 Denarii
663 1332 737 1386 qui
761 1332 900 1376 vocati
934 1337 1034 1376 sunt
1067 1330 1274 1382 otholini,
1301 1332 1355 1375 ab
1390 1330 1473 1376 hoc
1498 1317 1531 1364 Β
1554 1334 1700 1381 Laesor
1720 1334 1835 1379 enim
1858 1332 1901 1378 si
1918 1332 2242 1390 quandoredit,
2265 1334 2589 1381 reminiscimur
2605 1335 2698 1387 irae,

226 1405 391 1450 Othone
410 1412 508 1449 sunt
535 1406 576 1449 in
600 1404 720 1448 ltalia
746 1405 987 1451 constituti.

282 1480 305 1524 1
310 1488 387 1523 lem
409 1480 459 1523 de
473 1479 613 1523 eodem
628 1479 786 1524 Othone
802 1481 937 1536 primo
954 1478 1135 1523 versibus
1149 1477 1414 1536 subrepatur.

223 1553 335 1598 Otho
352 1560 584 1599 coronatus
606 1553 826 1611 paschalia
846 1554 958 1598 festa
981 1555 1164 1614 peregit,

222 1627 370 1671 Adfuit
391 1633 432 1670 et
456 1627 639 1672 celebris
655 1627 890 1685 primatum
913 1628 1035 1671 curia
1060 1628 1169 1685 regi,

276 1701 456 1746 Fercula
483 1714 578 1759 quae
597 1692 759 1751 docuit,
783 1702 900 1758 regia
931 1714 1083 1747 mensa
1104 1699 1236 1749 vehit„

222 1774 370 1818 Mensa
392 1775 512 1819 cibos
533 1781 680 1820 coctos
703 1776 844 1820 tenuit
858 1775 982 1833 prius
1004 1774 1078 1819 illa
1106 1782 1300 1831 paratos,

221 1848 357 1900 Quam
385 1849 558 1892 veniant
588 1850 767 1903 domini,
803 1851 870 1894 vel
895 1862 1016 1894 more
1054 1850 1214 1897 ducum
1249 1851 1467 1905 sedeatur,

275 1920 347 1963 1110
369 1922 492 1965 cibus
522 1922 694 1965 miseris
719 1922 1067 1978 pauperibusque
1090 1924 1233 1969 datur.
1451 1915 1454 1918 ’

221 1992 315 2037 Dux
338 2007 445 2050 puer
467 1994 694 2047 accedens,
714 1995 857 2051 magni
883 1995 1009 2039 ducis
1034 1996 1370 2050 unicushaeres,

219 2067 325 2110 Cum
361 2067 468 2110 soret
499 2067 715 2119 esuriens,
752 2067 854 2110 dum
874 2067 1036 2114 fercula
1060 2076 1260 2126 prompta
1283 2072 1463 2123 11110101,

274 2138 442 2197 Accipit
462 2145 508 2182 ut
530 2140 743 2190 comedat,
769 2152 846 2185 cor
869 2141 1034 2196 puerile
1054 2153 1230 2199 gerens.

221 2216 336 2259 More
361 2229 440 2259 suo
465 2217 632 2272 dapifer
656 2216 760 2261 vitio
787 2218 1009 2262 variabilis
1032 2218 1122 2271 irae,

218 2287 311 2332 Non
336 2288 481 2331 timuit
502 2300 683 2344 puerum
709 2287 898 2346 graviori
919 2289 1031 2335 suste
1057 2288 1203 2342 scrire,

275 2359 376 2404 lnde
399 2373 505 2416 puer
528 2360 700 2413 cecidit,
726 2362 904 2406 vulnere
929 2367 1093 2407 stratus
1116 2363 1252 2409 humi.

219 2433 339 2478 Miles
357 2434 493 2486 adest,
517 2447 650 2492 puero
673 2442 821 2480 custos
845 2436 972 2482 datus
989 2443 1119 2494 atque
1139 2439 1360 2495 magister,

219 2509 418 2555 Vindicat
439 2513 606 2568 egregie
629 2512 851 2557 dominum
878 2526 1005 2569 quem
1031 2515 1217 2570 percutit
1240 2516 1340 2569 iste,

277 2583 461 2627 Vulnere
482 2596 582 2627 nam
608 2584 776 2640 dapifer
797 2590 995 2630 mortuus
1023 2587 1117 2643 ipse
1136 2587 1268 2643 jacet.

218 2656 362 2702 Turba
386 2658 530 2714 gemit,
556 2670 630 2702 rex
656 2656 768 2702 Otho
788 2659 921 2710 venit,
941 2671 1205 2717 causamque
1239 2662 1437 2718 requirit,

219 2728 290 2772 llle
310 2729 440 2784 jacet,
465 2730 565 2773 dum
586 2730 712 2773 turba
730 2735 863 2782 tacet,
890 2731 1065 2776 mandat
1084 2722 1278 2788 aperiris

273 2800 377 2852 Quae
404 2799 531 2844 suerit
560 2793 700 2859 pueri,
723 2814 821 2860 quae
841 2801 970 2846 modo
988 2815 1119 2848 causa
1141 2805 1242 2849 viri.
1281 2833 1286 2838 -

219 2872 380 2925 Quaeru
403 2879 443 2917 et
461 2882 678 2919 auctorem
703 2875 871 2925 mortis,
896 2876 1097 2932 quisnam
1122 2877 1234 2924 soret
1256 2878 1344 2930 1110,

218 2943 292 2988 1110
320 2947 438 2991 stetit
462 2946 646 3001 medius,
671 2949 817 2992 animo
838 2950 963 3006 quasi
987 2951 1126 3006 major
1139 2950 1324 3003 Achille,

275 3018 362 3062 Nec
385 3026 511 3076 negat
536 3020 653 3064 hunc
675 3022 816 3078 ipsum
844 3021 960 3067 fuste
981 3035 1163 3071 necasse
1188 3026 1347 3070 virum.

219 3090 311 3135 Rex
334 3094 393 3134 ait
415 3109 422 3135 ;
455 3092 591 3149 «Ergo
611 3094 721 3139 mori
750 3094 910 3152 dignus
933 3098 1099 3142 ratione
1119 3099 1299 3151 videris,
1369 3150 1373 3154 ,

218 3163 427 3207 Criminis
451 3170 658 3217 actorem,
686 3167 790 3210 dum
814 3175 854 3211 10
876 3169 983 3213 satis
1008 3181 1084 3216 ere
1113 3170 1280 3223 fateris,

276 3235 411 3293 Digna
430 3238 514 3282 tuis
536 3238 702 3284 meritis
726 3239 867 3284 hostia
893 3243 1048 3287 mortis
1067 3243 1198 3288 eris.»
1234 3276 1236 3278 .

222 3311 341 3356 Miles
359 3313 445 3356 ait:
472 3312 699 3358 «Discerne
724 3316 863 3372 magis
885 3318 988 3373 quid
1009 3318 1123 3373 iuris
1150 3320 1349 3373 habetur,

218 3383 386 3428 Judicio
410 3397 464 3429 ne
484 3386 693 3441 praecipiti
717 3400 789 3432 res
810 3394 907 3432 acta
931 3395 1124 3444 putetur,

278 3455 352 3500 Est
374 3457 474 3511 quia
492 3454 658 3499 Pascha
681 3456 775 3509 Dei,
797 3471 889 3512 rex,
909 3460 1117 3505 miserere
1136 3463 1240 3508 mei.

219 3528 285 3572 Ira
307 3534 448 3572 movet
466 3541 627 3587 regem,
641 3532 762 3576 limet
786 3533 857 3577 ille
879 3534 989 3577 mori
1012 3535 1108 3581 sine
1130 3536 1241 3594 lege,

221 3601 326 3643 Cum
353 3614 427 3643 rex
447 3603 564 3656 justa
590 3613 728 3660 neget,
757 3605 882 3649 miles
905 3607 1020 3663 rapit
1044 3607 1162 3653 illico
1180 3622 1342 3667 regem,

279 3675 365 3718 Rex
389 3681 632 3732 prostratus
657 3677 794 3730 humi,
815 3678 934 3734 justa
959 3693 1143 3737 negasse
1165 3683 1261 3727 luit.

222 3747 328 3791 Dum
353 3754 470 3793 tenet
493 3748 722 3804 Othonem,
751 3752 930 3796 barbam
950 3753 1099 3806 trabit,
1140 3762 1285 3869 atque(
1309 3770 1467 3813 grano-

1286 3825 1407 3869 110111,

221 3875 378 3919 Guttur
396 3883 437 3920 et
459 3890 532 3921 ora
554 3892 769 3935 premens,
789 3882 962 3939 gravior
981 3882 1148 3930 feritate
1172 3885 1311 3939 leone,

276 3948 328 3992 Ni
354 3950 464 3994 roret
485 3952 689 3997 auxilium
715 3961 912 4001 mortuus
936 3955 1048 4002 01110
1074 3957 1201 4004 soret.

224 4021 314 4067 Sub
337 4023 476 4068 loculo
499 4026 663 4068 scamni
688 4039 831 4083 regem
852 4030 1088 4074 crudeliter
1107 4033 1242 4088 angit,

223 4093 448 4153 Unguibus
472 4096 650 4141 infixum
675 4107 824 4156 guttur
840 4114 1067 4148 conanime
1090 4103 1267 4163 frangit,

276 4167 398 4213 Nunc
424 4168 546 4226 pede,
570 4185 686 4216 nunc
708 4174 908 4220 manibus
927 4179 1053 4221 turba
1077 4180 1257 4225 retraxit
1279 4192 1396 4225 eum.

223 4241 336 4285 Otho
357 4241 477 4288 sedet
500 4245 715 4301 stupidus,
742 4250 857 4304 turpi
875 4251 1063 4296 statione
1081 4252 1265 4307 levatus,

223 4313 361 4358 Barba
384 4315 484 4371 pilis
516 4318 674 4369 caruit,
703 4325 852 4375 guttur
873 4322 987 4367 dolet
1010 4325 1294 4380 excoriatum,

278 4388 423 4433 Laude
439 4395 693 4436 coronatum
716 4398 802 4437 stat
824 4395 919 4440 sine
935 4396 1062 4442 laude
1083 4404 1229 4456 caput.

226 4458 368 4511 rurba
390 4461 558 4517 dolens,
578 4470 699 4511 stans
723 4474 822 4514 ante
846 4467 961 4516 sores
982 4473 1099 4529 cupit
1122 4472 1235 4518 hunc
1260 4474 1462 4520 cruciari.

1611 1406 1656 1451 Si
1682 1407 1796 1450 mala
1815 1405 2025 1451 deliteant
2045 1405 2157 1450 livor
2179 1411 2223 1452 et
2248 1406 2314 1451 ira
2337 1405 2484 1457 silent.

1553 1481 1657 1527 Post
1669 1480 1796 1525 rediit
1820 1486 2008 1539 tempus,
2034 1492 2120 1537 quo
2142 1491 2218 1524 rex
2245 1479 2356 1525 soret
2373 1481 2465 1537 ipse
2482 1487 2732 1539 peremptus

1550 1553 1636 1599 Aut
1657 1552 1768 1596 male
1790 1551 2008 1603 detentus,
2024 1553 2100 1598 sed
2123 1552 2273 1602 militis
2291 1564 2396 1599 ense
2422 1553 2687 1612 redemptus,

1591 1618 1798 1683 ‘Corpore
1821 1631 1906 1670 stat
1922 1637 2046 1681 sano,
2070 1624 2196 1682 cujus
2216 1634 2259 1671 et
2279 1631 2376 1670 3013
2398 1622 2524 1673 cano.

1551 1698 1842 1754 Quandocsub
1865 1710 1963 1742 arce
1984 1690 2089 1755 poli,
2118 1697 2252 1743 Canis
2274 1706 2341 1744 est
2362 1700 2567 1756 adjuncta
2584 1698 2738 1755 Morti,

1554 1771 1608 1818 Ut
1629 1773 1770 1830 placet
1791 1770 1950 1817 Othoni
1971 1777 2163 1816 castrum
2185 1772 2316 1818 datur
2338 1761 2572 1828 obsidioni,

1605 1846 1789 1897 Clausus
1811 1846 1905 1904 lege
1928 1844 2012 1890 fori
2038 1845 2208 1902 judicat
2231 1844 2344 1892 01110
2367 1846 2503 1891 mori,

1550 1921 1660 1964 Dum
1687 1919 1830 1965 media
1855 1920 2046 1964 dormire
2063 1917 2133 1963 die
2162 1931 2238 1963 rex
2261 1919 2356 1975 ipse
2380 1919 2558 1969 soleret,

1550 1995 1602 2038 Et
1625 2006 1829 2052 proceres
1847 1994 1990 2039 somni
2008 1992 2181 2051 requies
2204 1993 2306 2036 hinc
2326 1993 2429 2039 inde
2449 1999 2632 2046 teneret,

1581 2069 1679 2115 -Vir
1702 2070 1822 2116 sedet
1839 2070 1883 2113 in
1905 2070 2080 2113 lavacro
2101 2070 2257 2114 balnea
2280 2070 2362 2114 rite
2383 2082 2554 2125 gerens.

1548 2142 1664 2201 Rege
1684 2150 1904 2201 soporato,
1930 2145 2016 2189 cito
2036 2145 2206 2202 prosilit
2234 2146 2372 2191 hostis
2397 2146 2451 2188 ab
2479 2146 2601 2201 urhe,

1496 2265 1498 2267 ,
1553 2217 1605 2263 Ut
1627 2219 1842 2274 perimant
1861 2230 2023 2275 regem,
2050 2231 2226 2263 cursum
2245 2217 2454 2262 latitando
2476 2223 2724 2280 perurgent,

1606 2290 1735 2337 Solus
1759 2303 1835 2336 eos
1857 2291 1981 2336 miles
2002 2292 2076 2348 qui
2098 2293 2227 2344 lavat,
2255 2292 2325 2336 1110
2347 2291 2483 2338 videt.

1486 2386 1520 2431 C
1549 2364 1607 2408 Ex
1625 2364 1797 2410 lavacro
1815 2365 1990 2416 saliens,
2014 2365 2210 2423 elypeum
2234 2367 2360 2421 rapit¹
2382 2372 2510 2423 atque
2535 2375 2802 2416 mucronem,

1548 2435 1762 2485 Praevenit
1784 2437 1967 2487 hostiles
1989 2435 2161 2496 Othone
2189 2437 2362 2494 iacente
2379 2437 2563 2489 furores,
2618 2491 2621 2494 y

1603 2508 1788 2563 Clamat,
1815 2517 1858 2555 et
1880 2523 1933 2556 ex
1954 2523 2073 2555 more
2093 2512 2239 2567 praelia
2262 2511 2357 2555 dira
2386 2511 2544 2555 movet.

1549 2582 1684 2640 Regia
1703 2595 1807 2640 pars
1831 2584 2007 2636 crescit,
2027 2583 2151 2627 timet
2177 2583 2332 2644 hostis,
2357 2592 2400 2627 et
2423 2582 2526 2638 inde
2550 2581 2744 2636 recessit,

1549 2655 1672 2701 Miles
1694 2656 2004 2712 utinsequitur
2026 2654 2186 2708 nudus,
2212 2651 2311 2702 vera
2338 2667 2480 2714 pugna
2497 2653 2690 2707 calescit,

1604 2730 1828 2788 Aspicitur
1849 2720 1937 2775 late
1953 2728 2113 2782 nudus,
2147 2734 2194 2774 et
2214 2722 2312 2773 acta
2334 2733 2501 2791 patent,

1550 2802 1732 2858 Miratur
1753 2802 1915 2856 Caesar,
1942 2803 2107 2846 nudum
2134 2802 2379 2859 praeccdere
2395 2800 2548 2860 fortes,

1548 2872 1658 2921 Nam
1677 2877 1820 2933 solum
1844 2874 2007 2934 nudum
2028 2875 2168 2919 cernit
2192 2886 2400 2931 superare
2423 2874 2654 2927 eohortem

1603 2947 1719 2994 Laus
1736 2948 2014 3012 equitishnudi
2039 2947 2219 3003 grandis
2241 2948 2404 3004 ubique
2430 2947 2526 2993 11111.

1550 3022 1672 3066 Mane
1695 3013 2043 3080 sequente'iubct
2063 3021 2252 3080 equitem
2277 3029 2355 3066 'rex
2374 3019 2486 3066 01110
2513 3021 2679 3075 venire,

1550 3092 1672 3141 Miles
1694 3093 1814 3140 adire
1829 3088 1971 3147 timet,
1995 3107 2051 3139 ne
2068 3094 2105 3139 si
2124 3094 2425 3140 reminiscitur
2449 3095 2539 3147 irat,

1604 3166 1798 3212 Pristina
1815 3168 1943 3226 culpa
1958 3161 2049 3212 'viri
2076 3168 2133 3212 sit
2162 3168 2441 3212 memoranda
2461 3168 2560 3213 sibi.

1550 3240 1748 3298 Dumque
1767 3240 1886 3285 venit
1908 3241 2160 3298 compulsus
2177 3253 2327 3298 eques,
2356 3255 2428 3286 rex
2459 3242 2551 3287 haze
2573 3241 2634 3286 ait
2657 3241 2718 3284 1111
2738 3255 2749 3286 z

1555 3311 1732 3358 <Nonne
1752 3313 1838 3359 tuis
1857 3314 2057 3358 manibus
2073 3315 2212 3357 nostri
2238 3315 2405 3371 periere
2427 3314 2604 3372 capilli?

1604 3386 1759 3432 Nonne
1780 3384 1928 3431 furore
1950 3386 2012 3430 tui
2030 3387 2166 3431 barba
2185 3387 2316 3443 pilata
2336 3387 2463 3431 suit?»

1493 3458 1527 3501 D
1549 3461 1672 3506 Miles
1695 3460 1783 3505 a'it:
1813 3458 2020 3512 ‹Fateor;
2045 3460 2119 3504 sed
2139 3466 2233 3504 erat
2255 3461 2361 3503 mihi
2387 3460 2514 3516 culpa
2537 3460 2743 3511 remissa;

1547 3533 1642 3578 Non
1669 3533 1794 3578 decet
1810 3539 1858 3577 ut
1875 3533 2025 3590 culpas
2044 3533 2199 3577 iterum
2231 3546 2305 3577 rex
2324 3535 2506 3593 suscitet
2535 3531 2676 3589 ipsas,

1606 3608 1798 3651 Securus
1821 3608 1948 3651 venio
1973 3617 2074 3663 rege
2098 3614 2279 3651 vocatus
2299 3620 2422 3664 ego.»

1549 3678 1696 3735 Surgit
1716 3679 1761 3722 in
1784 3678 2008 3736 amplexus
2024 3678 2185 3735 equitis
2212 3677 2421 3722 mirabilis
2445 3675 2574 3729 Otho,

1546 3746 1662 3795 Dicit
1685 3751 1754 3796 ei:
1785 3765 1799 3790 c
1831 3749 2047 3802 Gaudere,
2075 3751 2184 3795 meis
2206 3755 2248 3795 10
2266 3750 2397 3795 rebus
2423 3750 2609 3806 adopto;

1543 3826 1546 3828 ’
1603 3824 1736 3880 Regia
1757 3822 1872 3867 sacta
1896 3823 2028 3879 geris,
2053 3835 2226 3879 semper
2242 3823 2409 3867 amicus
2431 3824 2560 3866 eris.»

1547 3912 1609 3956 De
1627 3911 1805 3956 secundo
1833 3911 2008 3965 Othone,
2033 3914 2282 3968 imperatore
2313 3912 2609 3965 Romanorum,
2632 3920 2798 3968 septua-

1880 3969 2032 4024 9esimo
2059 3982 2163 4011 nono
2188 3968 2238 4011 ab
2258 3969 2460 4025 Augusto.

1600 4040 1727 4086 Anno
1750 4041 1805 4085 ab
1823 4040 1995 4084 incarn.
2020 4039 2190 4084 Domini
2213 4039 2295 4084 975
2318 4039 2431 4085 Otho
2448 4039 2683 4091 secundus,
2707 4036 2799 4081 Ma-

1541 4113 1618 4169 gni
1643 4112 1828 4159 Othonis
1859 4113 1993 4166 filius,
2017 4113 2092 4169 qui
2122 4125 2147 4156 a
2176 4111 2321 4158 Leone
2366 4112 2562 4156 Romano
2595 4109 2797 4168 pontifice

1547 4187 1687 4237 [uerat
1709 4192 1960 4240 coronatus,
1983 4186 2096 4242 patri
2120 4186 2163 4229 in
2179 4186 2410 4243 imperium
2426 4186 2653 4238 successit,
2673 4190 2796 4230 octo-

1545 4255 1736 4314 gesimus
1756 4259 1937 4315 quintus
1969 4259 2024 4304 ab
2051 4259 2248 4316 Augusto
2286 4259 2532 4315 imperavit.
2573 4257 2657 4303 lste
2691 4256 2793 4302 dum

1545 4331 1719 4377 Graecos
1743 4333 1923 4377 incaute
1943 4344 2022 4390 per
2040 4331 2285 4377 Calabriam
2305 4333 2596 4390 persequitur,
2631 4322 2793 4375 amisso

1545 4405 1694 4456 milite,
1709 4405 1763 4450 de
1783 4407 1883 4450 navi
1900 4405 2121 4466 exsiliens,
2148 4406 2337 4449 natando
2350 4405 2512 4463 evasit.
2538 4403 2618 4458 Qut
2643 4410 2792 4464 postea

1547 4490 1660 4523 nono
1688 4467 1856 4536 imperii
1887 4479 1955 4526 sui
1983 4491 2097 4524 anno
2119 4477 2266 4525 Romae
2290 4478 2415 4535 obiit,
2450 4485 2492 4525 et
2529 4484 2628 4523 ante
2649 4476 2792 4521 eccle·
