2924 4588
18 72 20 83 ,
47 29 125 73 ιιι

644 12 1326 61 ms‘rontA‘scncLAsrtCA.
1372 43 1402 48 ..
1440 11 1603 62 LIBER
1631 14 1688 61 lv
1716 16 1924 66 REGUM.

2450 28 2558 78 itis

28 122 142 161 iiam
165 112 341 157 dederat
363 121 443 159 ets,
464 107 784 161 sicut-eiecerat
806 105 1076 150 Amorrhaeos
1093 117 1118 148 a
1137 104 1247 148 facie
1270 111 1306 154 Α
1327 118 1412 160 quo
1430 104 1558 148 modo
1573 105 1904 160 effuget-anum!
1927 109 2058 154 etiam
2075 111 2128 158 de
2151 117 2397 170 captivitate
2417 122 2560 177 aliquo

27 201 179 234 ‚or-um.
228 185 281 227 Et
319 181 556 225 mirabatur
587 178 701 234 quod
746 178 885 220 adhuc
919 185 1031 219 esset
1053 178 1095 218 in
1115 183 1246 225 terra,

27 278 30 283 -
81 239 551 300 verebaturimminere
575 249 881 304 captivitatem.
907 261 922 285 ‹
949 245 1071 288 Tunc
1088 259 1248 301 praece-

30 328 79 385 Jt
101 325 272 373 llelciae,
291 329 334 382 et
350 322 455 372 vlris
481 319 782 376 prudentibus,
803 325 848 363 ut
874 319 1146 362 consulerent
1165 317 1248 360 Do·

27 399 176 440 uinum
195 406 325 450 super
345 405 408 446 se,
424 398 472 441 ,et
499 403 628 446 super
648 391 854 450 populum
873 402 1015 438 suum.
1036 391 1117 441 Qui
1149 391 1248 434 des·

40 455 249 513 enderunt
268 465 320 508 ad
337 463 514 506 Holdam
523 463 857 522 prophetissam,
874 473 1049 504 uxorem
1067 462 1243 510 Selium,

26 551 108 589 3¹ae
131 535 351 594 habitabat
387 535 430 577 in
468 533 707 588 Jerusalem
756 532 800 575 in
844 531 1047 582 secunda,
1079 547 1092 571 ι
1118 532 1158 573 id
1180 537 1247 575 est

24 608 204 667 ecundo
229 607 392 650 ambitu
422 606 559 658 muri,
593 617 720 659 quem
753 603 912 646 fecerat
941 602 1169 654 Ezechias,
1193 605 1247 647 de

24 693 98 730 uo
115 681 223 724 dixit
241 678 483 734 Sophonias
503 693 512 720 :
543 691 558 717 ι
587 676 639 719 Et
659 677 848 719 ululatus
870 688 892 719 a
914 676 1102 718 secunda
1123 683 1246 730 parte

65 753 212 807 ephon.
235 750 284 807 ι),
317 765 330 791 ι
356 749 524 792 scillcet
543 747 645 803 quia
668 759 768 803 pars
798 746 989 790 secundo
1015 759 1141 789 muro
1161 747 1245 789 cir-

24 806 210 884 jumdata
232 821 355 878 prius
372 826 491 874 capta
511 824 593 862 est.
616 818 745 874 Forte
771 831 854 860 non
886 818 1141 860 invenerunt
1170 816 1243 860 Je-

45 894 205 943 miam,
232 892 298 935 vel
322 891 466 947 potius
485 889 653 933 nullius
667 889 807 931 adhuc
830 889 1036 931 momenti
1062 895 1170 932 erat.
1194 887 1245 943 Et

24 944 41 1014 ,ι
61 963 230 1020 spondit
252 962 384 1005 Holda
409 976 419 1005 :
452 977 467 1002 ‹
489 960 587 1004 Haec
603 960 709 1003 dicit
724 959 958 1003 Dominus:
977 957 1086 1004 Ecce
1109 960 1245 1003 addu-

33 1026 104 1084 'sm
130 1037 257 1087 mal-a,
279 1047 374 1091 quae
392 1034 552 1088 scripta
571 1038 672 1076 sunt
701 1033 874 1078 i'mlibro
899 1031 1005 1087 legis
1030 1045 1156 1088 super
1181 1033 1245 1074 lo·

32 1120 109 1177 9¹¹¹
133 1107 263 1157 hunc,
287 1110 329 1150 et
353 1105 618 1147 habitatores
642 1103 752 1156 ejus,
774 1106 848 1158 qui
877 1103 1154 1146 irritaverunt
1176 1114 1244 1146 me

1328 186 1430 217 casu
1458 170 1693 219 redierant.
1715 177 1766 219 Et
1789 180 1972 222 traditur
1994 182 2046 225 de
2073 183 2141 228 his
2170 185 2372 231 habuisse
2402 192 2453 233 ad
2482 206 2560 234 un-

1327 247 1463 290 decim
1488 250 1620 292 millia
1643 250 2010 298 Nathiunaeorum.
2033 257 2149 301 «Non
2166 267 2229 302 εει
2254 261 2407 307 Iactum
2422 251 2560 311 phase

1327 321 1411 363 tale
1435 331 1458 361 a
1481 320 1633 364 diebus
1652 323 1864 376 judicum.
1899 342 1912 366 ι
1945 326 1989 369 ln
2014 326 2365 385 Paralipomenon
2406 332 2559 392 legitur

1331 404 1346 429 ι
1376 401 1399 431 a
1423 390 1575 435 diebus
1601 391 1814 438 Samuelis
1845 396 1911 451 (II
1943 392 2091 442 Paral.
2117 403 2263 458 xxxv),
2292 421 2305 445 ι
2322 408 2434 459 quod
2458 421 2559 463 pos·

1326 467 1392 503 set
1441 462 1544 520 dici,
1566 462 1670 507 vitio
1722 467 1978 521 scriptorum
2024 470 2200 522 sactum,
2257 481 2298 517 et
2346 479 2556 532 scriptum

1324 541 1423 573 esse
1441 529 1612 576 Samuel
1632 546 1709 588 pro
1727 534 1985 588 Salomonis,
1999 541 2080 582 nisi
2105 542 2288 599 idipsum
2311 547 2353 588 in
2372 547 2557 604 Joseplio

1326 600 1553 655 legeretur.
1579 603 1727 648 Potest
1748 619 1849 663 ergo
1871 609 2047 666 intelligi
2073 614 2183 667 quod
2213 613 2382 661 Samuel
2406 619 2555 664 fecerit

1325 672 1482 725 Phasc,
1505 677 1586 719 etsi
1613 678 1655 719 in
1677 679 1854 723 historia
1878 695 1962 724 nou
1987 685 2167 739 legatur.
2184 688 2303 739 Quod
2328 697 2467 734 autem
2486 693 2558 747 ju·

1326 745 1445 790 dices
1465 748 1658 791 fecerunt
1695 750 1859 803 Phase,
1886 764 2049 798 certum
2075 764 2167 809 est,
2202 764 2403 813 quoniam
2441 764 2558 820 Moy-

1326 829 1395 860 scs
1431 826 1472 861 et
1505 815 1636 864 Josue
1669 823 1837 876 ,iudices
1877 825 2079 878 suerunt,
2109 836 2151 872 et
2184 831 2341 874 Iactum
2378 840 2442 878 est
2475 836 2556 879 hoe

1326 884 1532 943 Phase'in
1561 891 1801 937 Jerusalem
1821 896 1987 940 decimo
2021 910 2171 943 octavo
2208 914 2320 945 auno
2344 907 2462 962 regni
2483 907 2555 949 Jo-

1325 973 1414 1004 siae.

1571 1023 1672 1081 cii.
1699 1036 1906 1085 xxxvii.
1940 1042 2002 1086 ne
2019 1052 2147 1087 morse
2169 1046 2298 1091 10³2·oe

1386 1123 1400 1148 ι
1429 1107 1474 1151 In
1500 1108 1651 1155 diebus
1696 1114 1790 1168 ejus
1829 1117 2022 1157 ascendit
2061 1116 2229 1161 Pharao
2269 1119 2438 1165 Neciiao
2479 1135 2555 1172 rex

28 1189 54 1223 n
77 1177 244 1238 cunctis
261 1174 465 1231 operibus
487 1186 688 1217 manuum
726 1185 919 1217 suarum.
951 1173 1245 1216 Succendetur
1269 1159 1301 1201 B
1326 1176 1497 1236 AEgypti
1521 1189 1669 1224 contra
1688 1196 1829 1238 regem
1850 1185 2123 1240 Assyri0rum
2148 1190 2158 1239 ζ
2166 1188 2187 1231 1
2201 1190 2229 1231 V
2253 1188 2350 1245 Rey.
2371 1194 2510 1251 xxiii).
2538 1212 2551 1235 »

33 1244 252 1304 ndIgnatio
280 1259 391 1298 mea,
416 1258 459 1290 et
483 1258 568 1289 non
588 1247 901 1301 exstinguetur.
943 1244 1046 1302 Regi
1083 1252 1242 1297 autem,

21 1311 82 1364 ἰιι
103 1321 310 1364 misitvos
329 1319 511 1363 dicetis:
549 1317 648 1362 Haec
672 1318 777 1361 dicit
808 1317 1016 1361 Dominus
1039 1333 1047 1360 :
1082 1318 1165 1361 Pro
1193 1330 1245 1361 eo

22 1380 126 1438 'uod
142 1392 302 1436 audisti
321 1392 450 1435 verba
465 1391 712 1440 voluminis,
735 1397 776 1433 et
794 1391 1068 1445 perterritum
1087 1395 1152 1434 est
1171 1403 1246 1433 cor

30 1468 146 1516 uum,
167 1471 207 1508 et
227 1464 476 1507 humiliatus
500 1476 560 1514 es,
582 1462 834 1506 differentur
867 1463 960 1505 liaec
999 1463 1110 1504 mala
1129 1494 1140 1513 ,
1165 1475 1245 1506 nec

21 1526 112 1579 ³nt
135 1536 178 1578 in
201 1535 352 1578 diebus
370 1535 475 1584 tuis,
493 1540 535 1578 et
557 1531 754 1590 colligam
775 1538 820 1577 te
845 1533 897 1575 ad
915 1537 1062 1589 patres
1086 1539 1183 1576 tuos
1201 1533 1243 1575 In

23 1621 128 1654 ace.
159 1622 182 1649 ι·
199 1598 319 1660 Quod
337 1619 421 1651 uon
448 1612 513 1651 est
538 1606 860 1663 intelligendum
893 1605 945 1648 de
968 1618 1072 1661 pace
1107 1605 1244 1660 ipsius

33 1682 148 1738 egis:
179 1681 268 1736 ipse
307 1680 419 1723 enim
463 1680 634 1724 occisus
656 1686 721 1723 εει
754 1690 779 1721 a
811 1677 1063 1731 Pharaone;
1094 1678 1169 1722 sed
1192 1679 1245 1722 de

23 1772 28 1792 ι
65 1765 113 1796 ce
129 1753 289 1808 populi,
315 1752 355 1794 id
377 1759 442 1795 est
459 1753 710 1807 priusquam
738 1751 916 1794 inferret
957 1749 1113 1805 populo
1150 1762 1245 1805 quae

33 1817 464 1883 omminat-us·'suerat.
494 1822 568 1865 His
594 1820 766 1871 auditis,
797 1821 972 1864 mittens
995 1833 1070 1864 rex
1089 1822 1132 1864 in
1149 1834 1243 1864 om·

25 1907 105 1939 ,em
143 1897 406 1950 provinciam
441 1894 716 1950 congregavit
752 1895 922 1936 omnem
962 1893 1166 1949 populum
1201 1893 1245 1935 in

15 1960 242 2010 ἐιυεειῑειιι
271 1965 312 2023 (Ι
325 1966 355 2010 V
377 1964 478 2022 Περ.
502 1965 627 2021 xxiii)
647 1997 659 2015 ,
684 1971 726 2008 et
757 1971 880 2008 stans
903 1977 1032 2020 super
1066 1966 1242 2020 gradus,

24 2043 132 2100 egit,
163 2042 333 2085 cunctis
363 2040 665 2089 audientibus,
698 2041 843 2083 omnia
875 2039 1006 2082 verba
1040 2039 1165 2090 libri,
1202 2046 1245 2082 et

24 2153 27 2157 .
48 2120 222 2164 reussit
244 2112 386 2162 foedus
407 2129 551 2162 coram
583 2116 781 2167 Domino,
805 2122 849 2160 et
872 2115 1078 2171 compulit
1095 2127 1244 2158 omnes

20 2197 277 2235 aeramenta
293 2197 514 2247 praestare,
534 2196 580 2232 ut
606 2190 721 2245 leges
743 2187 953 2232 Mosaicas
985 2199 1062 2244 per
1098 2185 1242 2229 omnIa

20 2262 288 2318 qstodirent.
316 2261 368 2303 Et
390 2262 545 2305 delevit
572 2260 794 2315 aruspices
815 2291 825 2310 ,
851 2264 892 2303 et
910 2257 1127 2301 maleficos
1150 2269 1241 2300 om-

23 2319 102 2384 es,
121 2327 528 2389 etomnia'vestigia
552 2331 810 2375 idololatriae
826 2322 991 2386 redegit
1013 2330 1058 2373 in
1089 2329 1240 2385 pulve-

42 2415 112 2448 m.
136 2403 273 2447 Etiam
299 2404 479 2459 vestigia
507 2403 701 2458 quaedam
723 2401 936 2457 serpentis
959 2400 1083 2453 aenei,
1115 2412 1240 2457 quem

32 2473 338 2530 omminuerat,
363 2477 452 2520 sive
477 2477 737 2519 contriverat
756 2474 976 2518 Ezechias.
1004 2473 1067 2516 Ob
1095 2475 1174 2516 hoe
1198 2474 1240 2515 in

23 2549 185 2604 irologo
205 2549 432 2604 sophoniae
453 2549 608 2604 legitur
628 2547 769 2591 Josias
785 2548 1041 2592 contrivisse
1061 2559 1157 2591 eum
1172 2579 1182 2596 ‚
1201 2553 1243 2590 et

37 2621 319 2664 ontaminavit
337 2621 525 2672 excelsa,
559 2627 602 2665 et
637 2621 747 2664 valle
779 2619 976 2676 Topheth
1021 2625 1064 2662 et
1100 2621 1241 2675 ignem

12 2706 38 2727 m
53 2691 194 2735 cloch.
217 2691 345 2736 Forte
362 2704 462 2737 ossa
480 2699 749 2736 mortuorum
779 2691 939 2746 ubique
958 2692 1142 2746 sparsit,
1168 2691 1235 2733 vel

21 2762 209 2807 uaelibet
243 2763 326 2806 alia
364 2764 614 2816 immunda,
658 2769 704 2807 ut
736 2764 879 2818 potius
913 2761 1239 2809 abominabilis,

21 2848 137 2879 inam
159 2836 418 2880 venerabilis
455 2838 575 2880 locus
613 2841 854 2892 appareret.
893 2834 1037 2889 Equos
1073 2843 1242 2888 quoque

19 2909 133 2957 ulls,
159 2914 201 2952 et
219 2921 392 2958 currus,
418 2921 526 2964 quos
553 2908 842 2964 depinxerunt
877 2917 999 2962 reges
1044 2904 1166 2947 Judae
1197 2903 1241 2945 in

12 2983 186 3024 ntroitu
211 2982 374 3038 templi,
390 2981 511 3037 juxta
530 2980 729 3025 exedram
747 2977 1080 3022 Nathanmelech
1106 2988 1242 3019 eunu-

36 3053 79 3096 hi
103 3054 274 3110 penitus
299 3054 528 3098 destruxit.
570 3052 779 3097 Fecerant
812 3052 870 3094 ibi
900 3050 1035 3094 Judaei
1079 3049 1240 3092 idolum

12 3127 129 3176 oliS,
151 3127 273 3182 quasi
291 3139 470 3183 puerum
495 3126 744 3175 imberbem,
765 3125 864 3180 quia
887 3124 1051 3166 nullum
1082 3122 1242 3177 patitur

19 3199 193 3250 ··nium‚
246 3200 319 3243 sed
372 3200 561 3255 quotidie
611 3202 860 3241 renovatur.
900 3195 1107 3238 Fecerant
1133 3199 1176 3236 et
1201 3193 1242 3236 ei

22 3288 25 3293 ·
65 3283 161 3322 uos,
180 3276 222 3314 et
239 3268 414 3315 currum
433 3303 443 3322 ,
475 3277 676 3327 putantes
706 3269 820 3326 quod
856 3268 898 3310 in
924 3268 1040 3309 hunc
1067 3266 1241 3308 modum
1267 3278 1302 3321 D

11 3346 144 3388 iliam
169 3346 478 3389 transtulisset.
504 3344 552 3386 Et
578 3345 817 3388 ascendens
845 3354 919 3384 rex
938 3342 983 3384 in
1005 3340 1151 3384 Betbel
1173 3352 1243 3383 su-

26 3429 88 3460 ·er
114 3417 263 3465 altare,
284 3415 398 3471 quod
431 3413 590 3457 fecerat
610 3413 854 3462 Jeroboam,
880 3410 1117 3453 combussit
1141 3418 1239 3450 ossa

87 3489 309 3539 erdotum,
337 3494 379 3531 et
413 3487 619 3530 falsorum
650 3487 954 3542 prophetarum
974 3515 986 3534 ‚
1032 3487 1153 3525 eruta
1187 3480 1241 3521 de

12 3561 220 3616 sepulcris
243 3560 528 3610 excelsorum,
548 3560 669 3614 juxta
685 3559 859 3602 verbum
883 3556 1034 3600 Abdon
1060 3550 1242 3610 prophe·

13 3638 79 3682 tae,
104 3633 227 3687 cujus
241 3632 410 3674 titulum
434 3643 532 3674 cum
553 3632 726 3686 legisset
745 3630 787 3672 in
806 3631 1020 3685 sepulcro,
1042 3625 1241 3682 praecepit

10 3718 15 3740 ι
37 3717 56 3727 ··
80 3707 354 3746 moverentur
377 3714 477 3745 ossa
493 3702 586 3756 ejus
604 3733 615 3750 ‚
635 3712 716 3744 nec
739 3701 866 3744 etiarn
894 3700 1009 3742 illius
1034 3709 1131 3740 eum
1153 3707 1238 3751 quo

13 3775 202 3829 sepultus
218 3780 326 3817 erat.
347 3773 536 3828 idipsum
564 3773 664 3816 fecit
681 3773 725 3814 in
748 3771 930 3815 excelsis
954 3769 1174 3817 Samariae,
1198 3771 1239 3809 et

14 3843 55 3887 ‘n
82 3846 260 3889 urbibus
283 3844 494 3893 Manasse,
519 3849 562 3886 et
582 3843 787 3899 Ephrain,
807 3847 849 3884 et
882 3841 1076 3890 Simeon,
1102 3850 1238 3893 usque

13 3916 56 3959 ‘n
75 3916 330 3974 Nepthalim‚
349 3928 448 3960 ossa
470 3917 522 3959 de
539 3916 714 3958 tumulis
727 3915 990 3958 excelsorum
1017 3918 1154 3959 eruta,
1170 3922 1239 3953 su—

12 3999 87 4043 per
103 3990 252 4032 altaria
276 3991 552 4036 comburens,
575 3994 618 4031 et
642 3995 727 4029 tam
752 3999 850 4030 ossa
869 3997 997 4040 quam
1022 3984 1173 4026 altaria
1194 3983 1237 4024 in

11 4062 227 4116 pulverem
259 4062 471 4117 redigens.
512 4061 602 4104 Hoc
631 4061 879 4115 praedictum
915 4062 1008 4101 erat
1037 4058 1090 4100 de
1120 4055 1236 4098 Josia

13 4135 108 4173 ante
125 4142 259 4172 annos
281 4136 493 4174 trecentos
519 4131 739 4185 sexaginta
757 4137 797 4172 et
821 4140 972 4172 unum,
1012 4126 1064 4168 Et
1092 4138 1239 4169 rever-

12 4215 86 4247 sus
114 4204 156 4245 in
179 4202 414 4246 Jerusalem
444 4203 543 4245 fecit
588 4201 726 4244 Phase
760 4212 1022 4244 convocans.
1048 4200 1099 4242 ad
1131 4200 1236 4242 illud

13 4273 136 4316 etiam
159 4274 268 4316 lilios
293 4273 439 4325 Israel,
459 4276 532 4329 qui
557 4273 844 4328 captivitatem
870 4272 1140 4327 Assyriorum
1158 4272 1235 4314 ali-

257 4347 468 4394 Parnoi..
515 4347 770 4396 CXCVIII.

1323 1253 1526 1296 Audierat
1553 1256 1665 1297 enim
1689 1267 1785 1298 eum
1807 1256 1894 1310 J‘ain
1920 1258 2207 1310 debilitatum,
2233 1264 2333 1318 quia
2358 1265 2489 1316 Medi.
2512 1276 2554 1310 ει

1325 1325 1544 1382 Babylonii
1566 1338 1589 1369 a
1610 1328 1856 1371 monarchia
1879 1329 1972 1384 eius
1996 1343 2277 1384 recesserant,
2304 1342 2344 1378 et
2368 1340 2554 1380 aestima-

1322 1396 1397 1438 bat
1432 1397 1545 1451 quod
1578 1397 1631 1440 de
1656 1398 1779 1442 facile
1809 1406 1952 1453 posset
1975 1401 2169 1445 obtinere
2207 1403 2388 1460 Syriam.
2412 1407 2556 1451 Primo

1325 1478 1552 1523 aggressus
1575 1476 1666 1510 erat
1695 1481 1834 1524 regem
1855 1469 1905 1512 ad
1934 1470 2114 1520 Remon,
2131 1475 2202 1528 qui
2230 1478 2432 1530 regnabat
2454 1485 2555 1522 tunc

1324 1538 1366 1580 iu
1406 1539 1672 1584 CaroliamiS.
1702 1540 1927 1585 Descendit
1966 1556 2068 1599 ergo
2089 1544 2228 1589 Josias
2259 1548 2299 1589 in
2328 1562 2552 1594 occursum

1324 1610 1435 1663 ejus,
1464 1611 1694 1666 prohibens
1729 1626 1783 1658 ne
1814 1616 2038 1658 transitum
2065 1617 2222 1662 faceret
2253 1633 2327 1674 per
2348 1621 2553 1675 Judaeam,

1323 1688 1365 1724 et
1396 1683 1511 1724 misit
1533 1682 1699 1726 Pharao
1724 1685 1775 1728 ad
1798 1684 1957 1730 Josiam
1981 1689 2160 1734 dicens:
2193 1708 2204 1731 ι
2233 1693 2342 1743 Quid
2369 1696 2469 1737 milii
2515 1705 2556 1739 et

1325 1752 1417 1814 tibi,
1439 1766 1512 1796 rex
1532 1752 1669 1796 Juda?
1691 1768 1777 1799 non
1810 1758 2034 1803 adversum
2054 1766 2095 1804 te
2124 1763 2259 1811 venio.
2288 1764 2339 1806 ad
2364 1765 2556 1820 Euphra-

1324 1832 1408 1867 tem
1450 1838 1661 1880 propero..
1678 1827 1807 1871 Mittit
1840 1843 1907 1874 me
1946 1830 2057 1875 Deus
2084 1833 2136 1876 ad
2161 1832 2331 1888 Medos;
2358 1838 2449 1880 sine
2470 1851 2552 1889 mc.

1325 1907 1377 1938 ne
1392 1895 1501 1940 Deus
1519 1899 1590 1952 qui
1612 1911 1774 1942 mecum
1797 1907 1879 1951 εει,
1896 1902 2119 1946 interficiat
2139 1911 2195 1948 te.
2212 1905 2261 1947 Et
2281 1919 2366 1949 non
2391 1910 2558 1963 acquie-

1323 1969 1384 2011 vit
1408 1968 1576 2022 «iosias,
1609 1972 1683 2015 sed
1717 1985 1815 2015 cum
1863 1986 1960 2030 rege
1993 1976 2044 2019 ad
2083 1976 2247 2022 Remon
2273 1982 2556 2035 componebat

1324 2042 1453 2093 acles,
1479 2052 1525 2087 ut
1549 2045 1803 2089 dimicarent
1825 2047 2033 2092 adversus
2065 2048 2348 2096 Pharamem.
2371 2053 2423 2096 Et
2446 2053 2556 2096 sorte

1324 2114 1426 2156 dum
1451 2116 1678 2160 transisset
1709 2130 1731 2160 a
1751 2130 1882 2162 curru
1914 2120 1956 2163 in
1982 2133 2172 2173 currum,
2194 2124 2267 2179 qui
2298 2126 2556 2180 sequebatur

1324 2199 1420 2230 eum
1445 2189 1563 2232 more
1585 2190 1718 2244 regio.
1743 2191 1914 2234 occisus
1951 2200 2017 2236 est
2039 2204 2063 2235 a
2087 2195 2321 2250 sagittariis
2339 2198 2380 2239 in
2403 2209 2554 2254 campo

1324 2259 1575 2315 Mageddon,
1591 2267 1631 2304 et
1646 2262 1808 2317 planxit
1822 2275 1919 2306 eum
1941 2265 2304 2311 inconsolabiliter
2327 2270 2378 2311 ad
2393 2268 2553 2313 Remou

1321 2341 1394 2372 rex
1422 2343 1518 2374 cum
1549 2332 1737 2375 exercitu
1784 2346 1878 2378 suo.
1902 2333 2022 2378 Unde
2056 2342 2098 2379 et
2131 2337 2235 2380 illud
2273 2339 2431 2382 dictum
2452 2347 2554 2384 est:

1322 2399 1414 2444 Erit
1450 2402 1666 2457 planetus,
1692 2405 1804 2447 sicut
1834 2407 2032 2459 planctus
2060 2407 2112 2450 ad
2151 2407 2330 2452 Remon.
2355 2409 2554 2452 Traditur

1321 2478 1462 2515 autem
1477 2475 1721 2529 quodJ'uxta
1741 2464 1951 2528 arborem,
1978 2485 2019 2520 et
2038 2478 2193 2522 sontem
2216 2482 2385 2524 occisus
2409 2475 2552 2526 suerit.

1322 2555 1416 2598 quae
1437 2547 1580 2587 statim
1599 2551 1823 2596 aruerunt,
1843 2553 1884 2589 et
1907 2547 2064 2591 relatus
2087 2555 2152 2592 cst
2173 2550 2214 2592 in
2235 2548 2486 2605 Jerusalem,
2509 2558 2553 2595 et

1323 2617 1516 2671 sepultus
1544 2624 1609 2659 est
1631 2617 1674 2679 in
1695 2618 1914 2661 mausoleo
1939 2625 2108 2673 patrum
2135 2632 2328 2663 suorum.
2356 2621 2407 2663 Et
2431 2623 2553 2677 plan·

1321 2689 1382 2730 xit
1405 2700 1501 2731 eum
1539 2688 1768 2734 universus
1800 2689 1909 2732 Juda
1931 2691 1974 2733 in
1997 2690 2232 2736 Jerusalem
2250 2724 2262 2741 ,
2298 2701 2340 2736 et
2369 2696 2550 2738 maxime

1320 2759 1543 2810 «Ieremias,
1563 2762 1633 2816 qui
1656 2774 1785 2816 super
1807 2764 2031 2820 exsequias
2054 2763 2147 2818 ejus
2164 2765 2335 2820 scripsit
2359 2766 2548 2810 Tlirenos

1322 2831 1617 2875 lamentabiles
1645 2847 1654 2874 t
1681 2832 1905 2883 Quomodo
1947 2835 2067 2878 sedet
2090 2836 2180 2878 sola
2217 2837 2384 2888 civitas,
2409 2853 2423 2879 ι
2444 2846 2546 2889 εις..

1318 2903 1476 2956 quibus
1513 2904 1741 2946 utebantur
1781 2912 2010 2956 cantores,
2049 2911 2092 2949 et
2129 2912 2386 2951 cantatrices
2420 2921 2549 2963 super

1318 2974 1546 3028 exsequias
1577 2975 1719 3020 Josiae.
1762 2976 1812 3018 Et
1850 2978 1986 3032 longis
2028 2979 2290 3032 temporibus
2323 2980 2365 3021 in
2403 2979 2547 3023 Judaea

1322 3058 1452 3100 super
1471 3046 1632 3090 Josiam
1648 3059 1722 3090 eos
1736 3048 2012 3103 replicabant.
2040 3049 2203 3100 Quibus
2228 3058 2371 3105 postea
2397 3064 2548 3106 super-

1322 3119 1485 3160 addidit
1524 3119 1633 3162 idem
1681 3119 1889 3163 Jeremias
1924 3121 2029 3166 alias
2066 3123 2387 3167 lamentationes
2419 3136 2547 3180 super

1322 3189 1491 3232 excidio
1514 3190 1719 3233 civitatis.

1810 3265 2053 3310 Incidentia.

1383 3332 1428 3375 ln
1454 3335 1603 3379 diebus
1627 3336 1753 3381 Josiae
1781 3344 1961 3394 quai-tus
1986 3338 2271 3383 Romanorum
2305 3354 2378 3384 rex
2401 3342 2543 3385 Ancus

1323 3407 1510 3451 Marcius
1530 3438 1543 3458 ,
1565 3407 1712 3450 Numae
1744 3421 1878 3463 nepos
1895 3423 1944 3453 ex
1973 3411 2057 3453 Iilia
2078 3442 2087 3461 ,
2112 3401 2394 3456 Adventi'num
2416 3427 2517 3457 mon

1321 3486 1404 3524 tem
1429 3487 1472 3523 ει
1505 3479 1746 3523 Janieulum
1781 3481 1877 3523 urbi
1914 3481 2091 3528 addidit.
2116 3483 2251 3537 Supra
2284 3495 2400 3528 mare
2422 3486 2543 3529 sede-

1320 3554 1433 3596 cimo
1459 3553 1513 3594 ab
1532 3553 1644 3596 Urbe
1667 3553 1866 3594 milliario
1900 3554 2113 3597 civitatem
2149 3554 2310 3599 Ostiam
2335 3559 2539 3609 condidit,

1319 3626 1494 3668 oraculo
1518 3624 1729 3667 Dodonaeo
1755 3626 1938 3679 primum
1967 3625 2127 3669 Graecia
2150 3640 2224 3670 usa
2248 3637 2327 3673 est.
2357 3630 2540 3681 Quintus

1319 3695 1609 3739 Romanorum
1643 3708 1716 3738 rex
1752 3695 2010 3750 Tarquinius
2039 3696 2236 3747 Priscus,
2274 3702 2346 3754 qui
2377 3701 2539 3743 clrcum

1319 3767 1463 3810 Romae
1482 3768 1723 3815 aedificavit,
1756 3778 1918 3818 muros,
1946 3774 1987 3810 et
2006 3768 2190 3818 cloacas,
2215 3765 2256 3811 ει
2281 3770 2542 3825 Capitolium·

1317 3840 1544 3890 exstruxit,
1568 3839 1692 3882 ludos
1715 3839 1927 3882 Romanos
1947 3839 2279 3883 instituit.Arion
2298 3852 2321 3883 a
2339 3841 2541 3897 delphino

1317 3913 1359 3952 in
1380 3912 1594 3952 theatrum
1619 3911 1868 3964 deportatus
1887 3914 1966 3953 est.

1454 3982 1552 4023 CAP.
1579 3975 1801 4022 XXXVIII.
1826 3979 1886 4022 De
1907 3979 2094 4030 Joakim,
2119 3980 2180 4023 vel
2197 3978 2395 4024 Joachaz.

1370 4053 1561 4107 Reliquit
1580 4058 1720 4094 autem
1741 4051 1881 4094 Josias
1900 4057 1986 4096 tres
2011 4051 2146 4102 filios,
2172 4051 2371 4100 Eliacim‚
2397 4052 2469 4106 qui
2492 4059 2533 4094 et

1315 4125 1557 4175 JeclioiiIas,
1573 4124 1920 4179 primogenitum,
1938 4124 2084 4178 viginti
2103 4125 2288 4178 quinque
2306 4136 2529 4172 annorum,

1316 4196 1500 4239 medium
1525 4201 1664 4238 autem
1689 4193 1887 4246 Joachaz,
1917 4197 1989 4251 qui
2021 4200 2063 4238 ει
2094 4194 2250 4238 Seilum
2284 4195 2424 4237 dictus
2447 4203 2528 4243 est,

1315 4268 1465 4323 viginti
1510 4267 1639 4308 trium
1680 4278 1885 4310 annorum
1906 4280 1917 4317 ;
1959 4274 2000 4310 ει
2039 4267 2208 4309 tertium
2250 4266 2500 4308 Mathaniain
2516 4295 2528 4316 ,

2133 4339 2191 4384 ts
