<?xml version="1.0" encoding="UTF-8"?>
<!DOCTYPE html PUBLIC "-//W3C//DTD XHTML 1.0 Transitional//EN"
    "http://www.w3.org/TR/xhtml1/DTD/xhtml1-transitional.dtd">
<html xmlns="http://www.w3.org/1999/xhtml" xml:lang="en" lang="en">
 <head>
  <title>
</title>
<meta http-equiv="Content-Type" content="text/html;charset=utf-8" />
  <meta name='ocr-system' content='tesseract 3.04.00' />
  <meta name='ocr-capabilities' content='ocr_page ocr_carea ocr_par ocr_line ocrx_word'/>
</head>
<body>
  <div class='ocr_page' id='page_1' title='image "./patrologiaecursu00hammuoft_0160.png"; bbox 0 0 2924 4588; ppageno 0'>
   <div class='ocr_carea' id='block_1_1' title="bbox 253 113 617 191">
    <p class='ocr_par' dir='ltr' id='par_1_1' title="bbox 253 113 617 191">
     <span class='ocr_line' id='line_1_1' title="bbox 253 113 617 191; baseline -0.011 -31"><span class='ocrx_word' id='word_1_1' title='bbox 253 113 335 169; x_wconf 55' lang='grc'><strong>585</strong></span> <span class='ocrx_word' id='word_1_2' title='bbox 590 157 617 191; x_wconf 58' lang='lat'><strong>·</strong></span> 
     </span>
    </p>
   </div>
   <div class='ocr_carea' id='block_1_2' title="bbox 230 278 1489 1277">
    <p class='ocr_par' dir='ltr' id='par_1_2' title="bbox 230 278 1489 1277">
     <span class='ocr_line' id='line_1_2' title="bbox 247 278 1485 335; baseline -0.001 -14"><span class='ocrx_word' id='word_1_3' title='bbox 247 279 392 331; x_wconf 87' lang='lat' dir='ltr'><strong>elatio,</strong></span> <span class='ocrx_word' id='word_1_4' title='bbox 416 280 516 335; x_wconf 92' lang='lat' dir='ltr'><strong>quia</strong></span> <span class='ocrx_word' id='word_1_5' title='bbox 539 281 583 323; x_wconf 88' lang='lat' dir='ltr'><strong>in</strong></span> <span class='ocrx_word' id='word_1_6' title='bbox 604 292 654 324; x_wconf 86' lang='lat' dir='ltr'><strong>eo</strong></span> <span class='ocrx_word' id='word_1_7' title='bbox 672 279 783 334; x_wconf 87' lang='lat' dir='ltr'><strong>quod</strong></span> <span class='ocrx_word' id='word_1_8' title='bbox 799 290 886 320; x_wconf 84' lang='lat' dir='ltr'><strong>non</strong></span> <span class='ocrx_word' id='word_1_9' title='bbox 900 279 1038 327; x_wconf 86' lang='lat' dir='ltr'><strong>timet,</strong></span> <span class='ocrx_word' id='word_1_10' title='bbox 1062 278 1309 322; x_wconf 80' lang='lat' dir='ltr'><strong>nullatenus</strong></span> <span class='ocrx_word' id='word_1_11' title='bbox 1326 283 1485 320; x_wconf 65' lang='lat' dir='ltr'><strong>tumetz&#39;</strong></span> 
     </span>
     <span class='ocr_line' id='line_1_3' title="bbox 246 350 1488 411; baseline -0.003 -16"><span class='ocrx_word' id='word_1_12' title='bbox 246 364 413 408; x_wconf 81' lang='lat' dir='ltr'>semper</span> <span class='ocrx_word' id='word_1_13' title='bbox 435 359 477 396; x_wconf 93' lang='lat' dir='ltr'><strong>et</strong></span> <span class='ocrx_word' id='word_1_14' title='bbox 495 352 652 411; x_wconf 50' lang='lat' dir='ltr'><strong>ubiqtg</strong></span> <span class='ocrx_word' id='word_1_15' title='bbox 673 364 881 396; x_wconf 79' lang='lat' dir='ltr'><strong>exercens</strong></span> <span class='ocrx_word' id='word_1_16' title='bbox 903 350 1146 402; x_wconf 73' lang='lat' dir='ltr'>audaciam,</span> <span class='ocrx_word' id='word_1_17' title='bbox 1171 350 1246 395; x_wconf 86' lang='lat' dir='ltr'><strong>sed</strong></span> <span class='ocrx_word' id='word_1_18' title='bbox 1267 361 1488 405; x_wconf 86' lang='lat' dir='ltr'><strong>nunquam</strong></span> 
     </span>
     <span class='ocr_line' id='line_1_4' title="bbox 242 423 1489 480; baseline -0.002 -14"><span class='ocrx_word' id='word_1_19' title='bbox 242 433 284 467; x_wconf 91' lang='lat' dir='ltr'><strong>et</strong></span> <span class='ocrx_word' id='word_1_20' title='bbox 321 438 529 480; x_wconf 77' lang='lat' dir='ltr'><strong>nusquam</strong></span> <span class='ocrx_word' id='word_1_21' title='bbox 564 426 825 480; x_wconf 75' lang='lat' dir='ltr'><strong>superbiam.</strong></span> <span class='ocrx_word' id='word_1_22' title='bbox 860 423 971 467; x_wconf 84' lang='lat' dir='ltr'><strong>Hinc</strong></span> <span class='ocrx_word' id='word_1_23' title='bbox 1011 428 1079 467; x_wconf 80' lang='lat' dir='ltr'><strong>est</strong></span> <span class='ocrx_word' id='word_1_24' title='bbox 1109 424 1224 479; x_wconf 88' lang='lat' dir='ltr'><strong>quod</strong></span> <span class='ocrx_word' id='word_1_25' title='bbox 1261 423 1414 467; x_wconf 71' lang='lat' dir='ltr'><strong>Aurata</strong></span> <span class='ocrx_word' id='word_1_26' title='bbox 1446 427 1489 466; x_wconf 87' lang='lat' dir='ltr'><strong>et</strong></span> 
     </span>
     <span class='ocr_line' id='line_1_5' title="bbox 244 495 1487 550; baseline 0 -13"><span class='ocrx_word' id='word_1_27' title='bbox 244 498 402 539; x_wconf 80' lang='lat' dir='ltr'><strong>Amans</strong></span> <span class='ocrx_word' id='word_1_28' title='bbox 440 498 485 539; x_wconf 90' lang='lat' dir='ltr'><strong>in</strong></span> <span class='ocrx_word' id='word_1_29' title='bbox 506 496 698 540; x_wconf 85' lang='lat' dir='ltr'><strong>Canticis</strong></span> <span class='ocrx_word' id='word_1_30' title='bbox 720 496 852 540; x_wconf 85' lang='lat' dir='ltr'><strong>dicit:</strong></span> <span class='ocrx_word' id='word_1_31' title='bbox 879 495 1066 539; x_wconf 74' lang='lat' dir='ltr'><strong><em>Dilectus</em></strong></span> <span class='ocrx_word' id='word_1_32' title='bbox 1088 509 1203 538; x_wconf 74' lang='lat' dir='ltr'><strong>meus</strong></span> <span class='ocrx_word' id='word_1_33' title='bbox 1229 495 1330 538; x_wconf 77' lang='lat' dir='ltr'><strong>mihi</strong></span> <span class='ocrx_word' id='word_1_34' title='bbox 1352 501 1391 537; x_wconf 84' lang='lat' dir='ltr'><strong>et</strong></span> <span class='ocrx_word' id='word_1_35' title='bbox 1413 508 1487 550; x_wconf 72' lang='lat' dir='ltr'><strong>eqo</strong></span> 
     </span>
     <span class='ocr_line' id='line_1_6' title="bbox 242 568 1486 623; baseline -0.001 -13"><span class='ocrx_word' id='word_1_36' title='bbox 242 570 304 610; x_wconf 81' lang='lat' dir='ltr'><strong>iili</strong></span> <span class='ocrx_word' id='word_1_37' title='bbox 331 568 470 620; x_wconf 61' lang='lat' dir='ltr'><strong>(Cant,</strong></span> <span class='ocrx_word' id='word_1_38' title='bbox 489 581 536 618; x_wconf 93' lang='grc' dir='ltr'><strong>ιι,</strong></span> <span class='ocrx_word' id='word_1_39' title='bbox 555 568 653 623; x_wconf 86' lang='grc'>16);</span> <span class='ocrx_word' id='word_1_40' title='bbox 678 569 742 612; x_wconf 90' lang='lat' dir='ltr'><strong>sic</strong></span> <span class='ocrx_word' id='word_1_41' title='bbox 765 574 809 612; x_wconf 88' lang='lat' dir='ltr'><strong>et</strong></span> <span class='ocrx_word' id='word_1_42' title='bbox 829 568 911 612; x_wconf 87' lang='lat' dir='ltr'><strong>iste</strong></span> <span class='ocrx_word' id='word_1_43' title='bbox 933 569 1174 623; x_wconf 87' lang='lat' dir='ltr'><strong>discipulus</strong></span> <span class='ocrx_word' id='word_1_44' title='bbox 1191 568 1348 623; x_wconf 79' lang='lat' dir='ltr'><strong>inquit,</strong></span> <span class='ocrx_word' id='word_1_45' title='bbox 1366 581 1486 623; x_wconf 82' lang='lat' dir='ltr'><strong>quem</strong></span> 
     </span>
     <span class='ocr_line' id='line_1_7' title="bbox 239 638 1486 694; baseline 0.002 -15"><span class='ocrx_word' id='word_1_46' title='bbox 239 638 436 694; x_wconf 61' lang='lat' dir='ltr'><strong>diligebat</strong></span> <span class='ocrx_word' id='word_1_47' title='bbox 460 638 584 682; x_wconf 78' lang='lat' dir='ltr'><strong>Iesus</strong></span> <span class='ocrx_word' id='word_1_48' title='bbox 600 651 615 681; x_wconf 90' lang='lat'><strong>.·</strong></span> <span class='ocrx_word' id='word_1_49' title='bbox 639 639 826 682; x_wconf 77' lang='lat' dir='ltr'><strong>Dilectus</strong></span> <span class='ocrx_word' id='word_1_50' title='bbox 853 652 968 683; x_wconf 81' lang='lat' dir='ltr'><strong>meus</strong></span> <span class='ocrx_word' id='word_1_51' title='bbox 990 639 1106 691; x_wconf 73' lang='lat' dir='ltr'><strong>milii,</strong></span> <span class='ocrx_word' id='word_1_52' title='bbox 1125 646 1164 682; x_wconf 83' lang='lat' dir='ltr'><strong>et</strong></span> <span class='ocrx_word' id='word_1_53' title='bbox 1195 652 1267 694; x_wconf 70' lang='lat' dir='ltr'><strong>eqo</strong></span> <span class='ocrx_word' id='word_1_54' title='bbox 1289 639 1368 682; x_wconf 76' lang='lat' dir='ltr'><strong>itti.</strong></span> <span class='ocrx_word' id='word_1_55' title='bbox 1396 639 1486 682; x_wconf 84' lang='lat' dir='ltr'><strong>Hoc</strong></span> 
     </span>
     <span class='ocr_line' id='line_1_8' title="bbox 238 710 1481 761; baseline 0.002 -8"><span class='ocrx_word' id='word_1_56' title='bbox 238 716 319 761; x_wconf 85' lang='lat' dir='ltr'><strong>est,</strong></span> <span class='ocrx_word' id='word_1_57' title='bbox 345 723 449 753; x_wconf 87' lang='lat' dir='ltr'><strong>cura</strong></span> <span class='ocrx_word' id='word_1_58' title='bbox 484 710 546 752; x_wconf 90' lang='lat' dir='ltr'><strong>illi</strong></span> <span class='ocrx_word' id='word_1_59' title='bbox 580 712 766 754; x_wconf 82' lang='lat' dir='ltr'><strong>maxima</strong></span> <span class='ocrx_word' id='word_1_60' title='bbox 802 716 869 756; x_wconf 87' lang='lat' dir='ltr'><strong>est</strong></span> <span class='ocrx_word' id='word_1_61' title='bbox 906 711 959 755; x_wconf 93' lang='lat' dir='ltr'><strong>de</strong></span> <span class='ocrx_word' id='word_1_62' title='bbox 984 723 1068 760; x_wconf 90' lang='lat' dir='ltr'><strong>me,</strong></span> <span class='ocrx_word' id='word_1_63' title='bbox 1094 716 1136 754; x_wconf 90' lang='lat' dir='ltr'><strong>et</strong></span> <span class='ocrx_word' id='word_1_64' title='bbox 1162 711 1267 754; x_wconf 88' lang='lat' dir='ltr'><strong>mihi</strong></span> <span class='ocrx_word' id='word_1_65' title='bbox 1299 711 1354 754; x_wconf 91' lang='lat' dir='ltr'><strong>de</strong></span> <span class='ocrx_word' id='word_1_66' title='bbox 1378 711 1481 755; x_wconf 89' lang='lat' dir='ltr'><strong>illo:</strong></span> 
     </span>
     <span class='ocr_line' id='line_1_9' title="bbox 236 783 1486 840; baseline 0.006 -18"><span class='ocrx_word' id='word_1_67' title='bbox 236 784 402 826; x_wconf 83' lang='lat' dir='ltr'><strong>dilectae</strong></span> <span class='ocrx_word' id='word_1_68' title='bbox 419 784 471 826; x_wconf 88' lang='lat' dir='ltr'><strong>ab</strong></span> <span class='ocrx_word' id='word_1_69' title='bbox 495 784 583 834; x_wconf 88' lang='lat' dir='ltr'><strong>illo,</strong></span> <span class='ocrx_word' id='word_1_70' title='bbox 611 791 652 827; x_wconf 90' lang='lat' dir='ltr'><strong>et</strong></span> <span class='ocrx_word' id='word_1_71' title='bbox 675 784 792 827; x_wconf 88' lang='lat' dir='ltr'><strong>illum</strong></span> <span class='ocrx_word' id='word_1_72' title='bbox 810 784 1018 839; x_wconf 74' lang='lat' dir='ltr'><strong>diligenti.</strong></span> <span class='ocrx_word' id='word_1_73' title='bbox 1038 783 1091 826; x_wconf 86' lang='lat' dir='ltr'><strong>Et</strong></span> <span class='ocrx_word' id='word_1_74' title='bbox 1112 784 1284 840; x_wconf 86' lang='lat' dir='ltr'><strong>quidem</strong></span> <span class='ocrx_word' id='word_1_75' title='bbox 1310 784 1486 840; x_wconf 83' lang='lat' dir='ltr'><strong>proprie</strong></span> 
     </span>
     <span class='ocr_line' id='line_1_10' title="bbox 234 855 1484 914; baseline 0.002 -17"><span class='ocrx_word' id='word_1_76' title='bbox 234 858 454 910; x_wconf 89' lang='lat' dir='ltr'><strong>proprium</strong></span> <span class='ocrx_word' id='word_1_77' title='bbox 484 855 565 900; x_wconf 85' lang='lat' dir='ltr'><strong>hoc</strong></span> <span class='ocrx_word' id='word_1_78' title='bbox 597 857 754 900; x_wconf 85' lang='lat' dir='ltr'><strong>habere</strong></span> <span class='ocrx_word' id='word_1_79' title='bbox 787 858 926 900; x_wconf 82' lang='lat' dir='ltr'><strong>solent</strong></span> <span class='ocrx_word' id='word_1_80' title='bbox 953 863 1159 909; x_wconf 87' lang='lat' dir='ltr'><strong>amantes,</strong></span> <span class='ocrx_word' id='word_1_81' title='bbox 1186 861 1232 900; x_wconf 88' lang='lat' dir='ltr'><strong>ut</strong></span> <span class='ocrx_word' id='word_1_82' title='bbox 1255 857 1325 901; x_wconf 74' lang='lat' dir='ltr'><strong>rix</strong></span> <span class='ocrx_word' id='word_1_83' title='bbox 1357 856 1484 914; x_wconf 85' lang='lat' dir='ltr'><strong>quid·</strong></span> 
     </span>
     <span class='ocr_line' id='line_1_11' title="bbox 233 928 1479 984; baseline 0.002 -14"><span class='ocrx_word' id='word_1_84' title='bbox 233 941 361 983; x_wconf 86' lang='lat' dir='ltr'><strong>quam</strong></span> <span class='ocrx_word' id='word_1_85' title='bbox 388 929 526 972; x_wconf 88' lang='lat' dir='ltr'><strong>sciant</strong></span> <span class='ocrx_word' id='word_1_86' title='bbox 552 929 691 984; x_wconf 87' lang='lat' dir='ltr'><strong>loqui,</strong></span> <span class='ocrx_word' id='word_1_87' title='bbox 715 929 797 972; x_wconf 88' lang='lat' dir='ltr'><strong>nisi</strong></span> <span class='ocrx_word' id='word_1_88' title='bbox 819 929 933 984; x_wconf 89' lang='lat' dir='ltr'><strong>quod</strong></span> <span class='ocrx_word' id='word_1_89' title='bbox 969 930 1154 984; x_wconf 77' lang='lat' dir='ltr'><strong>pertinet</strong></span> <span class='ocrx_word' id='word_1_90' title='bbox 1176 928 1231 972; x_wconf 90' lang='lat' dir='ltr'><strong>ad</strong></span> <span class='ocrx_word' id='word_1_91' title='bbox 1254 940 1479 982; x_wconf 55' lang='lat' dir='ltr'><strong>amorem:</strong></span> 
     </span>
     <span class='ocr_line' id='line_1_12' title="bbox 233 1001 1483 1053; baseline 0.001 -10"><span class='ocrx_word' id='word_1_92' title='bbox 233 1007 274 1044; x_wconf 89' lang='lat' dir='ltr'><strong>et</strong></span> <span class='ocrx_word' id='word_1_93' title='bbox 300 1008 404 1044; x_wconf 91' lang='lat' dir='ltr'><strong>tunc</strong></span> <span class='ocrx_word' id='word_1_94' title='bbox 427 1003 626 1053; x_wconf 81' lang='lat' dir='ltr'><strong>maxime,</strong></span> <span class='ocrx_word' id='word_1_95' title='bbox 653 1013 749 1045; x_wconf 90' lang='lat' dir='ltr'><strong>cum</strong></span> <span class='ocrx_word' id='word_1_96' title='bbox 786 1003 851 1045; x_wconf 78' lang='lat' dir='ltr'><strong>vel</strong></span> <span class='ocrx_word' id='word_1_97' title='bbox 883 1002 937 1045; x_wconf 90' lang='lat' dir='ltr'><strong>ad</strong></span> <span class='ocrx_word' id='word_1_98' title='bbox 975 1003 1176 1052; x_wconf 86' lang='lat' dir='ltr'><strong>invicem,</strong></span> <span class='ocrx_word' id='word_1_99' title='bbox 1204 1003 1272 1047; x_wconf 78' lang='lat' dir='ltr'><strong>vel</strong></span> <span class='ocrx_word' id='word_1_100' title='bbox 1294 1001 1483 1046; x_wconf 76' lang='lat' dir='ltr'><strong>del-‘invi-</strong></span> 
     </span>
     <span class='ocr_line' id='line_1_13' title="bbox 231 1059 1481 1130; baseline 0.002 -14"><span class='ocrx_word' id='word_1_101' title='bbox 231 1059 322 1116; x_wconf 77' lang='lat' dir='ltr'><strong>cem</strong></span> <span class='ocrx_word' id='word_1_102' title='bbox 351 1075 599 1129; x_wconf 88' lang='lat' dir='ltr'><strong>loquuntur.</strong></span> <span class='ocrx_word' id='word_1_103' title='bbox 626 1073 731 1118; x_wconf 82' lang='lat' dir='ltr'><strong>Vera</strong></span> <span class='ocrx_word' id='word_1_104' title='bbox 773 1081 840 1117; x_wconf 89' lang='lat' dir='ltr'><strong>est</strong></span> <span class='ocrx_word' id='word_1_105' title='bbox 869 1074 983 1117; x_wconf 90' lang='lat' dir='ltr'><strong>enim</strong></span> <span class='ocrx_word' id='word_1_106' title='bbox 1014 1073 1316 1130; x_wconf 69' lang='lat' dir='ltr'><strong>Redemptor-is</strong></span> <span class='ocrx_word' id='word_1_107' title='bbox 1341 1075 1481 1125; x_wconf 75' lang='lat' dir='ltr'><strong>nostri</strong></span> 
     </span>
     <span class='ocr_line' id='line_1_14' title="bbox 231 1146 1480 1206; baseline 0.002 -17"><span class='ocrx_word' id='word_1_108' title='bbox 231 1148 471 1198; x_wconf 84' lang='lat' dir='ltr'><strong>sententia,</strong></span> <span class='ocrx_word' id='word_1_109' title='bbox 511 1146 611 1202; x_wconf 87' lang='lat' dir='ltr'><strong>quia</strong></span> <span class='ocrx_word' id='word_1_110' title='bbox 646 1159 696 1189; x_wconf 78' lang='lat' dir='ltr'><strong>ea:</strong></span> <span class='ocrx_word' id='word_1_111' title='bbox 734 1146 996 1189; x_wconf 80' lang='lat' dir='ltr'><strong>abundantia</strong></span> <span class='ocrx_word' id='word_1_112' title='bbox 1036 1147 1174 1201; x_wconf 80' lang='lat' dir='ltr'><strong>cordis</strong></span> <span class='ocrx_word' id='word_1_113' title='bbox 1213 1158 1259 1190; x_wconf 81' lang='lat' dir='ltr'><strong>os</strong></span> <span class='ocrx_word' id='word_1_114' title='bbox 1296 1148 1480 1206; x_wconf 69' lang='lat' dir='ltr'><strong>loquitur</strong></span> 
     </span>
     <span class='ocr_line' id='line_1_15' title="bbox 230 1218 1476 1277; baseline 0.004 -17"><span class='ocrx_word' id='word_1_115' title='bbox 230 1218 399 1274; x_wconf 78' lang='lat' dir='ltr'><strong>(Mauh.</strong></span> <span class='ocrx_word' id='word_1_116' title='bbox 427 1232 506 1270; x_wconf 80' lang='lat' dir='ltr'><strong>xii,</strong></span> <span class='ocrx_word' id='word_1_117' title='bbox 528 1219 615 1276; x_wconf 75' lang='lat'>54).</span> <span class='ocrx_word' id='word_1_118' title='bbox 648 1218 750 1271; x_wconf 85' lang='lat' dir='ltr'><strong>Quae</strong></span> <span class='ocrx_word' id='word_1_119' title='bbox 771 1220 975 1262; x_wconf 88' lang='lat' dir='ltr'><strong>nimirum</strong></span> <span class='ocrx_word' id='word_1_120' title='bbox 1008 1227 1092 1263; x_wconf 88' lang='lat' dir='ltr'><strong>tam</strong></span> <span class='ocrx_word' id='word_1_121' title='bbox 1110 1221 1164 1264; x_wconf 89' lang='lat' dir='ltr'><strong>de</strong></span> <span class='ocrx_word' id='word_1_122' title='bbox 1187 1221 1317 1271; x_wconf 87' lang='lat' dir='ltr'><strong>bona,</strong></span> <span class='ocrx_word' id='word_1_123' title='bbox 1346 1233 1476 1277; x_wconf 85' lang='lat' dir='ltr'><strong>quam</strong></span> 
     </span>
    </p>
   </div>
   <div class='ocr_carea' id='block_1_3' title="bbox 228 1291 2815 1352">
    <p class='ocr_par' dir='ltr' id='par_1_3' title="bbox 228 1291 2815 1352">
     <span class='ocr_line' id='line_1_16' title="bbox 228 1291 2815 1352; baseline 0.003 -20"><span class='ocrx_word' id='word_1_124' title='bbox 228 1292 280 1335; x_wconf 87' lang='lat' dir='ltr'><strong>de</strong></span> <span class='ocrx_word' id='word_1_125' title='bbox 316 1292 427 1334; x_wconf 88' lang='lat' dir='ltr'><strong>mala</strong></span> <span class='ocrx_word' id='word_1_126' title='bbox 464 1291 727 1335; x_wconf 85' lang='lat' dir='ltr'><strong>abundantia</strong></span> <span class='ocrx_word' id='word_1_127' title='bbox 762 1293 949 1335; x_wconf 76' lang='lat' dir='ltr'><strong>arbitror</strong></span> <span class='ocrx_word' id='word_1_128' title='bbox 970 1292 1085 1348; x_wconf 86' lang='lat' dir='ltr'><strong>quod</strong></span> <span class='ocrx_word' id='word_1_129' title='bbox 1115 1292 1295 1350; x_wconf 78' lang='lat' dir='ltr'><strong>intelligi</strong></span> <span class='ocrx_word' id='word_1_130' title='bbox 1319 1298 1476 1352; x_wconf 73' lang='lat' dir='ltr'><strong>potest,</strong></span> <span class='ocrx_word' id='word_1_131' title='bbox 1502 1291 1536 1335; x_wconf 88' lang='lat' dir='ltr'>B</span> <span class='ocrx_word' id='word_1_132' title='bbox 1560 1299 1730 1339; x_wconf 79' lang='lat' dir='ltr'><strong>ausum,</strong></span> <span class='ocrx_word' id='word_1_133' title='bbox 1756 1302 1883 1345; x_wconf 87' lang='lat' dir='ltr'><strong>quem</strong></span> <span class='ocrx_word' id='word_1_134' title='bbox 1915 1294 2046 1332; x_wconf 84' lang='lat' dir='ltr'><strong>tantae</strong></span> <span class='ocrx_word' id='word_1_135' title='bbox 2083 1291 2257 1346; x_wconf 78' lang='lat' dir='ltr'><strong>agnovit</strong></span> <span class='ocrx_word' id='word_1_136' title='bbox 2292 1304 2395 1349; x_wconf 84' lang='lat' dir='ltr'><strong>erga</strong></span> <span class='ocrx_word' id='word_1_137' title='bbox 2427 1292 2656 1339; x_wconf 85' lang='lat' dir='ltr'><strong>Dominum</strong></span> <span class='ocrx_word' id='word_1_138' title='bbox 2695 1296 2815 1340; x_wconf 84' lang='lat' dir='ltr'><strong>imc-</strong></span> 
     </span>
    </p>
   </div>
   <div class='ocr_carea' id='block_1_4' title="bbox 207 1363 1482 2362">
    <p class='ocr_par' dir='ltr' id='par_1_4' title="bbox 210 1363 1479 2362">
     <span class='ocr_line' id='line_1_17' title="bbox 225 1363 1479 1419; baseline 0.004 -15"><span class='ocrx_word' id='word_1_139' title='bbox 225 1364 327 1417; x_wconf 85' lang='lat' dir='ltr'><strong>quia</strong></span> <span class='ocrx_word' id='word_1_140' title='bbox 349 1363 557 1418; x_wconf 82' lang='lat' dir='ltr'><strong>quidquid</strong></span> <span class='ocrx_word' id='word_1_141' title='bbox 578 1363 682 1406; x_wconf 89' lang='lat' dir='ltr'><strong>illud</strong></span> <span class='ocrx_word' id='word_1_142' title='bbox 708 1364 764 1407; x_wconf 85' lang='lat' dir='ltr'><strong>sit</strong></span> <span class='ocrx_word' id='word_1_143' title='bbox 794 1365 910 1419; x_wconf 85' lang='lat' dir='ltr'><strong>quod</strong></span> <span class='ocrx_word' id='word_1_144' title='bbox 933 1364 1153 1408; x_wconf 80' lang='lat' dir='ltr'><strong>abundat</strong></span> <span class='ocrx_word' id='word_1_145' title='bbox 1144 1379 1187 1408; x_wconf 89' lang='grc' dir='ltr'><strong>ιιι</strong></span> <span class='ocrx_word' id='word_1_146' title='bbox 1213 1365 1371 1419; x_wconf 79' lang='lat' dir='ltr'><strong>corde3</strong></span> <span class='ocrx_word' id='word_1_147' title='bbox 1401 1377 1479 1409; x_wconf 79' lang='lat' dir='ltr'><strong>ne-</strong></span> 
     </span>
     <span class='ocr_line' id='line_1_18' title="bbox 227 1420 1479 1492; baseline 0.002 -14"><span class='ocrx_word' id='word_1_148' title='bbox 227 1447 349 1478; x_wconf 83' lang='lat' dir='ltr'><strong>cesse</strong></span> <span class='ocrx_word' id='word_1_149' title='bbox 369 1443 433 1478; x_wconf 77' lang='lat' dir='ltr'><strong>est</strong></span> <span class='ocrx_word' id='word_1_150' title='bbox 459 1443 504 1479; x_wconf 85' lang='lat' dir='ltr'><strong>ut</strong></span> <span class='ocrx_word' id='word_1_151' title='bbox 530 1436 627 1479; x_wconf 87' lang='lat' dir='ltr'><strong>inde</strong></span> <span class='ocrx_word' id='word_1_152' title='bbox 650 1437 811 1492; x_wconf 85' lang='lat' dir='ltr'><strong>aliquid</strong></span> <span class='ocrx_word' id='word_1_153' title='bbox 836 1444 960 1480; x_wconf 86' lang='lat' dir='ltr'><strong>sonet</strong></span> <span class='ocrx_word' id='word_1_154' title='bbox 982 1438 1025 1480; x_wconf 87' lang='lat' dir='ltr'><strong>in</strong></span> <span class='ocrx_word' id='word_1_155' title='bbox 1051 1451 1141 1482; x_wconf 87' lang='lat' dir='ltr'><strong>ore</strong></span> <span class='ocrx_word' id='word_1_156' title='bbox 1166 1420 1376 1482; x_wconf 79' lang='lat' dir='ltr'><strong>Indicium</strong></span> <span class='ocrx_word' id='word_1_157' title='bbox 1399 1439 1479 1483; x_wconf 85' lang='lat' dir='ltr'><strong>ita-</strong></span> 
     </span>
     <span class='ocr_line' id='line_1_19' title="bbox 222 1510 1476 1563; baseline 0.006 -14"><span class='ocrx_word' id='word_1_158' title='bbox 222 1520 306 1563; x_wconf 86' lang='lat' dir='ltr'><strong>que</strong></span> <span class='ocrx_word' id='word_1_159' title='bbox 343 1510 588 1554; x_wconf 77' lang='lat' dir='ltr'><strong>securitatis</strong></span> <span class='ocrx_word' id='word_1_160' title='bbox 619 1511 798 1554; x_wconf 87' lang='lat' dir='ltr'><strong>audacia</strong></span> <span class='ocrx_word' id='word_1_161' title='bbox 822 1518 904 1563; x_wconf 87' lang='lat' dir='ltr'><strong>est,</strong></span> <span class='ocrx_word' id='word_1_162' title='bbox 930 1523 1015 1555; x_wconf 89' lang='lat' dir='ltr'><strong>non</strong></span> <span class='ocrx_word' id='word_1_163' title='bbox 1044 1513 1264 1562; x_wconf 76' lang='lat' dir='ltr'><strong>vanitatis,</strong></span> <span class='ocrx_word' id='word_1_164' title='bbox 1291 1525 1378 1556; x_wconf 87' lang='lat' dir='ltr'><strong>non</strong></span> <span class='ocrx_word' id='word_1_165' title='bbox 1399 1524 1476 1556; x_wconf 83' lang='lat' dir='ltr'><strong>su-</strong></span> 
     </span>
     <span class='ocr_line' id='line_1_20' title="bbox 223 1576 1476 1639; baseline 0.001 -15"><span class='ocrx_word' id='word_1_166' title='bbox 223 1580 396 1635; x_wconf 81' lang='lat' dir='ltr'><strong>perhiae,</strong></span> <span class='ocrx_word' id='word_1_167' title='bbox 431 1581 508 1625; x_wconf 91' lang='lat' dir='ltr'><strong>sed</strong></span> <span class='ocrx_word' id='word_1_168' title='bbox 538 1581 806 1628; x_wconf 84' lang='lat' dir='ltr'><strong>dilectionis!</strong></span> <span class='ocrx_word' id='word_1_169' title='bbox 842 1591 925 1639; x_wconf 85' lang='lat' dir='ltr'><strong>qua</strong></span> <span class='ocrx_word' id='word_1_170' title='bbox 961 1585 1150 1639; x_wconf 87' lang='lat' dir='ltr'><strong>seipsum</strong></span> <span class='ocrx_word' id='word_1_171' title='bbox 1189 1576 1314 1627; x_wconf 84' lang='lat' dir='ltr'><strong>vocat</strong></span> <span class='ocrx_word' id='word_1_172' title='bbox 1343 1582 1476 1628; x_wconf 75' lang='lat' dir='ltr'><strong>disci-</strong></span> 
     </span>
     <span class='ocr_line' id='line_1_21' title="bbox 222 1653 1478 1712; baseline 0.003 -17"><span class='ocrx_word' id='word_1_173' title='bbox 222 1653 368 1708; x_wconf 89' lang='lat' dir='ltr'><strong>pulum</strong></span> <span class='ocrx_word' id='word_1_174' title='bbox 395 1653 606 1707; x_wconf 86' lang='lat' dir='ltr'><strong>Joaunes,</strong></span> <span class='ocrx_word' id='word_1_175' title='bbox 626 1667 753 1710; x_wconf 88' lang='lat' dir='ltr'><strong>quem</strong></span> <span class='ocrx_word' id='word_1_176' title='bbox 780 1657 982 1712; x_wconf 71' lang='lat' dir='ltr'><strong>diliget-at</strong></span> <span class='ocrx_word' id='word_1_177' title='bbox 1004 1656 1155 1708; x_wconf 74' lang='lat' dir='ltr'><strong>Jesus,</strong></span> <span class='ocrx_word' id='word_1_178' title='bbox 1171 1657 1271 1712; x_wconf 88' lang='lat' dir='ltr'><strong>quia</strong></span> <span class='ocrx_word' id='word_1_179' title='bbox 1294 1660 1380 1699; x_wconf 88' lang='lat' dir='ltr'><strong>tam</strong></span> <span class='ocrx_word' id='word_1_180' title='bbox 1404 1667 1478 1700; x_wconf 70' lang='lat' dir='ltr'><strong>ar-</strong></span> 
     </span>
     <span class='ocr_line' id='line_1_22' title="bbox 219 1724 1474 1785; baseline 0.003 -15"><span class='ocrx_word' id='word_1_181' title='bbox 219 1727 373 1771; x_wconf 80' lang='lat' dir='ltr'><strong>denter</strong></span> <span class='ocrx_word' id='word_1_182' title='bbox 401 1740 566 1780; x_wconf 84' lang='lat' dir='ltr'><strong>amans,</strong></span> <span class='ocrx_word' id='word_1_183' title='bbox 595 1736 766 1785; x_wconf 87' lang='lat' dir='ltr'><strong>tamque</strong></span> <span class='ocrx_word' id='word_1_184' title='bbox 791 1729 1063 1774; x_wconf 77' lang='lat' dir='ltr'><strong>familiariter</strong></span> <span class='ocrx_word' id='word_1_185' title='bbox 1086 1724 1270 1783; x_wconf 83' lang='lat' dir='ltr'><strong>amatus,</strong></span> <span class='ocrx_word' id='word_1_186' title='bbox 1299 1742 1346 1774; x_wconf 87' lang='lat' dir='ltr'><strong>se</strong></span> <span class='ocrx_word' id='word_1_187' title='bbox 1376 1741 1474 1774; x_wconf 86' lang='lat' dir='ltr'><strong>esse</strong></span> 
     </span>
     <span class='ocr_line' id='line_1_23' title="bbox 219 1801 1474 1859; baseline 0.002 -16"><span class='ocrx_word' id='word_1_188' title='bbox 219 1801 355 1855; x_wconf 90' lang='lat' dir='ltr'><strong>illum,</strong></span> <span class='ocrx_word' id='word_1_189' title='bbox 373 1802 446 1856; x_wconf 84' lang='lat' dir='ltr'><strong>qui</strong></span> <span class='ocrx_word' id='word_1_190' title='bbox 470 1803 533 1845; x_wconf 90' lang='lat' dir='ltr'><strong>sic</strong></span> <span class='ocrx_word' id='word_1_191' title='bbox 553 1804 795 1855; x_wconf 82' lang='lat' dir='ltr'><strong>amabatur,</strong></span> <span class='ocrx_word' id='word_1_192' title='bbox 819 1817 906 1847; x_wconf 87' lang='lat' dir='ltr'><strong>non</strong></span> <span class='ocrx_word' id='word_1_193' title='bbox 929 1809 1099 1859; x_wconf 87' lang='lat' dir='ltr'><strong>poterat</strong></span> <span class='ocrx_word' id='word_1_194' title='bbox 1121 1804 1278 1847; x_wconf 86' lang='lat' dir='ltr'><strong>celare.</strong></span> <span class='ocrx_word' id='word_1_195' title='bbox 1300 1801 1340 1847; x_wconf 78' lang='lat'>0</span> <span class='ocrx_word' id='word_1_196' title='bbox 1359 1815 1474 1847; x_wconf 88' lang='lat' dir='ltr'><strong>sum-</strong></span> 
     </span>
     <span class='ocr_line' id='line_1_24' title="bbox 218 1876 1472 1930; baseline 0.003 -15"><span class='ocrx_word' id='word_1_197' title='bbox 218 1884 287 1915; x_wconf 82' lang='lat' dir='ltr'><strong>ma</strong></span> <span class='ocrx_word' id='word_1_198' title='bbox 309 1880 351 1917; x_wconf 87' lang='lat' dir='ltr'><strong>et</strong></span> <span class='ocrx_word' id='word_1_199' title='bbox 378 1876 503 1930; x_wconf 85' lang='lat' dir='ltr'><strong>plena</strong></span> <span class='ocrx_word' id='word_1_200' title='bbox 540 1876 759 1920; x_wconf 84' lang='lat' dir='ltr'><strong>beatitudo</strong></span> <span class='ocrx_word' id='word_1_201' title='bbox 783 1889 929 1921; x_wconf 86' lang='lat' dir='ltr'><strong>amare</strong></span> <span class='ocrx_word' id='word_1_202' title='bbox 956 1876 1195 1930; x_wconf 83' lang='lat' dir='ltr'><strong>Christum,</strong></span> <span class='ocrx_word' id='word_1_203' title='bbox 1213 1882 1257 1928; x_wconf 82' lang='lat' dir='ltr'><strong>et</strong></span> <span class='ocrx_word' id='word_1_204' title='bbox 1276 1879 1416 1921; x_wconf 81' lang='lat' dir='ltr'><strong>amari</strong></span> <span class='ocrx_word' id='word_1_205' title='bbox 1447 1887 1472 1919; x_wconf 87' lang='lat' dir='ltr'><strong>a</strong></span> 
     </span>
     <span class='ocr_line' id='line_1_25' title="bbox 216 1944 1396 2006; baseline 0.004 -18"><span class='ocrx_word' id='word_1_206' title='bbox 216 1944 417 1998; x_wconf 63' lang='lat' dir='ltr'><strong>Clu-istm</strong></span> <span class='ocrx_word' id='word_1_207' title='bbox 435 1952 477 1989; x_wconf 87' lang='lat' dir='ltr'><strong>et</strong></span> <span class='ocrx_word' id='word_1_208' title='bbox 494 1945 832 1992; x_wconf 79' lang='lat' dir='ltr'><strong>familiaritatem</strong></span> <span class='ocrx_word' id='word_1_209' title='bbox 856 1949 1138 2006; x_wconf 80' lang='lat' dir='ltr'><strong>habereerga</strong></span> <span class='ocrx_word' id='word_1_210' title='bbox 1162 1949 1327 2005; x_wconf 69' lang='lat' dir='ltr'><strong>ipsum!</strong></span> <span class='ocrx_word' id='word_1_211' title='bbox 1391 1962 1396 1969; x_wconf 83' lang='grc'><em>·</em></span> 
     </span>
     <span class='ocr_line' id='line_1_26' title="bbox 269 2015 1471 2077; baseline 0.003 -17"><span class='ocrx_word' id='word_1_212' title='bbox 269 2015 340 2061; x_wconf 80' lang='lat' dir='ltr'><strong>Vl.</strong></span> <span class='ocrx_word' id='word_1_213' title='bbox 382 2016 467 2062; x_wconf 89' lang='lat' dir='ltr'><strong>Sed</strong></span> <span class='ocrx_word' id='word_1_214' title='bbox 508 2019 726 2077; x_wconf 86' lang='lat' dir='ltr'><strong>quomodo</strong></span> <span class='ocrx_word' id='word_1_215' title='bbox 759 2019 945 2066; x_wconf 86' lang='lat' dir='ltr'><strong>dilectus</strong></span> <span class='ocrx_word' id='word_1_216' title='bbox 977 2029 1020 2065; x_wconf 90' lang='lat' dir='ltr'><strong>et</strong></span> <span class='ocrx_word' id='word_1_217' title='bbox 1053 2021 1276 2066; x_wconf 86' lang='lat' dir='ltr'><strong>familiaris</strong></span> <span class='ocrx_word' id='word_1_218' title='bbox 1307 2021 1348 2065; x_wconf 88' lang='lat' dir='ltr'><strong>ei</strong></span> <span class='ocrx_word' id='word_1_219' title='bbox 1375 2025 1471 2065; x_wconf 87' lang='lat' dir='ltr'><strong>erat</strong></span> 
     </span>
     <span class='ocr_line' id='line_1_27' title="bbox 212 2088 1482 2147; baseline 0.002 -12"><span class='ocrx_word' id='word_1_220' title='bbox 212 2088 430 2135; x_wconf 71' lang='lat' dir='ltr'><strong>loannes?</strong></span> <span class='ocrx_word' id='word_1_221' title='bbox 467 2091 648 2144; x_wconf 85' lang='lat' dir='ltr'><strong>Quando</strong></span> <span class='ocrx_word' id='word_1_222' title='bbox 682 2094 796 2137; x_wconf 89' lang='lat' dir='ltr'><strong>ullus</strong></span> <span class='ocrx_word' id='word_1_223' title='bbox 829 2094 1010 2139; x_wconf 89' lang='lat' dir='ltr'><strong>secretis</strong></span> <span class='ocrx_word' id='word_1_224' title='bbox 1048 2094 1212 2139; x_wconf 85' lang='lat' dir='ltr'><strong>Christi</strong></span> <span class='ocrx_word' id='word_1_225' title='bbox 1241 2093 1482 2147; x_wconf 85' lang='lat' dir='ltr'><strong>interfuit,</strong></span> 
     </span>
     <span class='ocr_line' id='line_1_28' title="bbox 213 2163 1468 2224; baseline 0.005 -18"><span class='ocrx_word' id='word_1_226' title='bbox 213 2163 387 2220; x_wconf 87' lang='lat' dir='ltr'><strong>quando</strong></span> <span class='ocrx_word' id='word_1_227' title='bbox 407 2163 596 2208; x_wconf 86' lang='lat' dir='ltr'><strong>Joannes</strong></span> <span class='ocrx_word' id='word_1_228' title='bbox 619 2164 781 2209; x_wconf 82' lang='lat' dir='ltr'><strong>defuit?</strong></span> <span class='ocrx_word' id='word_1_229' title='bbox 800 2166 873 2210; x_wconf 87' lang='lat' dir='ltr'><strong>ubi</strong></span> <span class='ocrx_word' id='word_1_230' title='bbox 893 2165 996 2211; x_wconf 89' lang='lat' dir='ltr'><strong>&#39;eum</strong></span> <span class='ocrx_word' id='word_1_231' title='bbox 1015 2168 1196 2224; x_wconf 79' lang='lat' dir='ltr'><strong>contigit</strong></span> <span class='ocrx_word' id='word_1_232' title='bbox 1216 2167 1372 2220; x_wconf 89' lang='lat' dir='ltr'><strong>emitti,</strong></span> <span class='ocrx_word' id='word_1_233' title='bbox 1397 2169 1468 2212; x_wconf 89' lang='lat' dir='ltr'><strong>cui</strong></span> 
     </span>
     <span class='ocr_line' id='line_1_29' title="bbox 211 2237 1468 2296; baseline 0.004 -17"><span class='ocrx_word' id='word_1_234' title='bbox 211 2237 360 2280; x_wconf 85' lang='lat' dir='ltr'><strong>datum</strong></span> <span class='ocrx_word' id='word_1_235' title='bbox 390 2243 457 2282; x_wconf 88' lang='lat' dir='ltr'><strong>est</strong></span> <span class='ocrx_word' id='word_1_236' title='bbox 495 2237 690 2290; x_wconf 79' lang='lat' dir='ltr'><strong>admitti?</strong></span> <span class='ocrx_word' id='word_1_237' title='bbox 719 2237 827 2281; x_wconf 87' lang='lat' dir='ltr'><strong>Nam</strong></span> <span class='ocrx_word' id='word_1_238' title='bbox 875 2239 1231 2296; x_wconf 85' lang='lat' dir='ltr'><strong>transfiguratum</strong></span> <span class='ocrx_word' id='word_1_239' title='bbox 1266 2240 1468 2285; x_wconf 82' lang='lat' dir='ltr'><strong>viderunt</strong></span> 
     </span>
     <span class='ocr_line' id='line_1_30' title="bbox 207 2308 1463 2362; baseline 0.003 -11.01"><span class='ocrx_word' id='word_1_240' title='bbox 207 2309 365 2353; x_wconf 58' lang='lat' dir='ltr'><strong>-2P01111s</strong></span> <span class='ocrx_word' id='word_1_241' title='bbox 401 2317 443 2354; x_wconf 90' lang='lat' dir='ltr'><strong>et</strong></span> <span class='ocrx_word' id='word_1_242' title='bbox 474 2308 678 2362; x_wconf 71' lang='lat' dir='ltr'><strong>lacobus,</strong></span> <span class='ocrx_word' id='word_1_243' title='bbox 708 2316 750 2354; x_wconf 89' lang='lat' dir='ltr'><strong>et</strong></span> <span class='ocrx_word' id='word_1_244' title='bbox 777 2323 864 2354; x_wconf 92' lang='lat' dir='ltr'><strong>non</strong></span> <span class='ocrx_word' id='word_1_245' title='bbox 897 2311 1006 2355; x_wconf 81' lang='lat' dir='ltr'><strong>vidit</strong></span> <span class='ocrx_word' id='word_1_246' title='bbox 1038 2311 1251 2355; x_wconf 70' lang='lat' dir='ltr'><strong>loannes?</strong></span> <span class='ocrx_word' id='word_1_247' title='bbox 1273 2310 1385 2354; x_wconf 88' lang='lat' dir='ltr'><strong>Num</strong></span> <span class='ocrx_word' id='word_1_248' title='bbox 1420 2312 1463 2355; x_wconf 92' lang='lat' dir='ltr'><strong>in</strong></span> 
     </span>
    </p>
   </div>
   <div class='ocr_carea' id='block_1_5' title="bbox 212 2373 2840 2450">
    <p class='ocr_par' dir='ltr' id='par_1_5' title="bbox 212 2373 2840 2450">
     <span class='ocr_line' id='line_1_31' title="bbox 212 2373 2840 2450; baseline 0.007 -36"><span class='ocrx_word' id='word_1_249' title='bbox 212 2395 304 2438; x_wconf 60' lang='lat' dir='ltr'><strong>,psa</strong></span> <span class='ocrx_word' id='word_1_250' title='bbox 338 2388 478 2435; x_wconf 63' lang='lat' dir='ltr'><strong>noete,</strong></span> <span class='ocrx_word' id='word_1_251' title='bbox 516 2395 611 2440; x_wconf 70' lang='lat' dir='ltr'><strong>quae</strong></span> <span class='ocrx_word' id='word_1_252' title='bbox 649 2383 863 2439; x_wconf 65' lang='lat' dir='ltr'><strong>passionis</strong></span> <span class='ocrx_word' id='word_1_253' title='bbox 890 2396 979 2428; x_wconf 73' lang='lat' dir='ltr'><strong>suae</strong></span> <span class='ocrx_word' id='word_1_254' title='bbox 1009 2383 1122 2428; x_wconf 63' lang='lat' dir='ltr'><strong>diem</strong></span> <span class='ocrx_word' id='word_1_255' title='bbox 1154 2384 1376 2440; x_wconf 67' lang='lat' dir='ltr'><strong>praecessjt</strong></span> <span class='ocrx_word' id='word_1_256' title='bbox 1406 2384 1459 2427; x_wconf 70' lang='lat' dir='ltr'><strong>ad</strong></span> <span class='ocrx_word' id='word_1_257' title='bbox 1481 2373 1514 2418; x_wconf 88' lang='lat' dir='ltr'>C</span> <span class='ocrx_word' id='word_1_258' title='bbox 1540 2391 1616 2435; x_wconf 86' lang='lat' dir='ltr'><strong>pra</strong></span> <span class='ocrx_word' id='word_1_259' title='bbox 1634 2386 1786 2435; x_wconf 88' lang='lat' dir='ltr'><strong>peetus</strong></span> <span class='ocrx_word' id='word_1_260' title='bbox 1808 2381 1904 2437; x_wconf 72' lang='lat' dir='ltr'><strong>eius</strong></span> <span class='ocrx_word' id='word_1_261' title='bbox 1933 2388 2065 2439; x_wconf 81' lang='lat' dir='ltr'><strong>caput</strong></span> <span class='ocrx_word' id='word_1_262' title='bbox 2087 2383 2317 2436; x_wconf 81' lang='lat' dir='ltr'><strong>reclinare,</strong></span> <span class='ocrx_word' id='word_1_263' title='bbox 2342 2390 2384 2429; x_wconf 90' lang='lat' dir='ltr'><strong>et</strong></span> <span class='ocrx_word' id='word_1_264' title='bbox 2408 2399 2538 2442; x_wconf 88' lang='lat' dir='ltr'><strong>supra</strong></span> <span class='ocrx_word' id='word_1_265' title='bbox 2562 2387 2606 2432; x_wconf 90' lang='lat' dir='ltr'><strong>id</strong></span> <span class='ocrx_word' id='word_1_266' title='bbox 2629 2400 2787 2450; x_wconf 74' lang='grc' dir='ltr'>ιθοιιιιι</span> <span class='ocrx_word' id='word_1_267' title='bbox 2838 2444 2840 2446; x_wconf 75' lang='lat'>.</span> 
     </span>
    </p>
   </div>
   <div class='ocr_carea' id='block_1_6' title="bbox 203 2455 1462 2954">
    <p class='ocr_par' dir='ltr' id='par_1_6' title="bbox 203 2455 1462 2954">
     <span class='ocr_line' id='line_1_32' title="bbox 211 2455 1462 2513; baseline 0.002 -16"><span class='ocrx_word' id='word_1_268' title='bbox 211 2456 352 2498; x_wconf 90' lang='lat' dir='ltr'><strong>locum</strong></span> <span class='ocrx_word' id='word_1_269' title='bbox 375 2455 516 2498; x_wconf 90' lang='lat' dir='ltr'><strong>iturus</strong></span> <span class='ocrx_word' id='word_1_270' title='bbox 540 2455 751 2500; x_wconf 85' lang='lat' dir='ltr'><strong>orationis</strong></span> <span class='ocrx_word' id='word_1_271' title='bbox 782 2455 959 2500; x_wconf 87' lang='lat' dir='ltr'><strong>Petrum</strong></span> <span class='ocrx_word' id='word_1_272' title='bbox 983 2469 1130 2501; x_wconf 88' lang='lat' dir='ltr'><strong>secum</strong></span> <span class='ocrx_word' id='word_1_273' title='bbox 1164 2457 1398 2513; x_wconf 87' lang='lat' dir='ltr'><strong>assumpsit</strong></span> <span class='ocrx_word' id='word_1_274' title='bbox 1420 2463 1462 2501; x_wconf 93' lang='lat' dir='ltr'><strong>et</strong></span> 
     </span>
     <span class='ocr_line' id='line_1_33' title="bbox 208 2526 1462 2587; baseline 0.004 -17"><span class='ocrx_word' id='word_1_275' title='bbox 208 2526 417 2571; x_wconf 69' lang='lat' dir='ltr'><strong>Iacobum</strong></span> <span class='ocrx_word' id='word_1_276' title='bbox 433 2560 443 2579; x_wconf 95' lang='lat'><strong>,</strong></span> <span class='ocrx_word' id='word_1_277' title='bbox 464 2534 506 2572; x_wconf 90' lang='lat' dir='ltr'><strong>et</strong></span> <span class='ocrx_word' id='word_1_278' title='bbox 526 2541 610 2572; x_wconf 91' lang='lat' dir='ltr'><strong>non</strong></span> <span class='ocrx_word' id='word_1_279' title='bbox 626 2527 835 2573; x_wconf 68' lang='lat' dir='ltr'><strong>loannem</strong></span> <span class='ocrx_word' id='word_1_280' title='bbox 855 2531 1123 2587; x_wconf 82' lang='lat' dir='ltr'><strong>assumpsit?</strong></span> <span class='ocrx_word' id='word_1_281' title='bbox 1142 2529 1255 2575; x_wconf 84' lang='lat' dir='ltr'><strong>Num</strong></span> <span class='ocrx_word' id='word_1_282' title='bbox 1271 2532 1462 2575; x_wconf 72' lang='lat' dir='ltr'><strong>resusci-</strong></span> 
     </span>
     <span class='ocr_line' id='line_1_34' title="bbox 209 2600 1461 2661; baseline 0.006 -19"><span class='ocrx_word' id='word_1_283' title='bbox 209 2601 363 2644; x_wconf 84' lang='lat' dir='ltr'><strong>tationi</strong></span> <span class='ocrx_word' id='word_1_284' title='bbox 378 2601 473 2645; x_wconf 87' lang='lat' dir='ltr'><strong>tiliae</strong></span> <span class='ocrx_word' id='word_1_285' title='bbox 487 2600 815 2661; x_wconf 77' lang='lat' dir='ltr'><strong>archisynagogi</strong></span> <span class='ocrx_word' id='word_1_286' title='bbox 834 2602 1009 2659; x_wconf 85' lang='lat' dir='ltr'><strong>Petrum</strong></span> <span class='ocrx_word' id='word_1_287' title='bbox 1025 2610 1066 2647; x_wconf 90' lang='lat' dir='ltr'><strong>et</strong></span> <span class='ocrx_word' id='word_1_288' title='bbox 1082 2603 1290 2649; x_wconf 69' lang='lat' dir='ltr'><strong>Iacobum</strong></span> <span class='ocrx_word' id='word_1_289' title='bbox 1309 2605 1461 2659; x_wconf 88' lang='lat' dir='ltr'><strong>adesse</strong></span> 
     </span>
     <span class='ocr_line' id='line_1_35' title="bbox 210 2668 1460 2732; baseline 0.005 -17"><span class='ocrx_word' id='word_1_290' title='bbox 210 2674 370 2725; x_wconf 86' lang='lat' dir='ltr'><strong>voluit,</strong></span> <span class='ocrx_word' id='word_1_291' title='bbox 396 2679 438 2718; x_wconf 89' lang='lat' dir='ltr'><strong>et</strong></span> <span class='ocrx_word' id='word_1_292' title='bbox 460 2673 668 2720; x_wconf 75' lang='lat' dir='ltr'><strong>Ioannem</strong></span> <span class='ocrx_word' id='word_1_293' title='bbox 691 2676 905 2720; x_wconf 79' lang='lat' dir='ltr'><strong>exclusit?</strong></span> <span class='ocrx_word' id='word_1_294' title='bbox 926 2689 1141 2732; x_wconf 83' lang='lat' dir='ltr'><strong>nusquam</strong></span> <span class='ocrx_word' id='word_1_295' title='bbox 1164 2668 1357 2722; x_wconf 80' lang='lat' dir='ltr'><strong>invenies</strong></span> <span class='ocrx_word' id='word_1_296' title='bbox 1381 2678 1460 2721; x_wconf 77' lang='lat' dir='ltr'><strong>ali·</strong></span> 
     </span>
     <span class='ocr_line' id='line_1_36' title="bbox 206 2747 1458 2805; baseline 0.002 -15"><span class='ocrx_word' id='word_1_297' title='bbox 206 2747 322 2801; x_wconf 85' lang='lat' dir='ltr'><strong>quod</strong></span> <span class='ocrx_word' id='word_1_298' title='bbox 366 2748 440 2791; x_wconf 91' lang='lat' dir='ltr'><strong>alii</strong></span> <span class='ocrx_word' id='word_1_299' title='bbox 481 2748 695 2805; x_wconf 83' lang='lat' dir='ltr'><strong>discipulo</strong></span> <span class='ocrx_word' id='word_1_300' title='bbox 748 2749 1119 2793; x_wconf 85' lang='lat' dir='ltr'><strong>communicatum</strong></span> <span class='ocrx_word' id='word_1_301' title='bbox 1173 2754 1389 2794; x_wconf 85' lang='lat' dir='ltr'><strong>secretum</strong></span> <span class='ocrx_word' id='word_1_302' title='bbox 1434 2763 1458 2793; x_wconf 88' lang='lat' dir='ltr'><strong>a</strong></span> 
     </span>
     <span class='ocr_line' id='line_1_37' title="bbox 203 2811 1457 2879; baseline 0.006 -17"><span class='ocrx_word' id='word_1_303' title='bbox 203 2819 370 2864; x_wconf 84' lang='lat' dir='ltr'><strong>Joanne</strong></span> <span class='ocrx_word' id='word_1_304' title='bbox 392 2811 670 2866; x_wconf 84' lang='lat' dir='ltr'><strong>occultatum.</strong></span> <span class='ocrx_word' id='word_1_305' title='bbox 690 2821 803 2875; x_wconf 69' lang='lat' dir='ltr'><strong>Quin</strong></span> <span class='ocrx_word' id='word_1_306' title='bbox 827 2823 913 2867; x_wconf 90' lang='lat' dir='ltr'><strong>imo</strong></span> <span class='ocrx_word' id='word_1_307' title='bbox 935 2824 988 2867; x_wconf 90' lang='lat' dir='ltr'><strong>ad</strong></span> <span class='ocrx_word' id='word_1_308' title='bbox 1015 2823 1210 2879; x_wconf 82' lang='lat' dir='ltr'><strong>quaedam</strong></span> <span class='ocrx_word' id='word_1_309' title='bbox 1241 2823 1457 2869; x_wconf 87' lang='lat' dir='ltr'><strong>admissus</strong></span> 
     </span>
     <span class='ocr_line' id='line_1_38' title="bbox 204 2891 1455 2954; baseline 0.004 -17"><span class='ocrx_word' id='word_1_310' title='bbox 204 2900 284 2942; x_wconf 88' lang='lat' dir='ltr'><strong>est,</strong></span> <span class='ocrx_word' id='word_1_311' title='bbox 304 2895 540 2951; x_wconf 85' lang='lat' dir='ltr'><strong>etquidem</strong></span> <span class='ocrx_word' id='word_1_312' title='bbox 564 2895 688 2940; x_wconf 90' lang='lat' dir='ltr'><strong>valde</strong></span> <span class='ocrx_word' id='word_1_313' title='bbox 720 2891 1008 2949; x_wconf 81' lang='lat' dir='ltr'><strong>familiariter,</strong></span> <span class='ocrx_word' id='word_1_314' title='bbox 1034 2905 1076 2941; x_wconf 86' lang='lat' dir='ltr'><strong>et</strong></span> <span class='ocrx_word' id='word_1_315' title='bbox 1095 2909 1153 2941; x_wconf 86' lang='lat' dir='ltr'><strong>eo</strong></span> <span class='ocrx_word' id='word_1_316' title='bbox 1172 2897 1309 2954; x_wconf 80' lang='lat' dir='ltr'><strong>magis</strong></span> <span class='ocrx_word' id='word_1_317' title='bbox 1327 2896 1455 2942; x_wconf 85' lang='lat' dir='ltr'><strong>fami-</strong></span> 
     </span>
    </p>
   </div>
   <div class='ocr_carea' id='block_1_7' title="bbox 203 2966 1489 3027">
    <p class='ocr_par' dir='ltr' id='par_1_7' title="bbox 203 2966 1489 3027">
     <span class='ocr_line' id='line_1_39' title="bbox 203 2966 1489 3027; baseline 0.004 -17"><span class='ocrx_word' id='word_1_318' title='bbox 203 2966 385 3021; x_wconf 88' lang='lat' dir='ltr'><strong>liariter,</strong></span> <span class='ocrx_word' id='word_1_319' title='bbox 419 2982 504 3025; x_wconf 90' lang='lat' dir='ltr'><strong>quo</strong></span> <span class='ocrx_word' id='word_1_320' title='bbox 529 2971 706 3014; x_wconf 89' lang='lat' dir='ltr'><strong>omnino</strong></span> <span class='ocrx_word' id='word_1_321' title='bbox 733 2970 1027 3027; x_wconf 80' lang='lat' dir='ltr'><strong>singulariter,</strong></span> <span class='ocrx_word' id='word_1_322' title='bbox 1057 2972 1150 3027; x_wconf 87' lang='lat' dir='ltr'><strong>ipsa</strong></span> <span class='ocrx_word' id='word_1_323' title='bbox 1170 2983 1218 3015; x_wconf 88' lang='lat' dir='ltr'><strong>re</strong></span> <span class='ocrx_word' id='word_1_324' title='bbox 1242 2972 1455 3015; x_wconf 87' lang='lat' dir='ltr'><strong>clamante</strong></span> <span class='ocrx_word' id='word_1_325' title='bbox 1486 3007 1489 3010; x_wconf 27' lang='lat'><strong>⁴</strong></span> 
     </span>
    </p>
   </div>
   <div class='ocr_carea' id='block_1_8' title="bbox 197 3042 1460 4115">
    <p class='ocr_par' dir='ltr' id='par_1_8' title="bbox 197 3042 1460 4115">
     <span class='ocr_line' id='line_1_40' title="bbox 203 3042 1455 3101; baseline 0.006 -19"><span class='ocrx_word' id='word_1_326' title='bbox 203 3047 363 3094; x_wconf 84' lang='lat' dir='ltr'><strong>aperte,</strong></span> <span class='ocrx_word' id='word_1_327' title='bbox 397 3046 439 3084; x_wconf 87' lang='lat' dir='ltr'><strong>et</strong></span> <span class='ocrx_word' id='word_1_328' title='bbox 468 3042 679 3086; x_wconf 85' lang='lat' dir='ltr'><strong>instanter</strong></span> <span class='ocrx_word' id='word_1_329' title='bbox 712 3048 961 3093; x_wconf 79' lang='lat' dir='ltr'><strong>attestant-e,</strong></span> <span class='ocrx_word' id='word_1_330' title='bbox 990 3043 1155 3086; x_wconf 88' lang='lat' dir='ltr'><strong>nullum</strong></span> <span class='ocrx_word' id='word_1_331' title='bbox 1187 3044 1227 3088; x_wconf 90' lang='lat' dir='ltr'><strong>ei</strong></span> <span class='ocrx_word' id='word_1_332' title='bbox 1257 3056 1355 3089; x_wconf 89' lang='lat' dir='ltr'><strong>esse</strong></span> <span class='ocrx_word' id='word_1_333' title='bbox 1379 3057 1455 3101; x_wconf 81' lang='lat' dir='ltr'><strong>pa-</strong></span> 
     </span>
     <span class='ocr_line' id='line_1_41' title="bbox 202 3111 1451 3172; baseline 0.005 -16"><span class='ocrx_word' id='word_1_334' title='bbox 202 3125 310 3165; x_wconf 88' lang='lat' dir='ltr'><strong>rem,</strong></span> <span class='ocrx_word' id='word_1_335' title='bbox 337 3126 390 3159; x_wconf 86' lang='lat' dir='ltr'><strong>ne</strong></span> <span class='ocrx_word' id='word_1_336' title='bbox 414 3114 554 3157; x_wconf 87' lang='lat' dir='ltr'><strong>dicam</strong></span> <span class='ocrx_word' id='word_1_337' title='bbox 580 3116 844 3172; x_wconf 85' lang='lat' dir='ltr'><strong>superiorem</strong></span> <span class='ocrx_word' id='word_1_338' title='bbox 869 3116 912 3159; x_wconf 91' lang='lat' dir='ltr'><strong>in</strong></span> <span class='ocrx_word' id='word_1_339' title='bbox 943 3111 1169 3160; x_wconf 84' lang='lat' dir='ltr'><strong>charitatis</strong></span> <span class='ocrx_word' id='word_1_340' title='bbox 1201 3116 1451 3170; x_wconf 77' lang='lat' dir='ltr'><strong>dilectione,</strong></span> 
     </span>
     <span class='ocr_line' id='line_1_42' title="bbox 202 3188 1453 3246; baseline 0.004 -15"><span class='ocrx_word' id='word_1_341' title='bbox 202 3188 304 3231; x_wconf 88' lang='lat' dir='ltr'><strong>dum</strong></span> <span class='ocrx_word' id='word_1_342' title='bbox 327 3189 472 3231; x_wconf 89' lang='lat' dir='ltr'><strong>nullus</strong></span> <span class='ocrx_word' id='word_1_343' title='bbox 495 3201 593 3232; x_wconf 89' lang='lat' dir='ltr'><strong>cum</strong></span> <span class='ocrx_word' id='word_1_344' title='bbox 617 3202 668 3234; x_wconf 92' lang='lat' dir='ltr'><strong>eo</strong></span> <span class='ocrx_word' id='word_1_345' title='bbox 686 3191 903 3246; x_wconf 80' lang='lat' dir='ltr'><strong>particeps</strong></span> <span class='ocrx_word' id='word_1_346' title='bbox 924 3203 1021 3235; x_wconf 88' lang='lat' dir='ltr'><strong>esse</strong></span> <span class='ocrx_word' id='word_1_347' title='bbox 1039 3192 1198 3236; x_wconf 80' lang='lat' dir='ltr'><strong>meruit</strong></span> <span class='ocrx_word' id='word_1_348' title='bbox 1221 3193 1266 3235; x_wconf 90' lang='lat' dir='ltr'><strong>in</strong></span> <span class='ocrx_word' id='word_1_349' title='bbox 1291 3192 1453 3237; x_wconf 87' lang='lat' dir='ltr'><strong>admis-</strong></span> 
     </span>
     <span class='ocr_line' id='line_1_43' title="bbox 202 3258 1452 3319; baseline 0.005 -17"><span class='ocrx_word' id='word_1_350' title='bbox 202 3259 323 3303; x_wconf 87' lang='lat' dir='ltr'><strong>sione</strong></span> <span class='ocrx_word' id='word_1_351' title='bbox 342 3258 667 3305; x_wconf 74' lang='lat' dir='ltr'><strong>familiaritatis.</strong></span> <span class='ocrx_word' id='word_1_352' title='bbox 693 3260 801 3305; x_wconf 86' lang='lat' dir='ltr'><strong>Hinc</strong></span> <span class='ocrx_word' id='word_1_353' title='bbox 819 3267 884 3305; x_wconf 90' lang='lat' dir='ltr'><strong>est</strong></span> <span class='ocrx_word' id='word_1_354' title='bbox 909 3267 956 3305; x_wconf 89' lang='lat' dir='ltr'><strong>ut</strong></span> <span class='ocrx_word' id='word_1_355' title='bbox 979 3263 1179 3319; x_wconf 39' lang='lat' dir='ltr'><strong>quaedam‘</strong></span> <span class='ocrx_word' id='word_1_356' title='bbox 1200 3264 1244 3307; x_wconf 88' lang='lat' dir='ltr'><strong>in</strong></span> <span class='ocrx_word' id='word_1_357' title='bbox 1262 3265 1452 3308; x_wconf 88' lang='lat' dir='ltr'><strong>medium</strong></span> 
     </span>
     <span class='ocr_line' id='line_1_44' title="bbox 200 3323 1453 3393; baseline 0.006 -18"><span class='ocrx_word' id='word_1_358' title='bbox 200 3323 489 3389; x_wconf 82' lang='lat' dir='ltr'><strong>proferamus,</strong></span> <span class='ocrx_word' id='word_1_359' title='bbox 514 3334 630 3391; x_wconf 88' lang='lat' dir='ltr'><strong>quod</strong></span> <span class='ocrx_word' id='word_1_360' title='bbox 654 3347 784 3390; x_wconf 81' lang='lat' dir='ltr'><strong>supra</strong></span> <span class='ocrx_word' id='word_1_361' title='bbox 807 3341 959 3393; x_wconf 87' lang='lat' dir='ltr'><strong>pectus</strong></span> <span class='ocrx_word' id='word_1_362' title='bbox 990 3336 1085 3391; x_wconf 71' lang='lat' dir='ltr'><strong>eius</strong></span> <span class='ocrx_word' id='word_1_363' title='bbox 1107 3337 1154 3380; x_wconf 90' lang='lat' dir='ltr'><strong>in</strong></span> <span class='ocrx_word' id='word_1_364' title='bbox 1176 3348 1303 3381; x_wconf 88' lang='lat' dir='ltr'><strong>coena</strong></span> <span class='ocrx_word' id='word_1_365' title='bbox 1326 3351 1453 3382; x_wconf 83' lang='lat' dir='ltr'><strong>recu-</strong></span> 
     </span>
     <span class='ocr_line' id='line_1_45' title="bbox 200 3404 1450 3466; baseline 0.004 -17"><span class='ocrx_word' id='word_1_366' title='bbox 200 3405 293 3449; x_wconf 89' lang='lat' dir='ltr'><strong>buit</strong></span> <span class='ocrx_word' id='word_1_367' title='bbox 315 3404 457 3462; x_wconf 81' lang='lat' dir='ltr'><strong>(Joan.</strong></span> <span class='ocrx_word' id='word_1_368' title='bbox 495 3418 587 3457; x_wconf 79' lang='lat' dir='ltr'><strong>xxi,</strong></span> <span class='ocrx_word' id='word_1_369' title='bbox 620 3406 691 3463; x_wconf 77' lang='lat'><strong>20)</strong></span> <span class='ocrx_word' id='word_1_370' title='bbox 718 3421 727 3448; x_wconf 73' lang='grc' dir='ltr'><strong><em>ε</em></strong></span> <span class='ocrx_word' id='word_1_371' title='bbox 760 3407 961 3462; x_wconf 82' lang='lat' dir='ltr'><strong>pulvinar</strong></span> <span class='ocrx_word' id='word_1_372' title='bbox 992 3408 1157 3453; x_wconf 87' lang='lat' dir='ltr'><strong>faciens</strong></span> <span class='ocrx_word' id='word_1_373' title='bbox 1192 3410 1274 3454; x_wconf 90' lang='lat' dir='ltr'><strong>sibi</strong></span> <span class='ocrx_word' id='word_1_374' title='bbox 1307 3409 1450 3466; x_wconf 88' lang='lat' dir='ltr'><strong>ipsum</strong></span> 
     </span>
     <span class='ocr_line' id='line_1_46' title="bbox 200 3479 1449 3535; baseline 0.003 -12"><span class='ocrx_word' id='word_1_375' title='bbox 200 3479 540 3523; x_wconf 78' lang='lat' dir='ltr'><strong>sacratissimum</strong></span> <span class='ocrx_word' id='word_1_376' title='bbox 559 3484 711 3535; x_wconf 88' lang='lat' dir='ltr'><strong>pectus</strong></span> <span class='ocrx_word' id='word_1_377' title='bbox 734 3479 825 3526; x_wconf 88' lang='lat' dir='ltr'><strong>Dei.</strong></span> <span class='ocrx_word' id='word_1_378' title='bbox 851 3482 989 3535; x_wconf 87' lang='lat' dir='ltr'><strong>Quam</strong></span> <span class='ocrx_word' id='word_1_379' title='bbox 1012 3482 1217 3526; x_wconf 88' lang='lat' dir='ltr'><strong>dilectum</strong></span> <span class='ocrx_word' id='word_1_380' title='bbox 1236 3482 1343 3526; x_wconf 88' lang='lat' dir='ltr'><strong>illud</strong></span> <span class='ocrx_word' id='word_1_381' title='bbox 1366 3482 1449 3527; x_wconf 88' lang='lat' dir='ltr'><strong>sibi</strong></span> 
     </span>
     <span class='ocr_line' id='line_1_47' title="bbox 199 3546 1449 3611; baseline 0.007 -19"><span class='ocrx_word' id='word_1_382' title='bbox 199 3555 329 3606; x_wconf 85' lang='lat' dir='ltr'><strong>caput</strong></span> <span class='ocrx_word' id='word_1_383' title='bbox 365 3546 565 3595; x_wconf 79' lang='lat' dir='ltr'><strong>Christus</strong></span> <span class='ocrx_word' id='word_1_384' title='bbox 595 3551 775 3605; x_wconf 88' lang='lat' dir='ltr'><strong>habuit,</strong></span> <span class='ocrx_word' id='word_1_385' title='bbox 803 3554 928 3609; x_wconf 74' lang='lat' dir='ltr'><strong>&#39;quod</strong></span> <span class='ocrx_word' id='word_1_386' title='bbox 971 3567 1101 3609; x_wconf 86' lang='lat' dir='ltr'><strong>supra</strong></span> <span class='ocrx_word' id='word_1_387' title='bbox 1145 3561 1297 3611; x_wconf 82' lang='lat' dir='ltr'><strong>pectus</strong></span> <span class='ocrx_word' id='word_1_388' title='bbox 1322 3569 1449 3601; x_wconf 89' lang='lat' dir='ltr'><strong>suum</strong></span> 
     </span>
     <span class='ocr_line' id='line_1_48' title="bbox 199 3623 1451 3683; baseline 0.006 -17"><span class='ocrx_word' id='word_1_389' title='bbox 199 3623 422 3678; x_wconf 85' lang='lat' dir='ltr'><strong>quiescere</strong></span> <span class='ocrx_word' id='word_1_390' title='bbox 453 3623 685 3679; x_wconf 79' lang='lat' dir='ltr'><strong>permisit?</strong></span> <span class='ocrx_word' id='word_1_391' title='bbox 718 3630 760 3668; x_wconf 87' lang='lat' dir='ltr'><strong>et</strong></span> <span class='ocrx_word' id='word_1_392' title='bbox 789 3637 946 3682; x_wconf 79' lang='lat' dir='ltr'><strong>magna</strong></span> <span class='ocrx_word' id='word_1_393' title='bbox 978 3627 1152 3683; x_wconf 83' lang='lat' dir='ltr'><strong>quidem</strong></span> <span class='ocrx_word' id='word_1_394' title='bbox 1176 3627 1451 3674; x_wconf 77' lang='lat' dir='ltr'><strong>familiaritas</strong></span> 
     </span>
     <span class='ocr_line' id='line_1_49' title="bbox 199 3694 1451 3759; baseline 0.006 -22"><span class='ocrx_word' id='word_1_395' title='bbox 199 3694 312 3748; x_wconf 85' lang='lat' dir='ltr'><strong>haec;</strong></span> <span class='ocrx_word' id='word_1_396' title='bbox 331 3696 523 3739; x_wconf 83' lang='lat' dir='ltr'><strong>exterius</strong></span> <span class='ocrx_word' id='word_1_397' title='bbox 541 3701 686 3750; x_wconf 81' lang='lat' dir='ltr'><strong>tamen</strong></span> <span class='ocrx_word' id='word_1_398' title='bbox 702 3695 805 3739; x_wconf 83' lang='lat' dir='ltr'><strong>fuit:</strong></span> <span class='ocrx_word' id='word_1_399' title='bbox 822 3709 922 3740; x_wconf 90' lang='lat' dir='ltr'><strong>nam</strong></span> <span class='ocrx_word' id='word_1_400' title='bbox 939 3699 1064 3759; x_wconf 75' lang='lat' dir='ltr'><strong>longe</strong></span> <span class='ocrx_word' id='word_1_401' title='bbox 1080 3699 1322 3757; x_wconf 84' lang='lat' dir='ltr'><strong>alia-major</strong></span> <span class='ocrx_word' id='word_1_402' title='bbox 1337 3715 1451 3758; x_wconf 77' lang='lat' dir='ltr'><strong>quae-</strong></span> 
     </span>
     <span class='ocr_line' id='line_1_50' title="bbox 198 3767 1460 3835; baseline 0.005 -24"><span class='ocrx_word' id='word_1_403' title='bbox 198 3768 299 3811; x_wconf 86' lang='lat' dir='ltr'><strong>dam</strong></span> <span class='ocrx_word' id='word_1_404' title='bbox 321 3767 419 3820; x_wconf 85' lang='lat' dir='ltr'><strong>fuit,</strong></span> <span class='ocrx_word' id='word_1_405' title='bbox 443 3781 540 3824; x_wconf 85' lang='lat' dir='ltr'><strong>quae</strong></span> <span class='ocrx_word' id='word_1_406' title='bbox 563 3767 748 3812; x_wconf 76' lang='lat' dir='ltr'><strong>interior</strong></span> <span class='ocrx_word' id='word_1_407' title='bbox 767 3775 875 3835; x_wconf 83' lang='lat' dir='ltr'><strong>erat,</strong></span> <span class='ocrx_word' id='word_1_408' title='bbox 900 3783 981 3814; x_wconf 91' lang='lat' dir='ltr'><strong>nee</strong></span> <span class='ocrx_word' id='word_1_409' title='bbox 1004 3771 1100 3815; x_wconf 91' lang='lat' dir='ltr'><strong>ideo</strong></span> <span class='ocrx_word' id='word_1_410' title='bbox 1123 3773 1265 3816; x_wconf 84' lang='lat' dir='ltr'><strong>solum</strong></span> <span class='ocrx_word' id='word_1_411' title='bbox 1289 3774 1460 3830; x_wconf 79' lang='lat' dir='ltr'><strong>major,-</strong></span> 
     </span>
     <span class='ocr_line' id='line_1_51' title="bbox 198 3838 1445 3899; baseline 0.006 -19"><span class='ocrx_word' id='word_1_412' title='bbox 198 3839 300 3893; x_wconf 84' lang='lat' dir='ltr'><strong>quia</strong></span> <span class='ocrx_word' id='word_1_413' title='bbox 321 3839 526 3898; x_wconf 80' lang='lat' dir='ltr'><strong>·in&#39;terior;</strong></span> <span class='ocrx_word' id='word_1_414' title='bbox 558 3839 633 3883; x_wconf 88' lang='lat' dir='ltr'><strong>sed</strong></span> <span class='ocrx_word' id='word_1_415' title='bbox 662 3838 764 3895; x_wconf 87' lang='lat' dir='ltr'><strong>quia</strong></span> <span class='ocrx_word' id='word_1_416' title='bbox 787 3839 878 3883; x_wconf 78' lang='lat' dir='ltr'><strong>haec</strong></span> <span class='ocrx_word' id='word_1_417' title='bbox 898 3841 1071 3893; x_wconf 70' lang='lat' dir='ltr'><strong>veritas,</strong></span> <span class='ocrx_word' id='word_1_418' title='bbox 1090 3843 1163 3885; x_wconf 86' lang='lat' dir='ltr'><strong>illa</strong></span> <span class='ocrx_word' id='word_1_419' title='bbox 1182 3842 1316 3899; x_wconf 80' lang='lat' dir='ltr'><strong>figura</strong></span> <span class='ocrx_word' id='word_1_420' title='bbox 1335 3851 1445 3888; x_wconf 78' lang='lat' dir='ltr'><strong>erat.</strong></span> 
     </span>
     <span class='ocr_line' id='line_1_52' title="bbox 199 3907 1448 3972; baseline 0.005 -18"><span class='ocrx_word' id='word_1_421' title='bbox 199 3907 399 3958; x_wconf 76' lang='lat' dir='ltr'><strong>Exterlus</strong></span> <span class='ocrx_word' id='word_1_422' title='bbox 422 3916 536 3958; x_wconf 89' lang='lat' dir='ltr'><strong>enim</strong></span> <span class='ocrx_word' id='word_1_423' title='bbox 565 3915 746 3962; x_wconf 73' lang='lat' dir='ltr'><strong>Ioannis</strong></span> <span class='ocrx_word' id='word_1_424' title='bbox 775 3922 906 3972; x_wconf 85' lang='lat' dir='ltr'><strong>caput</strong></span> <span class='ocrx_word' id='word_1_425' title='bbox 929 3915 1178 3971; x_wconf 86' lang='lat' dir='ltr'><strong>quiescebat</strong></span> <span class='ocrx_word' id='word_1_426' title='bbox 1199 3915 1244 3958; x_wconf 85' lang='lat' dir='ltr'><strong>in</strong></span> <span class='ocrx_word' id='word_1_427' title='bbox 1276 3922 1448 3972; x_wconf 76' lang='lat' dir='ltr'><strong>pectore</strong></span> 
     </span>
     <span class='ocr_line' id='line_1_53' title="bbox 197 3977 1447 4046; baseline 0.006 -17"><span class='ocrx_word' id='word_1_428' title='bbox 197 3983 326 4038; x_wconf 65' lang='lat' dir='ltr'><strong>Jesu:</strong></span> <span class='ocrx_word' id='word_1_429' title='bbox 350 3986 532 4032; x_wconf 88' lang='lat' dir='ltr'><strong>interius</strong></span> <span class='ocrx_word' id='word_1_430' title='bbox 553 3977 875 4046; x_wconf 71' lang='lat' dir='ltr'><strong>vero&#39;ejusdem</strong></span> <span class='ocrx_word' id='word_1_431' title='bbox 903 3994 1059 4045; x_wconf 89' lang='lat' dir='ltr'><strong>caput,</strong></span> <span class='ocrx_word' id='word_1_432' title='bbox 1094 3989 1148 4033; x_wconf 90' lang='lat' dir='ltr'><strong>de</strong></span> <span class='ocrx_word' id='word_1_433' title='bbox 1179 3995 1320 4035; x_wconf 84' lang='lat' dir='ltr'><strong>mente</strong></span> <span class='ocrx_word' id='word_1_434' title='bbox 1351 3991 1447 4046; x_wconf 80' lang='lat' dir='ltr'><strong>ejus</strong></span> 
     </span>
     <span class='ocr_line' id='line_1_54' title="bbox 198 4057 1448 4115; baseline 0.006 -16"><span class='ocrx_word' id='word_1_435' title='bbox 198 4057 370 4115; x_wconf 81' lang='lat' dir='ltr'><strong>loquor,</strong></span> <span class='ocrx_word' id='word_1_436' title='bbox 388 4060 631 4114; x_wconf 84' lang='lat' dir='ltr'><strong>collocavit,</strong></span> <span class='ocrx_word' id='word_1_437' title='bbox 656 4069 699 4105; x_wconf 86' lang='lat' dir='ltr'><strong>et</strong></span> <span class='ocrx_word' id='word_1_438' title='bbox 725 4062 950 4111; x_wconf 86' lang='lat' dir='ltr'><strong>reclinavit</strong></span> <span class='ocrx_word' id='word_1_439' title='bbox 968 4073 1030 4113; x_wconf 87' lang='lat' dir='ltr'><strong>se,</strong></span> <span class='ocrx_word' id='word_1_440' title='bbox 1051 4063 1096 4105; x_wconf 93' lang='lat' dir='ltr'><strong>in</strong></span> <span class='ocrx_word' id='word_1_441' title='bbox 1116 4063 1346 4108; x_wconf 58' lang='lat' dir='ltr'><strong>&gt;thesauris</strong></span> <span class='ocrx_word' id='word_1_442' title='bbox 1375 4072 1448 4108; x_wconf 78' lang='lat' dir='ltr'><strong>sa-</strong></span> 
     </span>
    </p>
   </div>
   <div class='ocr_carea' id='block_1_9' title="bbox 198 4123 1486 4187">
    <p class='ocr_par' dir='ltr' id='par_1_9' title="bbox 198 4123 1486 4187">
     <span class='ocr_line' id='line_1_55' title="bbox 198 4123 1486 4187; baseline 0.009 -19"><span class='ocrx_word' id='word_1_443' title='bbox 198 4123 371 4183; x_wconf 64' lang='lat' dir='ltr'><strong>pientiae</strong></span> <span class='ocrx_word' id='word_1_444' title='bbox 387 4135 429 4173; x_wconf 90' lang='lat' dir='ltr'><strong>et</strong></span> <span class='ocrx_word' id='word_1_445' title='bbox 452 4131 645 4175; x_wconf 82' lang='lat' dir='ltr'><strong>scientiae</strong></span> <span class='ocrx_word' id='word_1_446' title='bbox 665 4127 758 4183; x_wconf 75' lang='lat' dir='ltr'><strong>Dei,</strong></span> <span class='ocrx_word' id='word_1_447' title='bbox 787 4133 860 4187; x_wconf 90' lang='lat' dir='ltr'><strong>qui</strong></span> <span class='ocrx_word' id='word_1_448' title='bbox 883 4144 1033 4176; x_wconf 90' lang='lat' dir='ltr'><strong>omnes</strong></span> <span class='ocrx_word' id='word_1_449' title='bbox 1051 4133 1263 4177; x_wconf 85' lang='lat' dir='ltr'><strong>reconditi</strong></span> <span class='ocrx_word' id='word_1_450' title='bbox 1285 4135 1450 4179; x_wconf 81' lang='lat' dir='ltr'><strong>suntin</strong></span> <span class='ocrx_word' id='word_1_451' title='bbox 1481 4148 1486 4152; x_wconf 89' lang='lat'><em>·</em></span> 
     </span>
    </p>
   </div>
   <div class='ocr_carea' id='block_1_10' title="bbox 199 4201 1449 4323">
    <p class='ocr_par' dir='ltr' id='par_1_10' title="bbox 199 4201 1449 4323">
     <span class='ocr_line' id='line_1_56' title="bbox 199 4201 1449 4262; baseline 0.006 -18"><span class='ocrx_word' id='word_1_452' title='bbox 199 4207 375 4256; x_wconf 84' lang='lat' dir='ltr'><strong>pectore</strong></span> <span class='ocrx_word' id='word_1_453' title='bbox 405 4201 524 4247; x_wconf 84' lang='lat' dir='ltr'><strong>Jesu.</strong></span> <span class='ocrx_word' id='word_1_454' title='bbox 550 4202 658 4246; x_wconf 84' lang='lat' dir='ltr'><strong>Illud</strong></span> <span class='ocrx_word' id='word_1_455' title='bbox 680 4205 734 4248; x_wconf 91' lang='lat' dir='ltr'><strong>ad</strong></span> <span class='ocrx_word' id='word_1_456' title='bbox 756 4205 982 4262; x_wconf 86' lang='lat' dir='ltr'><strong>honorem,</strong></span> <span class='ocrx_word' id='word_1_457' title='bbox 1002 4206 1086 4249; x_wconf 90' lang='lat' dir='ltr'><strong>hoc</strong></span> <span class='ocrx_word' id='word_1_458' title='bbox 1109 4212 1253 4250; x_wconf 89' lang='lat' dir='ltr'><strong>autem</strong></span> <span class='ocrx_word' id='word_1_459' title='bbox 1272 4206 1325 4250; x_wconf 89' lang='lat' dir='ltr'><strong>ad</strong></span> <span class='ocrx_word' id='word_1_460' title='bbox 1346 4220 1449 4251; x_wconf 85' lang='lat' dir='ltr'><strong>eru-</strong></span> 
     </span>
     <span class='ocr_line' id='line_1_57' title="bbox 199 4272 1446 4323; baseline 0.006 -8"><span class='ocrx_word' id='word_1_461' title='bbox 199 4272 405 4318; x_wconf 86' lang='lat' dir='ltr'><strong>ditionem</strong></span> <span class='ocrx_word' id='word_1_462' title='bbox 438 4274 532 4319; x_wconf 87' lang='lat' dir='ltr'><strong>fuit.</strong></span> <span class='ocrx_word' id='word_1_463' title='bbox 570 4275 618 4319; x_wconf 84' lang='lat' dir='ltr'><strong>ln</strong></span> <span class='ocrx_word' id='word_1_464' title='bbox 651 4281 815 4319; x_wconf 88' lang='lat' dir='ltr'><strong>tantam</strong></span> <span class='ocrx_word' id='word_1_465' title='bbox 851 4284 956 4319; x_wconf 84' lang='lat' dir='ltr'><strong>tunc</strong></span> <span class='ocrx_word' id='word_1_466' title='bbox 991 4277 1340 4323; x_wconf 78' lang='lat' dir='ltr'><strong>familiaritatem</strong></span> <span class='ocrx_word' id='word_1_467' title='bbox 1360 4291 1446 4323; x_wconf 90' lang='lat' dir='ltr'><strong>non</strong></span> 
     </span>
    </p>
   </div>
   <div class='ocr_carea' id='block_1_11' title="bbox 198 4345 1448 4408">
    <p class='ocr_par' dir='ltr' id='par_1_11' title="bbox 198 4345 1448 4408">
     <span class='ocr_line' id='line_1_58' title="bbox 198 4345 1448 4408; baseline 0.005 -19"><span class='ocrx_word' id='word_1_468' title='bbox 198 4345 373 4403; x_wconf 80' lang='lat' dir='ltr'><strong>quidem</strong></span> <span class='ocrx_word' id='word_1_469' title='bbox 393 4359 496 4400; x_wconf 90' lang='lat' dir='ltr'><strong>uno,</strong></span> <span class='ocrx_word' id='word_1_470' title='bbox 523 4347 596 4392; x_wconf 89' lang='lat' dir='ltr'><strong>sed</strong></span> <span class='ocrx_word' id='word_1_471' title='bbox 621 4349 792 4403; x_wconf 81' lang='lat' dir='ltr'><strong>gemino</strong></span> <span class='ocrx_word' id='word_1_472' title='bbox 813 4351 944 4395; x_wconf 86' lang='lat' dir='ltr'><strong>modo</strong></span> <span class='ocrx_word' id='word_1_473' title='bbox 959 4351 1192 4404; x_wconf 83' lang='lat' dir='ltr'><strong>admissus,</strong></span> <span class='ocrx_word' id='word_1_474' title='bbox 1209 4351 1312 4407; x_wconf 87' lang='lat' dir='ltr'><strong>quid</strong></span> <span class='ocrx_word' id='word_1_475' title='bbox 1335 4363 1448 4408; x_wconf 84' lang='lat' dir='ltr'><strong>quae·</strong></span> 
     </span>
    </p>
   </div>
   <div class='ocr_carea' id='block_1_12' title="bbox 249 109 2806 272">
    <p class='ocr_par' dir='ltr' id='par_1_12' title="bbox 249 84 2832 271">
     <span class='ocr_line' id='line_1_59' title="bbox 1083 109 2782 173; baseline -0.007 -17"><span class='ocrx_word' id='word_1_476' title='bbox 1083 113 1251 157; x_wconf 65' lang='lat' dir='ltr'><strong>auaui</strong></span> <span class='ocrx_word' id='word_1_477' title='bbox 1278 109 1870 173; x_wconf 63' lang='lat' dir='ltr'><strong>PRAEMQNSTRATENSlS</strong></span> <span class='ocrx_word' id='word_1_478' title='bbox 1908 138 1909 141; x_wconf 17' lang='grc' dir='ltr'>η</span> <span class='ocrx_word' id='word_1_479' title='bbox 2750 129 2782 159; x_wconf 58' lang='grc'><strong>,,</strong></span> 
     </span>
     <span class='ocr_line' id='line_1_60' title="bbox 249 201 2806 272; baseline -0.003 -17"><span class='ocrx_word' id='word_1_480' title='bbox 249 206 383 248; x_wconf 46' lang='lat' dir='ltr'><strong>rituti„</strong></span> <span class='ocrx_word' id='word_1_481' title='bbox 401 206 632 263; x_wconf 74' lang='lat' dir='ltr'><strong>aliquando</strong></span> <span class='ocrx_word' id='word_1_482' title='bbox 656 205 958 271; x_wconf 66' lang='lat' dir='ltr'><strong>praesumptio,</strong></span> <span class='ocrx_word' id='word_1_483' title='bbox 997 203 1072 270; x_wconf 73' lang='lat' dir='ltr'><strong>sed</strong></span> <span class='ocrx_word' id='word_1_484' title='bbox 1115 216 1336 260; x_wconf 88' lang='lat' dir='ltr'><strong>nunquam</strong></span> <span class='ocrx_word' id='word_1_485' title='bbox 1376 205 1488 246; x_wconf 86' lang='lat' dir='ltr'><strong>inest</strong></span> <span class='ocrx_word' id='word_1_486' title='bbox 1513 206 1547 248; x_wconf 84' lang='lat' dir='ltr'><strong>A</strong></span> <span class='ocrx_word' id='word_1_487' title='bbox 1571 215 1666 246; x_wconf 85' lang='lat' dir='ltr'><strong>rere</strong></span> <span class='ocrx_word' id='word_1_488' title='bbox 1690 208 1852 258; x_wconf 84' lang='lat' dir='ltr'><strong>posset,</strong></span> <span class='ocrx_word' id='word_1_489' title='bbox 1877 201 1993 258; x_wconf 85' lang='lat' dir='ltr'><strong>quod</strong></span> <span class='ocrx_word' id='word_1_490' title='bbox 2017 213 2105 246; x_wconf 89' lang='lat' dir='ltr'><strong>non</strong></span> <span class='ocrx_word' id='word_1_491' title='bbox 2135 202 2374 247; x_wconf 77' lang='lat' dir='ltr'><strong>inveniret?</strong></span> <span class='ocrx_word' id='word_1_492' title='bbox 2394 203 2498 259; x_wconf 83' lang='lat' dir='ltr'><strong>quid</strong></span> <span class='ocrx_word' id='word_1_493' title='bbox 2522 210 2682 262; x_wconf 80' lang='lat' dir='ltr'><strong>petere,</strong></span> <span class='ocrx_word' id='word_1_494' title='bbox 2707 222 2792 272; x_wconf 54' lang='lat'>‘¹¹¹2</span> <span class='ocrx_word' id='word_1_495' title='bbox 2803 232 2806 239; x_wconf 86' lang='lat'><em>·</em></span> 
     </span>
    </p>
   </div>
   <div class='ocr_carea' id='block_1_13' title="bbox 1533 1146 2825 1204">
    <p class='ocr_par' dir='ltr' id='par_1_13' title="bbox 1533 1146 2825 1204">
     <span class='ocr_line' id='line_1_61' title="bbox 1533 1146 2825 1204; baseline 0.009 -17"><span class='ocrx_word' id='word_1_496' title='bbox 1533 1146 1760 1190; x_wconf 50' lang='lat' dir='ltr'><strong>:tinxisset</strong></span> <span class='ocrx_word' id='word_1_497' title='bbox 1804 1158 1960 1202; x_wconf 89' lang='lat' dir='ltr'><strong>panem</strong></span> <span class='ocrx_word' id='word_1_498' title='bbox 1984 1178 1996 1196; x_wconf 94' lang='lat'><strong>,</strong></span> <span class='ocrx_word' id='word_1_499' title='bbox 2034 1146 2154 1190; x_wconf 89' lang='lat' dir='ltr'><strong>dedit</strong></span> <span class='ocrx_word' id='word_1_500' title='bbox 2188 1147 2307 1204; x_wconf 75' lang='lat' dir='ltr'><strong>iudae</strong></span> <span class='ocrx_word' id='word_1_501' title='bbox 2345 1147 2538 1194; x_wconf 88' lang='lat' dir='ltr'><strong>Simonis</strong></span> <span class='ocrx_word' id='word_1_502' title='bbox 2575 1148 2825 1203; x_wconf 53' lang='lat' dir='ltr'><strong>iscariotis„</strong></span> 
     </span>
    </p>
   </div>
   <div class='ocr_carea' id='block_1_14' title="bbox 1515 1939 2825 2012">
    <p class='ocr_par' dir='ltr' id='par_1_14' title="bbox 1515 1939 2825 2012">
     <span class='ocr_line' id='line_1_62' title="bbox 1515 1939 2825 2012; baseline 0.012 -28"><span class='ocrx_word' id='word_1_503' title='bbox 1515 1997 1517 1999; x_wconf 75' lang='lat'>.</span> <span class='ocrx_word' id='word_1_504' title='bbox 1552 1942 1671 1995; x_wconf 80' lang='lat' dir='ltr'><strong>mini,</strong></span> <span class='ocrx_word' id='word_1_505' title='bbox 1693 1942 1796 1987; x_wconf 78' lang='lat' dir='ltr'><strong>dicit</strong></span> <span class='ocrx_word' id='word_1_506' title='bbox 1816 1945 1888 1988; x_wconf 82' lang='lat' dir='ltr'><strong>ei:</strong></span> <span class='ocrx_word' id='word_1_507' title='bbox 1903 1945 2098 1999; x_wconf 79' lang='lat' dir='ltr'><strong>Domine,</strong></span> <span class='ocrx_word' id='word_1_508' title='bbox 2119 1939 2212 2004; x_wconf 69' lang='lat' dir='ltr'><strong>quis</strong></span> <span class='ocrx_word' id='word_1_509' title='bbox 2230 1952 2327 1995; x_wconf 76' lang='lat' dir='ltr'><strong>est?</strong></span> <span class='ocrx_word' id='word_1_510' title='bbox 2346 1950 2468 2007; x_wconf 86' lang='lat' dir='ltr'><strong>prius</strong></span> <span class='ocrx_word' id='word_1_511' title='bbox 2490 1952 2665 2009; x_wconf 87' lang='lat' dir='ltr'><strong>quidem</strong></span> <span class='ocrx_word' id='word_1_512' title='bbox 2691 1967 2749 2012; x_wconf 85' lang='lat' dir='ltr'><strong>qu</strong></span> <span class='ocrx_word' id='word_1_513' title='bbox 2787 1946 2825 1993; x_wconf 58' lang='grc' dir='ltr'><strong>ι’*</strong></span> 
     </span>
    </p>
   </div>
   <div class='ocr_carea' id='block_1_15' title="bbox 2666 442 2916 4580">
    <p class='ocr_par' dir='ltr' id='par_1_15' title="bbox 2666 442 2916 4580">
     <span class='ocr_line' id='line_1_63' title="bbox 2768 442 2912 609; baseline 0 0"><span class='ocrx_word' id='word_1_514' title='bbox 2768 442 2912 609; x_wconf 95' lang='lat' dir='ltr'><strong>   </strong></span> 
     </span>
     <span class='ocr_line' id='line_1_64' title="bbox 2772 609 2916 819; baseline 0 0"><span class='ocrx_word' id='word_1_515' title='bbox 2772 609 2916 819; x_wconf 95' lang='lat' dir='ltr'><strong>     </strong></span> 
     </span>
     <span class='ocr_line' id='line_1_65' title="bbox 2786 819 2916 1018; baseline 0 -146"><span class='ocrx_word' id='word_1_516' title='bbox 2786 819 2916 1018; x_wconf 95' lang='lat' dir='ltr'><strong>    </strong></span> 
     </span>
     <span class='ocr_line' id='line_1_66' title="bbox 2816 1018 2916 1184; baseline 0 -88"><span class='ocrx_word' id='word_1_517' title='bbox 2816 1018 2916 1184; x_wconf 95' lang='lat' dir='ltr'><strong>   </strong></span> 
     </span>
     <span class='ocr_line' id='line_1_67' title="bbox 2817 1184 2916 1382; baseline 0 -149"><span class='ocrx_word' id='word_1_518' title='bbox 2817 1184 2916 1382; x_wconf 95' lang='lat' dir='ltr'><strong>   </strong></span> 
     </span>
     <span class='ocr_line' id='line_1_68' title="bbox 2816 1382 2916 1449; baseline 0 3139"><span class='ocrx_word' id='word_1_519' title='bbox 2816 1382 2916 1449; x_wconf 95' lang='lat' dir='ltr'><strong> </strong></span> 
     </span>
     <span class='ocr_line' id='line_1_69' title="bbox 2816 1449 2916 1527; baseline 0 3061"><span class='ocrx_word' id='word_1_520' title='bbox 2816 1449 2916 1527; x_wconf 95' lang='lat' dir='ltr'><strong> </strong></span> 
     </span>
     <span class='ocr_line' id='line_1_70' title="bbox 2816 1527 2916 1599; baseline 0 2989"><span class='ocrx_word' id='word_1_521' title='bbox 2816 1527 2916 1599; x_wconf 95' lang='lat' dir='ltr'><strong> </strong></span> 
     </span>
     <span class='ocr_line' id='line_1_71' title="bbox 2814 1599 2916 1676; baseline 0 2912"><span class='ocrx_word' id='word_1_522' title='bbox 2814 1599 2916 1676; x_wconf 95' lang='lat' dir='ltr'><strong> </strong></span> 
     </span>
     <span class='ocr_line' id='line_1_72' title="bbox 2814 1676 2916 1747; baseline 0 2841"><span class='ocrx_word' id='word_1_523' title='bbox 2814 1676 2916 1747; x_wconf 95' lang='lat' dir='ltr'><strong> </strong></span> 
     </span>
     <span class='ocr_line' id='line_1_73' title="bbox 2814 1747 2916 1822; baseline 0 2766"><span class='ocrx_word' id='word_1_524' title='bbox 2814 1747 2916 1822; x_wconf 95' lang='lat' dir='ltr'><strong> </strong></span> 
     </span>
     <span class='ocr_line' id='line_1_74' title="bbox 2818 1822 2916 1900; baseline 0 2688"><span class='ocrx_word' id='word_1_525' title='bbox 2818 1822 2916 1900; x_wconf 95' lang='lat' dir='ltr'><strong> </strong></span> 
     </span>
     <span class='ocr_line' id='line_1_75' title="bbox 2814 1900 2916 1967; baseline 0 2621"><span class='ocrx_word' id='word_1_526' title='bbox 2814 1900 2916 1967; x_wconf 95' lang='lat' dir='ltr'><strong> </strong></span> 
     </span>
     <span class='ocr_line' id='line_1_76' title="bbox 2812 1967 2916 2164; baseline 0 0"><span class='ocrx_word' id='word_1_527' title='bbox 2812 1967 2916 2164; x_wconf 95' lang='lat' dir='ltr'><strong>   </strong></span> 
     </span>
     <span class='ocr_line' id='line_1_77' title="bbox 2812 2371 2916 2476; baseline 0 -70"><span class='ocrx_word' id='word_1_528' title='bbox 2812 2371 2916 2476; x_wconf 95' lang='lat' dir='ltr'><strong>  </strong></span> 
     </span>
     <span class='ocr_line' id='line_1_78' title="bbox 2752 2476 2916 2765; baseline 0 -146"><span class='ocrx_word' id='word_1_529' title='bbox 2752 2476 2916 2765; x_wconf 95' lang='lat' dir='ltr'><strong>    </strong></span> 
     </span>
     <span class='ocr_line' id='line_1_79' title="bbox 2745 2765 2866 3009; baseline 0 -218"><span class='ocrx_word' id='word_1_530' title='bbox 2745 2765 2866 3009; x_wconf 95' lang='lat' dir='ltr'><strong>      </strong></span> 
     </span>
     <span class='ocr_line' id='line_1_80' title="bbox 2764 3009 2866 3157; baseline 0 0"><span class='ocrx_word' id='word_1_531' title='bbox 2764 3009 2866 3157; x_wconf 95' lang='lat' dir='ltr'><strong>   </strong></span> 
     </span>
     <span class='ocr_line' id='line_1_81' title="bbox 2760 3157 2866 3329; baseline 0 -51"><span class='ocrx_word' id='word_1_532' title='bbox 2760 3157 2866 3329; x_wconf 95' lang='lat' dir='ltr'><strong>    </strong></span> 
     </span>
     <span class='ocr_line' id='line_1_82' title="bbox 2752 3350 2840 3525; baseline 0 -146"><span class='ocrx_word' id='word_1_533' title='bbox 2752 3350 2840 3525; x_wconf 95' lang='lat' dir='ltr'><strong>     </strong></span> 
     </span>
     <span class='ocr_line' id='line_1_83' title="bbox 2760 3790 2828 3855; baseline 0 733"><span class='ocrx_word' id='word_1_534' title='bbox 2760 3790 2828 3855; x_wconf 95' lang='lat' dir='ltr'><strong> </strong></span> 
     </span>
     <span class='ocr_line' id='line_1_84' title="bbox 2735 3855 2836 3932; baseline 0 656"><span class='ocrx_word' id='word_1_535' title='bbox 2735 3855 2836 3932; x_wconf 95' lang='lat' dir='ltr'><strong> </strong></span> 
     </span>
     <span class='ocr_line' id='line_1_85' title="bbox 2700 3932 2844 4149; baseline 0 -112"><span class='ocrx_word' id='word_1_536' title='bbox 2700 3932 2844 4149; x_wconf 95' lang='lat' dir='ltr'><strong>    </strong></span> 
     </span>
     <span class='ocr_line' id='line_1_86' title="bbox 2666 4149 2844 4319; baseline 0 -144"><span class='ocrx_word' id='word_1_537' title='bbox 2666 4149 2844 4319; x_wconf 95' lang='lat' dir='ltr'><strong>    </strong></span> 
     </span>
     <span class='ocr_line' id='line_1_87' title="bbox 2725 4319 2838 4580; baseline 0 -140"><span class='ocrx_word' id='word_1_538' title='bbox 2725 4319 2838 4580; x_wconf 95' lang='lat' dir='ltr'><strong>   </strong></span> 
     </span>
    </p>
   </div>
   <div class='ocr_carea' id='block_1_16' title="bbox 1557 273 2821 1132">
    <p class='ocr_par' dir='ltr' id='par_1_16' title="bbox 1571 273 2802 331">
     <span class='ocr_line' id='line_1_88' title="bbox 1571 273 2802 331; baseline 0.006 -14"><span class='ocrx_word' id='word_1_539' title='bbox 1571 286 1657 317; x_wconf 86' lang='grc' dir='ltr'>ιιοιι</span> <span class='ocrx_word' id='word_1_540' title='bbox 1674 273 1914 331; x_wconf 82' lang='lat' dir='ltr'><strong>acciperet?</strong></span> <span class='ocrx_word' id='word_1_541' title='bbox 2799 319 2802 324; x_wconf 93' lang='lat'>.</span> 
     </span>
    </p>

    <p class='ocr_par' dir='ltr' id='par_1_17' title="bbox 1557 345 2822 1132">
     <span class='ocr_line' id='line_1_89' title="bbox 1626 345 2817 410; baseline 0.007 -20"><span class='ocrx_word' id='word_1_542' title='bbox 1626 345 1713 397; x_wconf 79' lang='lat' dir='ltr'><strong>vlt.</strong></span> <span class='ocrx_word' id='word_1_543' title='bbox 1738 345 1862 400; x_wconf 85' lang='lat' dir='ltr'><strong>Quod</strong></span> <span class='ocrx_word' id='word_1_544' title='bbox 1884 347 1994 391; x_wconf 88' lang='lat' dir='ltr'><strong>bene</strong></span> <span class='ocrx_word' id='word_1_545' title='bbox 2011 347 2312 405; x_wconf 81' lang='lat' dir='ltr'><strong>perpendens</strong></span> <span class='ocrx_word' id='word_1_546' title='bbox 2301 362 2395 407; x_wconf 76' lang='lat' dir='ltr'><strong>ipse</strong></span> <span class='ocrx_word' id='word_1_547' title='bbox 2409 351 2711 407; x_wconf 83' lang='lat' dir='ltr'><strong>apostolorum</strong></span> <span class='ocrx_word' id='word_1_548' title='bbox 2734 355 2817 410; x_wconf 85' lang='lat' dir='ltr'><strong>pr</strong></span> 
     </span>
     <span class='ocr_line' id='line_1_90' title="bbox 1568 418 2821 481; baseline 0.006 -20"><span class='ocrx_word' id='word_1_549' title='bbox 1568 430 1697 471; x_wconf 88' lang='lat' dir='ltr'><strong>mus,</strong></span> <span class='ocrx_word' id='word_1_550' title='bbox 1707 430 1806 462; x_wconf 90' lang='lat' dir='ltr'><strong>cum</strong></span> <span class='ocrx_word' id='word_1_551' title='bbox 1829 419 1904 461; x_wconf 90' lang='lat' dir='ltr'><strong>uni</strong></span> <span class='ocrx_word' id='word_1_552' title='bbox 1926 430 2077 463; x_wconf 88' lang='lat' dir='ltr'><strong>eorum</strong></span> <span class='ocrx_word' id='word_1_553' title='bbox 2109 418 2400 475; x_wconf 84' lang='lat' dir='ltr'><strong>proditionem</strong></span> <span class='ocrx_word' id='word_1_554' title='bbox 2422 433 2547 466; x_wconf 86' lang='lat' dir='ltr'><strong>suam</strong></span> <span class='ocrx_word' id='word_1_555' title='bbox 2580 422 2821 481; x_wconf 75' lang='lat' dir='ltr'><strong>imponet</strong></span> 
     </span>
     <span class='ocr_line' id='line_1_91' title="bbox 1566 489 2819 550; baseline 0.006 -17"><span class='ocrx_word' id='word_1_556' title='bbox 1566 489 1716 540; x_wconf 86' lang='lat' dir='ltr'><strong>Jesus:</strong></span> <span class='ocrx_word' id='word_1_557' title='bbox 1744 490 1844 550; x_wconf 83' lang='lat' dir='ltr'><strong>quis</strong></span> <span class='ocrx_word' id='word_1_558' title='bbox 1858 497 1955 534; x_wconf 76' lang='lat' dir='ltr'><strong>tam</strong></span> <span class='ocrx_word' id='word_1_559' title='bbox 1979 492 2167 536; x_wconf 85' lang='lat' dir='ltr'><strong>immane</strong></span> <span class='ocrx_word' id='word_1_560' title='bbox 2189 498 2306 537; x_wconf 84' lang='lat' dir='ltr'><strong>esset</strong></span> <span class='ocrx_word' id='word_1_561' title='bbox 2329 493 2473 538; x_wconf 83' lang='lat' dir='ltr'><strong>scelus</strong></span> <span class='ocrx_word' id='word_1_562' title='bbox 2493 499 2688 547; x_wconf 76' lang='lat' dir='ltr'><strong>acturus,</strong></span> <span class='ocrx_word' id='word_1_563' title='bbox 2707 497 2770 540; x_wconf 87' lang='lat' dir='ltr'><strong>sci</strong></span> <span class='ocrx_word' id='word_1_564' title='bbox 2807 494 2819 533; x_wconf 82' lang='grc'><strong>.’</strong></span> 
     </span>
     <span class='ocr_line' id='line_1_92' title="bbox 1566 564 2806 625; baseline 0.006 -18"><span class='ocrx_word' id='word_1_565' title='bbox 1566 564 1739 620; x_wconf 87' lang='lat' dir='ltr'><strong>quidem</strong></span> <span class='ocrx_word' id='word_1_566' title='bbox 1763 566 1958 621; x_wconf 84' lang='lat' dir='ltr'><strong>cupiens,</strong></span> <span class='ocrx_word' id='word_1_567' title='bbox 1983 565 2061 611; x_wconf 88' lang='lat' dir='ltr'><strong>sed</strong></span> <span class='ocrx_word' id='word_1_568' title='bbox 2085 565 2358 622; x_wconf 84' lang='lat' dir='ltr'><strong>interrogare</strong></span> <span class='ocrx_word' id='word_1_569' title='bbox 2388 567 2636 613; x_wconf 86' lang='lat' dir='ltr'><strong>nullatcnus</strong></span> <span class='ocrx_word' id='word_1_570' title='bbox 2657 581 2768 625; x_wconf 77' lang='lat' dir='ltr'><strong>praes</strong></span> <span class='ocrx_word' id='word_1_571' title='bbox 2804 575 2806 582; x_wconf 68' lang='lat'><strong>²</strong></span> 
     </span>
     <span class='ocr_line' id='line_1_93' title="bbox 1565 638 2815 696; baseline 0.004 -17"><span class='ocrx_word' id='word_1_572' title='bbox 1565 649 1705 687; x_wconf 82' lang='lat' dir='ltr'><strong>mens,</strong></span> <span class='ocrx_word' id='word_1_573' title='bbox 1735 639 2079 683; x_wconf 87' lang='lat' dir='ltr'><strong>conveniendum</strong></span> <span class='ocrx_word' id='word_1_574' title='bbox 2107 651 2237 695; x_wconf 88' lang='lat' dir='ltr'><strong>super</strong></span> <span class='ocrx_word' id='word_1_575' title='bbox 2258 638 2343 683; x_wconf 87' lang='lat' dir='ltr'><strong>hoc</strong></span> <span class='ocrx_word' id='word_1_576' title='bbox 2364 641 2537 696; x_wconf 82' lang='lat' dir='ltr'><strong>negotio</strong></span> <span class='ocrx_word' id='word_1_577' title='bbox 2560 641 2732 686; x_wconf 80' lang='lat' dir='ltr'><strong>censuit</strong></span> <span class='ocrx_word' id='word_1_578' title='bbox 2750 642 2815 694; x_wconf 74' lang='lat' dir='ltr'><strong>di</strong></span> 
     </span>
     <span class='ocr_line' id='line_1_94' title="bbox 1566 708 2797 769; baseline 0.009 -20"><span class='ocrx_word' id='word_1_579' title='bbox 1566 708 1747 760; x_wconf 88' lang='lat' dir='ltr'><strong>lectum,</strong></span> <span class='ocrx_word' id='word_1_580' title='bbox 1772 716 1820 752; x_wconf 92' lang='lat' dir='ltr'><strong>ut</strong></span> <span class='ocrx_word' id='word_1_581' title='bbox 1845 709 1939 766; x_wconf 83' lang='lat' dir='ltr'><strong>ipse</strong></span> <span class='ocrx_word' id='word_1_582' title='bbox 1961 710 2062 767; x_wconf 88' lang='lat' dir='ltr'><strong>quis</strong></span> <span class='ocrx_word' id='word_1_583' title='bbox 2084 716 2217 762; x_wconf 90' lang='lat' dir='ltr'><strong>esset,</strong></span> <span class='ocrx_word' id='word_1_584' title='bbox 2242 710 2532 769; x_wconf 82' lang='lat' dir='ltr'><strong>interrogaret</strong></span> <span class='ocrx_word' id='word_1_585' title='bbox 2568 712 2797 760; x_wconf 74' lang='lat' dir='ltr'><strong>Dominum</strong></span> 
     </span>
     <span class='ocr_line' id='line_1_95' title="bbox 1557 774 2800 841; baseline 0.009 -19"><span class='ocrx_word' id='word_1_586' title='bbox 1557 778 1640 823; x_wconf 68' lang='lat' dir='ltr'><strong>⁴Sic</strong></span> <span class='ocrx_word' id='word_1_587' title='bbox 1665 774 1779 824; x_wconf 87' lang='lat' dir='ltr'><strong>enim</strong></span> <span class='ocrx_word' id='word_1_588' title='bbox 1806 783 2015 838; x_wconf 85' lang='lat' dir='ltr'><strong>scriptum</strong></span> <span class='ocrx_word' id='word_1_589' title='bbox 2049 788 2137 828; x_wconf 87' lang='lat' dir='ltr'><strong>est:</strong></span> <span class='ocrx_word' id='word_1_590' title='bbox 2165 782 2311 827; x_wconf 79' lang='lat' dir='ltr'><strong>Innuit</strong></span> <span class='ocrx_word' id='word_1_591' title='bbox 2341 785 2379 828; x_wconf 78' lang='lat' dir='ltr'><strong>ei</strong></span> <span class='ocrx_word' id='word_1_592' title='bbox 2406 783 2552 829; x_wconf 82' lang='lat' dir='ltr'><strong>Simon</strong></span> <span class='ocrx_word' id='word_1_593' title='bbox 2583 785 2800 841; x_wconf 52' lang='lat' dir='ltr'><strong>Pennino</strong></span> 
     </span>
     <span class='ocr_line' id='line_1_96' title="bbox 1562 849 2818 917; baseline 0.009 -23"><span class='ocrx_word' id='word_1_594' title='bbox 1562 851 1669 902; x_wconf 57' lang='lat' dir='ltr'><strong>dicit,</strong></span> <span class='ocrx_word' id='word_1_595' title='bbox 1684 854 1749 896; x_wconf 87' lang='lat' dir='ltr'><strong>ei:</strong></span> <span class='ocrx_word' id='word_1_596' title='bbox 1775 849 1880 907; x_wconf 71' lang='lat' dir='ltr'><strong>Quis</strong></span> <span class='ocrx_word' id='word_1_597' title='bbox 1909 858 1987 907; x_wconf 79' lang='lat' dir='ltr'><strong>est,</strong></span> <span class='ocrx_word' id='word_1_598' title='bbox 2027 854 2078 899; x_wconf 80' lang='lat' dir='ltr'><strong>de</strong></span> <span class='ocrx_word' id='word_1_599' title='bbox 2114 870 2194 913; x_wconf 82' lang='lat' dir='ltr'><strong>quo</strong></span> <span class='ocrx_word' id='word_1_600' title='bbox 2229 855 2364 902; x_wconf 77' lang='lat' dir='ltr'><strong>dicit?</strong></span> <span class='ocrx_word' id='word_1_601' title='bbox 2392 863 2436 902; x_wconf 83' lang='lat' dir='ltr'><strong>et</strong></span> <span class='ocrx_word' id='word_1_602' title='bbox 2462 859 2566 915; x_wconf 89' lang='lat' dir='ltr'><strong>quid</strong></span> <span class='ocrx_word' id='word_1_603' title='bbox 2590 859 2786 916; x_wconf 77' lang='lat' dir='ltr'><strong>sequitur</strong></span> <span class='ocrx_word' id='word_1_604' title='bbox 2812 909 2818 917; x_wconf 55' lang='grc'>,</span> 
     </span>
     <span class='ocr_line' id='line_1_97' title="bbox 1563 925 2816 990; baseline 0.009 -22"><span class='ocrx_word' id='word_1_605' title='bbox 1563 925 1711 983; x_wconf 80' lang='lat' dir='ltr'><strong>Itaque</strong></span> <span class='ocrx_word' id='word_1_606' title='bbox 1722 941 1822 990; x_wconf 16' lang='lat' dir='ltr'><strong>‘eum</strong></span> <span class='ocrx_word' id='word_1_607' title='bbox 1844 926 2099 972; x_wconf 74' lang='lat' dir='ltr'><strong>recubuisset</strong></span> <span class='ocrx_word' id='word_1_608' title='bbox 2115 928 2187 972; x_wconf 77' lang='lat' dir='ltr'><strong>ille</strong></span> <span class='ocrx_word' id='word_1_609' title='bbox 2201 942 2325 985; x_wconf 80' lang='lat' dir='ltr'><strong>super</strong></span> <span class='ocrx_word' id='word_1_610' title='bbox 2340 938 2481 986; x_wconf 79' lang='lat' dir='ltr'><strong>pectus</strong></span> <span class='ocrx_word' id='word_1_611' title='bbox 2495 930 2615 984; x_wconf 72' lang='lat' dir='ltr'><strong>Iesu,</strong></span> <span class='ocrx_word' id='word_1_612' title='bbox 2625 933 2730 987; x_wconf 71' lang='lat' dir='ltr'><strong>dicit</strong></span> <span class='ocrx_word' id='word_1_613' title='bbox 2748 933 2787 978; x_wconf 77' lang='lat' dir='ltr'><strong>ei</strong></span> <span class='ocrx_word' id='word_1_614' title='bbox 2798 945 2816 979; x_wconf 82' lang='grc'><strong>.·</strong></span> 
     </span>
     <span class='ocr_line' id='line_1_98' title="bbox 1560 999 2817 1064; baseline 0.008 -22"><span class='ocrx_word' id='word_1_615' title='bbox 1560 999 1752 1052; x_wconf 82' lang='lat' dir='ltr'><strong>Domine,</strong></span> <span class='ocrx_word' id='word_1_616' title='bbox 1776 1002 1868 1056; x_wconf 80' lang='lat' dir='ltr'><strong>quis</strong></span> <span class='ocrx_word' id='word_1_617' title='bbox 1887 1004 1979 1046; x_wconf 79' lang='lat' dir='ltr'><strong>est?</strong></span> <span class='ocrx_word' id='word_1_618' title='bbox 2000 1003 2226 1058; x_wconf 82' lang='lat' dir='ltr'><strong>respondit</strong></span> <span class='ocrx_word' id='word_1_619' title='bbox 2243 1004 2341 1048; x_wconf 91' lang='lat' dir='ltr'><strong>ille:</strong></span> <span class='ocrx_word' id='word_1_620' title='bbox 2367 1003 2448 1049; x_wconf 81' lang='lat' dir='ltr'><strong>ute</strong></span> <span class='ocrx_word' id='word_1_621' title='bbox 2473 1011 2550 1056; x_wconf 81' lang='lat' dir='ltr'><strong>est,</strong></span> <span class='ocrx_word' id='word_1_622' title='bbox 2572 1007 2640 1048; x_wconf 80' lang='lat' dir='ltr'><strong>cui</strong></span> <span class='ocrx_word' id='word_1_623' title='bbox 2656 1020 2730 1064; x_wconf 71' lang='lat' dir='ltr'><strong>eqo</strong></span> <span class='ocrx_word' id='word_1_624' title='bbox 2751 1008 2817 1052; x_wconf 77' lang='lat' dir='ltr'><strong>iu-</strong></span> 
     </span>
     <span class='ocr_line' id='line_1_99' title="bbox 1559 1073 2820 1132; baseline 0.004 -16"><span class='ocrx_word' id='word_1_625' title='bbox 1559 1074 1733 1116; x_wconf 80' lang='lat' dir='ltr'><strong>tinctum</strong></span> <span class='ocrx_word' id='word_1_626' title='bbox 1753 1087 1902 1130; x_wconf 82' lang='lat' dir='ltr'><strong>panem</strong></span> <span class='ocrx_word' id='word_1_627' title='bbox 1919 1087 2141 1130; x_wconf 75' lang='lat' dir='ltr'><strong>porrexero</strong></span> <span class='ocrx_word' id='word_1_628' title='bbox 2161 1073 2305 1132; x_wconf 71' lang='lat' dir='ltr'><strong>(loun.</strong></span> <span class='ocrx_word' id='word_1_629' title='bbox 2331 1089 2430 1130; x_wconf 81' lang='lat' dir='ltr'><strong>xm,</strong></span> <span class='ocrx_word' id='word_1_630' title='bbox 2453 1076 2544 1132; x_wconf 71' lang='lat' dir='ltr'><strong>at).</strong></span> <span class='ocrx_word' id='word_1_631' title='bbox 2565 1077 2730 1122; x_wconf 87' lang='lat' dir='ltr'><strong>Etcum</strong></span> <span class='ocrx_word' id='word_1_632' title='bbox 2750 1081 2820 1131; x_wconf 43' lang='lat' dir='ltr'><strong>in-2.</strong></span> 
     </span>
    </p>
   </div>
   <div class='ocr_carea' id='block_1_17' title="bbox 1558 1215 2817 1278">
    <p class='ocr_par' dir='ltr' id='par_1_18' title="bbox 1558 1215 2817 1278">
     <span class='ocr_line' id='line_1_100' title="bbox 1558 1215 2817 1278; baseline 0.008 -19"><span class='ocrx_word' id='word_1_633' title='bbox 1558 1215 1695 1260; x_wconf 88' lang='lat' dir='ltr'><strong>Scivit</strong></span> <span class='ocrx_word' id='word_1_634' title='bbox 1715 1216 1869 1262; x_wconf 89' lang='lat' dir='ltr'><strong>Petrus</strong></span> <span class='ocrx_word' id='word_1_635' title='bbox 1890 1218 2012 1274; x_wconf 80' lang='lat'><strong>135</strong></span> <span class='ocrx_word' id='word_1_636' title='bbox 2036 1216 2194 1262; x_wconf 72' lang='lat' dir='ltr'><strong>loanni</strong></span> <span class='ocrx_word' id='word_1_637' title='bbox 2218 1219 2272 1264; x_wconf 90' lang='lat' dir='ltr'><strong>ad</strong></span> <span class='ocrx_word' id='word_1_638' title='bbox 2297 1220 2683 1278; x_wconf 74' lang='lat' dir='ltr'><strong>interrogandum</strong></span> <span class='ocrx_word' id='word_1_639' title='bbox 2671 1236 2817 1269; x_wconf 79' lang='lat' dir='ltr'><strong>inesse</strong></span> 
     </span>
    </p>
   </div>
   <div class='ocr_carea' id='block_1_18' title="bbox 1547 1359 2825 1938">
    <p class='ocr_par' dir='ltr' id='par_1_19' title="bbox 1547 1359 2825 1934">
     <span class='ocr_line' id='line_1_101' title="bbox 1559 1359 2814 1417; baseline 0.008 -14"><span class='ocrx_word' id='word_1_640' title='bbox 1559 1362 1677 1404; x_wconf 90' lang='lat' dir='ltr'><strong>nisse</strong></span> <span class='ocrx_word' id='word_1_641' title='bbox 1699 1359 2006 1406; x_wconf 86' lang='lat' dir='ltr'><strong>familiaritatis</strong></span> <span class='ocrx_word' id='word_1_642' title='bbox 2031 1361 2248 1408; x_wconf 81' lang='lat' dir='ltr'><strong>aflectum.</strong></span> <span class='ocrx_word' id='word_1_643' title='bbox 2274 1363 2410 1417; x_wconf 85' lang='lat' dir='ltr'><strong>Quem</strong></span> <span class='ocrx_word' id='word_1_644' title='bbox 2433 1366 2548 1410; x_wconf 88' lang='lat' dir='ltr'><strong>enim</strong></span> <span class='ocrx_word' id='word_1_645' title='bbox 2574 1367 2617 1410; x_wconf 91' lang='lat' dir='ltr'><strong>in</strong></span> <span class='ocrx_word' id='word_1_646' title='bbox 2643 1373 2814 1414; x_wconf 85' lang='lat' dir='ltr'><strong>tantum</strong></span> 
     </span>
     <span class='ocr_line' id='line_1_102' title="bbox 1559 1431 2810 1499; baseline 0.009 -24"><span class='ocrx_word' id='word_1_647' title='bbox 1559 1431 1815 1478; x_wconf 78' lang='lat' dir='ltr'><strong>familiarem</strong></span> <span class='ocrx_word' id='word_1_648' title='bbox 1848 1435 1971 1488; x_wconf 82' lang='lat' dir='ltr'><strong>vidit,</strong></span> <span class='ocrx_word' id='word_1_649' title='bbox 2005 1441 2052 1478; x_wconf 88' lang='lat' dir='ltr'><strong>ut</strong></span> <span class='ocrx_word' id='word_1_650' title='bbox 2075 1449 2207 1493; x_wconf 88' lang='lat' dir='ltr'><strong>supra</strong></span> <span class='ocrx_word' id='word_1_651' title='bbox 2229 1443 2380 1494; x_wconf 83' lang='lat' dir='ltr'><strong>pectus</strong></span> <span class='ocrx_word' id='word_1_652' title='bbox 2401 1437 2499 1495; x_wconf 81' lang='lat' dir='ltr'><strong>ejus</strong></span> <span class='ocrx_word' id='word_1_653' title='bbox 2521 1443 2810 1499; x_wconf 83' lang='lat' dir='ltr'><strong>recumberet,</strong></span> 
     </span>
     <span class='ocr_line' id='line_1_103' title="bbox 1556 1505 2812 1568; baseline 0.008 -21"><span class='ocrx_word' id='word_1_654' title='bbox 1556 1515 1644 1547; x_wconf 87' lang='lat' dir='ltr'><strong>non</strong></span> <span class='ocrx_word' id='word_1_655' title='bbox 1667 1505 1879 1550; x_wconf 76' lang='lat' dir='ltr'><strong>dubitarit</strong></span> <span class='ocrx_word' id='word_1_656' title='bbox 1896 1507 1999 1562; x_wconf 88' lang='lat' dir='ltr'><strong>quin</strong></span> <span class='ocrx_word' id='word_1_657' title='bbox 2035 1508 2213 1552; x_wconf 85' lang='lat' dir='ltr'><strong>auderet</strong></span> <span class='ocrx_word' id='word_1_658' title='bbox 2235 1509 2503 1567; x_wconf 86' lang='lat' dir='ltr'><strong>interrogare</strong></span> <span class='ocrx_word' id='word_1_659' title='bbox 2527 1513 2644 1568; x_wconf 85' lang='lat' dir='ltr'><strong>quod</strong></span> <span class='ocrx_word' id='word_1_660' title='bbox 2666 1515 2812 1568; x_wconf 81' lang='lat' dir='ltr'><strong>vellet,</strong></span> 
     </span>
     <span class='ocr_line' id='line_1_104' title="bbox 1548 1579 2814 1644; baseline 0.009 -24"><span class='ocrx_word' id='word_1_661' title='bbox 1548 1589 1637 1622; x_wconf 69' lang='lat' dir='ltr'><strong>..nec</strong></span> <span class='ocrx_word' id='word_1_662' title='bbox 1662 1579 1915 1624; x_wconf 87' lang='lat' dir='ltr'><strong>discredidit</strong></span> <span class='ocrx_word' id='word_1_663' title='bbox 1939 1582 2044 1638; x_wconf 83' lang='lat' dir='ltr'><strong>quin</strong></span> <span class='ocrx_word' id='word_1_664' title='bbox 2077 1582 2131 1626; x_wconf 85' lang='lat' dir='ltr'><strong>ad</strong></span> <span class='ocrx_word' id='word_1_665' title='bbox 2153 1583 2237 1627; x_wconf 86' lang='lat' dir='ltr'><strong>hoc</strong></span> <span class='ocrx_word' id='word_1_666' title='bbox 2263 1583 2303 1628; x_wconf 81' lang='lat' dir='ltr'><strong>ei</strong></span> <span class='ocrx_word' id='word_1_667' title='bbox 2322 1585 2814 1644; x_wconf 71' lang='lat' dir='ltr'><strong>responderetur-,quod</strong></span> 
     </span>
     <span class='ocr_line' id='line_1_105' title="bbox 1547 1651 2812 1718; baseline 0.009 -24"><span class='ocrx_word' id='word_1_668' title='bbox 1547 1651 1862 1712; x_wconf 76' lang='lat' dir='ltr'><strong>interrogaret.</strong></span> <span class='ocrx_word' id='word_1_669' title='bbox 1888 1653 1940 1696; x_wconf 83' lang='lat' dir='ltr'><strong>Et</strong></span> <span class='ocrx_word' id='word_1_670' title='bbox 1959 1655 2051 1699; x_wconf 80' lang='lat' dir='ltr'><strong>haec</strong></span> <span class='ocrx_word' id='word_1_671' title='bbox 2079 1654 2254 1711; x_wconf 86' lang='lat' dir='ltr'><strong>quidem</strong></span> <span class='ocrx_word' id='word_1_672' title='bbox 2285 1657 2431 1700; x_wconf 89' lang='lat' dir='ltr'><strong>omnia</strong></span> <span class='ocrx_word' id='word_1_673' title='bbox 2453 1660 2513 1702; x_wconf 88' lang='lat' dir='ltr'><strong>ita</strong></span> <span class='ocrx_word' id='word_1_674' title='bbox 2543 1657 2693 1711; x_wconf 84' lang='lat' dir='ltr'><strong>fuisse,</strong></span> <span class='ocrx_word' id='word_1_675' title='bbox 2720 1660 2812 1718; x_wconf 76' lang='lat' dir='ltr'><strong>ipsa</strong></span> 
     </span>
     <span class='ocr_line' id='line_1_106' title="bbox 1554 1723 2813 1796; baseline 0.011 -29"><span class='ocrx_word' id='word_1_676' title='bbox 1554 1723 1801 1772; x_wconf 78' lang='lat' dir='ltr'><strong>invenietur</strong></span> <span class='ocrx_word' id='word_1_677' title='bbox 1827 1728 2053 1772; x_wconf 88' lang='lat' dir='ltr'><strong>continere</strong></span> <span class='ocrx_word' id='word_1_678' title='bbox 2082 1729 2219 1773; x_wconf 87' lang='lat' dir='ltr'><strong>series</strong></span> <span class='ocrx_word' id='word_1_679' title='bbox 2250 1729 2500 1786; x_wconf 78' lang='lat' dir='ltr'><strong>verborum,</strong></span> <span class='ocrx_word' id='word_1_680' title='bbox 2525 1732 2561 1776; x_wconf 91' lang='lat' dir='ltr'><strong>si</strong></span> <span class='ocrx_word' id='word_1_681' title='bbox 2584 1731 2813 1796; x_wconf 70' lang='lat' dir='ltr'><strong>diligenter</strong></span> 
     </span>
     <span class='ocr_line' id='line_1_107' title="bbox 1552 1794 2822 1867; baseline 0.011 -26"><span class='ocrx_word' id='word_1_682' title='bbox 1552 1796 1878 1854; x_wconf 85' lang='lat' dir='ltr'><strong>consideretur;</strong></span> <span class='ocrx_word' id='word_1_683' title='bbox 1899 1811 1998 1843; x_wconf 86' lang='lat' dir='ltr'><strong>nam</strong></span> <span class='ocrx_word' id='word_1_684' title='bbox 2023 1801 2130 1858; x_wconf 87' lang='lat' dir='ltr'><strong>quid</strong></span> <span class='ocrx_word' id='word_1_685' title='bbox 2151 1801 2271 1847; x_wconf 85' lang='lat' dir='ltr'><strong>aliud</strong></span> <span class='ocrx_word' id='word_1_686' title='bbox 2297 1803 2479 1850; x_wconf 87' lang='lat' dir='ltr'><strong>innuere</strong></span> <span class='ocrx_word' id='word_1_687' title='bbox 2500 1805 2671 1851; x_wconf 83' lang='lat' dir='ltr'><strong>videtur</strong></span> <span class='ocrx_word' id='word_1_688' title='bbox 2694 1794 2822 1867; x_wconf 71' lang='lat' dir='ltr'><strong>quodj</strong></span> 
     </span>
     <span class='ocr_line' id='line_1_108' title="bbox 1551 1867 2825 1938; baseline 0.012 -27"><span class='ocrx_word' id='word_1_689' title='bbox 1551 1867 1735 1918; x_wconf 82' lang='lat' dir='ltr'><strong>dicitur·</strong></span> <span class='ocrx_word' id='word_1_690' title='bbox 1755 1867 1906 1928; x_wconf 82' lang='lat' dir='ltr'><strong>Itaque</strong></span> <span class='ocrx_word' id='word_1_691' title='bbox 1924 1885 2018 1915; x_wconf 84' lang='lat' dir='ltr'><strong>cum</strong></span> <span class='ocrx_word' id='word_1_692' title='bbox 2042 1868 2296 1918; x_wconf 61' lang='lat' dir='ltr'><strong>recubuisset</strong></span> <span class='ocrx_word' id='word_1_693' title='bbox 2318 1875 2391 1920; x_wconf 75' lang='lat' dir='ltr'><strong>itte</strong></span> <span class='ocrx_word' id='word_1_694' title='bbox 2418 1888 2547 1933; x_wconf 79' lang='lat' dir='ltr'><strong>supra</strong></span> <span class='ocrx_word' id='word_1_695' title='bbox 2563 1887 2707 1934; x_wconf 67' lang='lat' dir='ltr'><strong>pectus</strong></span> <span class='ocrx_word' id='word_1_696' title='bbox 2728 1879 2825 1938; x_wconf 17' lang='lat' dir='ltr'><strong>Do-l&#39;¹</strong></span> 
     </span>
    </p>
   </div>
   <div class='ocr_carea' id='block_1_19' title="bbox 1547 2014 2924 2373">
    <p class='ocr_par' dir='ltr' id='par_1_20' title="bbox 1549 2014 2810 2157">
     <span class='ocr_line' id='line_1_109' title="bbox 1550 2014 2810 2080; baseline 0.011 -21"><span class='ocrx_word' id='word_1_697' title='bbox 1550 2026 1683 2080; x_wconf 83' lang='lat' dir='ltr'><strong>supra</strong></span> <span class='ocrx_word' id='word_1_698' title='bbox 1726 2021 1879 2072; x_wconf 87' lang='lat' dir='ltr'><strong>pectus</strong></span> <span class='ocrx_word' id='word_1_699' title='bbox 1923 2017 2019 2074; x_wconf 86' lang='lat' dir='ltr'><strong>ejus</strong></span> <span class='ocrx_word' id='word_1_700' title='bbox 2057 2014 2260 2063; x_wconf 85' lang='lat' dir='ltr'><strong>recubuit</strong></span> <span class='ocrx_word' id='word_1_701' title='bbox 2307 2022 2572 2068; x_wconf 87' lang='lat' dir='ltr'><strong>mentionem</strong></span> <span class='ocrx_word' id='word_1_702' title='bbox 2610 2023 2810 2072; x_wconf 71' lang='lat' dir='ltr'><strong>faciens</strong></span> 
     </span>
     <span class='ocr_line' id='line_1_110' title="bbox 1549 2085 2796 2164; baseline 0.011 -32"><span class='ocrx_word' id='word_1_703' title='bbox 1549 2085 1703 2132; x_wconf 88' lang='lat' dir='ltr'><strong>deinde</strong></span> <span class='ocrx_word' id='word_1_704' title='bbox 1718 2089 1816 2146; x_wconf 91' lang='lat' dir='ltr'><strong>quis</strong></span> <span class='ocrx_word' id='word_1_705' title='bbox 1830 2097 1946 2134; x_wconf 90' lang='lat' dir='ltr'><strong>esset</strong></span> <span class='ocrx_word' id='word_1_706' title='bbox 1959 2087 2252 2147; x_wconf 84' lang='lat' dir='ltr'><strong>interrogans,</strong></span> <span class='ocrx_word' id='word_1_707' title='bbox 2265 2094 2390 2149; x_wconf 87' lang='lat' dir='ltr'><strong>quasi</strong></span> <span class='ocrx_word' id='word_1_708' title='bbox 2410 2095 2510 2142; x_wconf 89' lang='lat' dir='ltr'><strong>inde</strong></span> <span class='ocrx_word' id='word_1_709' title='bbox 2527 2094 2796 2164; x_wconf 41' lang='lat' dir='ltr'><strong>raetiaqu:</strong></span> 
     </span>
    </p>

    <p class='ocr_par' dir='ltr' id='par_1_21' title="bbox 1547 2159 2924 2373">
     <span class='ocr_line' id='line_1_111' title="bbox 1549 2159 2801 2228; baseline 0.011 -25"><span class='ocrx_word' id='word_1_710' title='bbox 1549 2159 1648 2216; x_wconf 85' lang='lat' dir='ltr'><strong>quis</strong></span> <span class='ocrx_word' id='word_1_711' title='bbox 1669 2174 1766 2205; x_wconf 91' lang='lat' dir='ltr'><strong>eum</strong></span> <span class='ocrx_word' id='word_1_712' title='bbox 1784 2162 2040 2220; x_wconf 87' lang='lat' dir='ltr'><strong>proditurus</strong></span> <span class='ocrx_word' id='word_1_713' title='bbox 2060 2170 2194 2218; x_wconf 83' lang='lat' dir='ltr'><strong>esset,</strong></span> <span class='ocrx_word' id='word_1_714' title='bbox 2220 2167 2491 2227; x_wconf 81' lang='lat' dir='ltr'><strong>interrogare</strong></span> <span class='ocrx_word' id='word_1_715' title='bbox 2512 2173 2801 2228; x_wconf 79' lang='lat' dir='ltr'><strong>praesumpsi</strong></span> 
     </span>
     <span class='ocr_line' id='line_1_112' title="bbox 1547 2211 2924 2305; baseline 0.011 -29"><span class='ocrx_word' id='word_1_716' title='bbox 1547 2234 1650 2289; x_wconf 90' lang='lat' dir='ltr'><strong>quia</strong></span> <span class='ocrx_word' id='word_1_717' title='bbox 1674 2247 1806 2290; x_wconf 90' lang='lat' dir='ltr'><strong>supra</strong></span> <span class='ocrx_word' id='word_1_718' title='bbox 1828 2241 1982 2292; x_wconf 84' lang='lat' dir='ltr'><strong>pectus</strong></span> <span class='ocrx_word' id='word_1_719' title='bbox 2003 2237 2097 2292; x_wconf 87' lang='lat' dir='ltr'><strong>ejus</strong></span> <span class='ocrx_word' id='word_1_720' title='bbox 2121 2238 2335 2284; x_wconf 84' lang='lat' dir='ltr'><strong>recubuit.</strong></span> <span class='ocrx_word' id='word_1_721' title='bbox 2369 2239 2421 2283; x_wconf 85' lang='lat' dir='ltr'><strong>Et</strong></span> <span class='ocrx_word' id='word_1_722' title='bbox 2449 2253 2594 2287; x_wconf 89' lang='lat' dir='ltr'><strong>nonne</strong></span> <span class='ocrx_word' id='word_1_723' title='bbox 2619 2243 2679 2287; x_wconf 89' lang='lat' dir='ltr'><strong>ita</strong></span> <span class='ocrx_word' id='word_1_724' title='bbox 2704 2251 2772 2289; x_wconf 88' lang='lat' dir='ltr'><strong>cst</strong></span> <span class='ocrx_word' id='word_1_725' title='bbox 2810 2211 2847 2305; x_wconf 56' lang='lat' dir='ltr'>J</span> <span class='ocrx_word' id='word_1_726' title='bbox 2890 2235 2924 2291; x_wconf 65' lang='lat' dir='ltr'><strong>llll</strong></span> 
     </span>
     <span class='ocr_line' id='line_1_113' title="bbox 1547 2306 2924 2373; baseline 0.011 -24"><span class='ocrx_word' id='word_1_727' title='bbox 1547 2306 1651 2362; x_wconf 85' lang='lat' dir='ltr'><strong>quid</strong></span> <span class='ocrx_word' id='word_1_728' title='bbox 1670 2307 1784 2351; x_wconf 90' lang='lat' dir='ltr'><strong>enim</strong></span> <span class='ocrx_word' id='word_1_729' title='bbox 1813 2308 1897 2353; x_wconf 87' lang='lat' dir='ltr'><strong>iste</strong></span> <span class='ocrx_word' id='word_1_730' title='bbox 1919 2310 1986 2353; x_wconf 60' lang='lat' dir='ltr'><strong>iel</strong></span> <span class='ocrx_word' id='word_1_731' title='bbox 2011 2309 2280 2367; x_wconf 85' lang='lat' dir='ltr'><strong>interrogare</strong></span> <span class='ocrx_word' id='word_1_732' title='bbox 2304 2325 2392 2356; x_wconf 91' lang='lat' dir='ltr'><strong>non</strong></span> <span class='ocrx_word' id='word_1_733' title='bbox 2416 2314 2607 2367; x_wconf 84' lang='lat' dir='ltr'><strong>auderet,</strong></span> <span class='ocrx_word' id='word_1_734' title='bbox 2634 2316 2708 2373; x_wconf 86' lang='lat' dir='ltr'><strong>qui</strong></span> <span class='ocrx_word' id='word_1_735' title='bbox 2731 2329 2781 2363; x_wconf 83' lang='lat' dir='ltr'><strong>su</strong></span> <span class='ocrx_word' id='word_1_736' title='bbox 2889 2308 2924 2353; x_wconf 63' lang='grc' dir='ltr'><strong>ΙΝ</strong></span> 
     </span>
    </p>
   </div>
   <div class='ocr_carea' id='block_1_20' title="bbox 1504 2453 2924 4410">
    <p class='ocr_par' dir='ltr' id='par_1_22' title="bbox 1542 2453 2793 2666">
     <span class='ocr_line' id='line_1_114' title="bbox 1542 2453 2780 2512; baseline 0.008 -15"><span class='ocrx_word' id='word_1_737' title='bbox 1542 2454 1645 2498; x_wconf 86' lang='lat' dir='ltr'><strong>bere</strong></span> <span class='ocrx_word' id='word_1_738' title='bbox 1663 2454 1878 2498; x_wconf 87' lang='lat' dir='ltr'><strong>indultum</strong></span> <span class='ocrx_word' id='word_1_739' title='bbox 1904 2455 1988 2500; x_wconf 85' lang='lat' dir='ltr'><strong>sibi</strong></span> <span class='ocrx_word' id='word_1_740' title='bbox 2004 2467 2100 2501; x_wconf 88' lang='lat' dir='ltr'><strong>esse</strong></span> <span class='ocrx_word' id='word_1_741' title='bbox 2116 2457 2366 2512; x_wconf 79' lang='lat' dir='ltr'><strong>perspexit:</strong></span> <span class='ocrx_word' id='word_1_742' title='bbox 2403 2459 2468 2504; x_wconf 83' lang='lat' dir='ltr'><strong>vel</strong></span> <span class='ocrx_word' id='word_1_743' title='bbox 2493 2460 2564 2504; x_wconf 91' lang='lat' dir='ltr'><strong>ille</strong></span> <span class='ocrx_word' id='word_1_744' title='bbox 2589 2453 2642 2504; x_wconf 82' lang='lat' dir='ltr'><strong>ab</strong></span> <span class='ocrx_word' id='word_1_745' title='bbox 2667 2461 2780 2509; x_wconf 83' lang='lat' dir='ltr'><strong>inter</strong></span> 
     </span>
     <span class='ocr_line' id='line_1_115' title="bbox 1542 2528 2738 2589; baseline 0.007 -20"><span class='ocrx_word' id='word_1_746' title='bbox 1542 2534 1722 2582; x_wconf 84' lang='lat' dir='ltr'><strong>rogante</strong></span> <span class='ocrx_word' id='word_1_747' title='bbox 1752 2528 2054 2580; x_wconf 85' lang='lat' dir='ltr'><strong>absconderet,</strong></span> <span class='ocrx_word' id='word_1_748' title='bbox 2085 2542 2212 2586; x_wconf 88' lang='lat' dir='ltr'><strong>quem</strong></span> <span class='ocrx_word' id='word_1_749' title='bbox 2236 2530 2289 2573; x_wconf 89' lang='lat' dir='ltr'><strong>ad</strong></span> <span class='ocrx_word' id='word_1_750' title='bbox 2314 2529 2484 2575; x_wconf 88' lang='lat' dir='ltr'><strong>interna</strong></span> <span class='ocrx_word' id='word_1_751' title='bbox 2515 2531 2738 2589; x_wconf 78' lang='lat' dir='ltr'><strong>sapienti-‘e</strong></span> 
     </span>
     <span class='ocr_line' id='line_1_116' title="bbox 1542 2600 2721 2666; baseline 0.003 -23"><span class='ocrx_word' id='word_1_752' title='bbox 1542 2600 1734 2644; x_wconf 84' lang='lat' dir='ltr'><strong>scientiae</strong></span> <span class='ocrx_word' id='word_1_753' title='bbox 1752 2613 1842 2645; x_wconf 86' lang='lat' dir='ltr'><strong>suae</strong></span> <span class='ocrx_word' id='word_1_754' title='bbox 1861 2607 2026 2646; x_wconf 89' lang='lat' dir='ltr'><strong>secreta</strong></span> <span class='ocrx_word' id='word_1_755' title='bbox 2053 2602 2324 2659; x_wconf 68' lang='lat' dir='ltr'><strong>introduxit?</strong></span> <span class='ocrx_word' id='word_1_756' title='bbox 2604 2662 2624 2666; x_wconf 8' lang='lat' dir='ltr'><strong>*A</strong></span> <span class='ocrx_word' id='word_1_757' title='bbox 2716 2659 2721 2664; x_wconf 24' lang='lat'>¹</span> 
     </span>
    </p>

    <p class='ocr_par' dir='ltr' id='par_1_23' title="bbox 1526 2662 2924 4410">
     <span class='ocr_line' id='line_1_117' title="bbox 1596 2668 2771 2733; baseline 0.008 -19"><span class='ocrx_word' id='word_1_758' title='bbox 1596 2668 1703 2722; x_wconf 80' lang='lat' dir='ltr'><strong>viu.</strong></span> <span class='ocrx_word' id='word_1_759' title='bbox 1736 2672 1848 2726; x_wconf 79' lang='lat' dir='ltr'><strong>Quid</strong></span> <span class='ocrx_word' id='word_1_760' title='bbox 1869 2675 1984 2718; x_wconf 78' lang='lat' dir='ltr'><strong>enim</strong></span> <span class='ocrx_word' id='word_1_761' title='bbox 2019 2674 2072 2718; x_wconf 76' lang='lat' dir='ltr'><strong>ad</strong></span> <span class='ocrx_word' id='word_1_762' title='bbox 2096 2675 2180 2719; x_wconf 80' lang='lat' dir='ltr'><strong>hoc</strong></span> <span class='ocrx_word' id='word_1_763' title='bbox 2202 2675 2414 2727; x_wconf 71' lang='lat' dir='ltr'><strong>dicemus,</strong></span> <span class='ocrx_word' id='word_1_764' title='bbox 2450 2677 2567 2733; x_wconf 87' lang='lat' dir='ltr'><strong>quod</strong></span> <span class='ocrx_word' id='word_1_765' title='bbox 2601 2677 2672 2722; x_wconf 73' lang='lat' dir='ltr'><strong>&lt;ue</strong></span> <span class='ocrx_word' id='word_1_766' title='bbox 2695 2691 2771 2724; x_wconf 72' lang='lat' dir='ltr'><strong>cra</strong></span> 
     </span>
     <span class='ocr_line' id='line_1_118' title="bbox 1540 2746 2785 2813; baseline 0.005 -23"><span class='ocrx_word' id='word_1_767' title='bbox 1540 2746 1653 2807; x_wconf 82' lang='lat' dir='ltr'><strong>stina</strong></span> <span class='ocrx_word' id='word_1_768' title='bbox 1681 2746 1887 2798; x_wconf 87' lang='lat' dir='ltr'><strong>moriens,</strong></span> <span class='ocrx_word' id='word_1_769' title='bbox 1913 2755 1954 2791; x_wconf 89' lang='lat' dir='ltr'><strong>et</strong></span> <span class='ocrx_word' id='word_1_770' title='bbox 1985 2748 2264 2805; x_wconf 90' lang='lat' dir='ltr'><strong>semetipsum</strong></span> <span class='ocrx_word' id='word_1_771' title='bbox 2288 2760 2367 2804; x_wconf 82' lang='lat' dir='ltr'><strong>pro</strong></span> <span class='ocrx_word' id='word_1_772' title='bbox 2388 2749 2523 2795; x_wconf 86' lang='lat' dir='ltr'><strong>totius</strong></span> <span class='ocrx_word' id='word_1_773' title='bbox 2547 2749 2696 2794; x_wconf 90' lang='lat' dir='ltr'><strong>mundi</strong></span> <span class='ocrx_word' id='word_1_774' title='bbox 2723 2764 2759 2797; x_wconf 86' lang='lat' dir='ltr'><strong>s</strong></span> <span class='ocrx_word' id='word_1_775' title='bbox 2782 2811 2785 2813; x_wconf 84' lang='lat'>.</span> 
     </span>
     <span class='ocr_line' id='line_1_119' title="bbox 1538 2815 2782 2879; baseline 0.005 -16"><span class='ocrx_word' id='word_1_776' title='bbox 1538 2821 1627 2864; x_wconf 88' lang='lat' dir='ltr'><strong>lute</strong></span> <span class='ocrx_word' id='word_1_777' title='bbox 1650 2819 1837 2864; x_wconf 86' lang='lat' dir='ltr'><strong>hostiam</strong></span> <span class='ocrx_word' id='word_1_778' title='bbox 1861 2820 2095 2865; x_wconf 88' lang='lat' dir='ltr'><strong>salutarem</strong></span> <span class='ocrx_word' id='word_1_779' title='bbox 2128 2823 2172 2866; x_wconf 88' lang='lat' dir='ltr'><strong>in</strong></span> <span class='ocrx_word' id='word_1_780' title='bbox 2204 2834 2278 2866; x_wconf 88' lang='lat' dir='ltr'><strong>ara</strong></span> <span class='ocrx_word' id='word_1_781' title='bbox 2301 2822 2446 2866; x_wconf 86' lang='lat' dir='ltr'><strong>crucis</strong></span> <span class='ocrx_word' id='word_1_782' title='bbox 2467 2815 2668 2878; x_wconf 79' lang='lat' dir='ltr'><strong>offerens,</strong></span> <span class='ocrx_word' id='word_1_783' title='bbox 2697 2836 2750 2879; x_wconf 86' lang='lat' dir='ltr'><strong>cu</strong></span> <span class='ocrx_word' id='word_1_784' title='bbox 2780 2850 2782 2855; x_wconf 86' lang='lat'><em>·</em></span> 
     </span>
     <span class='ocr_line' id='line_1_120' title="bbox 1533 2885 2865 2955; baseline 0.006 -21"><span class='ocrx_word' id='word_1_785' title='bbox 1533 2893 1621 2948; x_wconf 84' lang='lat' dir='ltr'><strong>jam</strong></span> <span class='ocrx_word' id='word_1_786' title='bbox 1647 2904 1781 2948; x_wconf 88' lang='lat' dir='ltr'><strong>prope</strong></span> <span class='ocrx_word' id='word_1_787' title='bbox 1808 2896 1941 2946; x_wconf 87' lang='lat' dir='ltr'><strong>esset,</strong></span> <span class='ocrx_word' id='word_1_788' title='bbox 1967 2897 2015 2936; x_wconf 89' lang='lat' dir='ltr'><strong>ut</strong></span> <span class='ocrx_word' id='word_1_789' title='bbox 2044 2893 2247 2949; x_wconf 88' lang='lat' dir='ltr'><strong>spiritum</strong></span> <span class='ocrx_word' id='word_1_790' title='bbox 2278 2893 2322 2936; x_wconf 90' lang='grc' dir='ltr'><strong>ἰιι</strong></span> <span class='ocrx_word' id='word_1_791' title='bbox 2361 2885 2517 2939; x_wconf 85' lang='lat' dir='ltr'><strong>manus</strong></span> <span class='ocrx_word' id='word_1_792' title='bbox 2526 2892 2680 2939; x_wconf 87' lang='lat' dir='ltr'><strong>Patris</strong></span> <span class='ocrx_word' id='word_1_793' title='bbox 2700 2900 2786 2955; x_wconf 61' lang='lat' dir='ltr'><strong>tra¹</strong></span> <span class='ocrx_word' id='word_1_794' title='bbox 2861 2911 2865 2915; x_wconf 92' lang='lat'>·</span> 
     </span>
     <span class='ocr_line' id='line_1_121' title="bbox 1536 2965 2778 3022; baseline 0.002 -13"><span class='ocrx_word' id='word_1_795' title='bbox 1536 2965 1686 3017; x_wconf 78' lang='lat' dir='ltr'><strong>dei-,et</strong></span> <span class='ocrx_word' id='word_1_796' title='bbox 1716 2965 1916 3009; x_wconf 86' lang='lat' dir='ltr'><strong>dilectam</strong></span> <span class='ocrx_word' id='word_1_797' title='bbox 1953 2966 2258 3010; x_wconf 88' lang='lat' dir='ltr'><strong>commendare</strong></span> <span class='ocrx_word' id='word_1_798' title='bbox 2290 2966 2494 3022; x_wconf 81' lang='lat' dir='ltr'><strong>dignatus</strong></span> <span class='ocrx_word' id='word_1_799' title='bbox 2532 2972 2600 3012; x_wconf 88' lang='lat' dir='ltr'><strong>est</strong></span> <span class='ocrx_word' id='word_1_800' title='bbox 2637 2968 2778 3012; x_wconf 89' lang='lat' dir='ltr'><strong>dilec</strong></span> 
     </span>
     <span class='ocr_line' id='line_1_122' title="bbox 1535 3033 2765 3096; baseline 0.003 -14"><span class='ocrx_word' id='word_1_801' title='bbox 1535 3044 1715 3083; x_wconf 86' lang='lat' dir='ltr'><strong>matrem</strong></span> <span class='ocrx_word' id='word_1_802' title='bbox 1735 3038 1965 3095; x_wconf 88' lang='lat' dir='ltr'><strong>discipulo,</strong></span> <span class='ocrx_word' id='word_1_803' title='bbox 1983 3038 2204 3096; x_wconf 85' lang='lat' dir='ltr'><strong>Virginem</strong></span> <span class='ocrx_word' id='word_1_804' title='bbox 2221 3040 2395 3096; x_wconf 65' lang='grc' dir='ltr'>ιίιςιιιι,</span> <span class='ocrx_word' id='word_1_805' title='bbox 2415 3033 2593 3084; x_wconf 84' lang='lat' dir='ltr'><strong>Mariam</strong></span> <span class='ocrx_word' id='word_1_806' title='bbox 2608 3039 2765 3086; x_wconf 70' lang='lat' dir='ltr'><strong>«loanni</strong></span> 
     </span>
     <span class='ocr_line' id='line_1_123' title="bbox 1534 3098 2758 3170; baseline 0.005 -16"><span class='ocrx_word' id='word_1_807' title='bbox 1534 3110 1645 3164; x_wconf 85' lang='lat' dir='ltr'><strong>Quid</strong></span> <span class='ocrx_word' id='word_1_808' title='bbox 1675 3112 1792 3156; x_wconf 88' lang='lat' dir='ltr'><strong>enim</strong></span> <span class='ocrx_word' id='word_1_809' title='bbox 1823 3112 1868 3154; x_wconf 90' lang='lat' dir='ltr'><strong>in</strong></span> <span class='ocrx_word' id='word_1_810' title='bbox 1902 3111 2132 3169; x_wconf 85' lang='lat' dir='ltr'><strong>Evangelio</strong></span> <span class='ocrx_word' id='word_1_811' title='bbox 2162 3125 2241 3157; x_wconf 89' lang='lat' dir='ltr'><strong>suo</strong></span> <span class='ocrx_word' id='word_1_812' title='bbox 2279 3113 2372 3170; x_wconf 76' lang='lat' dir='ltr'><strong>ipse</strong></span> <span class='ocrx_word' id='word_1_813' title='bbox 2404 3098 2540 3158; x_wconf 77' lang='lat' dir='ltr'><strong>refert</strong></span> <span class='ocrx_word' id='word_1_814' title='bbox 2566 3112 2758 3160; x_wconf 78' lang='lat' dir='ltr'><strong>Joannes</strong></span> 
     </span>
     <span class='ocr_line' id='line_1_124' title="bbox 1534 3187 2768 3251; baseline 0.004 -21"><span class='ocrx_word' id='word_1_815' title='bbox 1534 3187 1639 3231; x_wconf 86' lang='lat' dir='ltr'><strong>Cum</strong></span> <span class='ocrx_word' id='word_1_816' title='bbox 1657 3188 1827 3239; x_wconf 82' lang='lat' dir='ltr'><strong>videret,</strong></span> <span class='ocrx_word' id='word_1_817' title='bbox 1847 3188 2003 3245; x_wconf 88' lang='lat' dir='ltr'><strong>inquit,</strong></span> <span class='ocrx_word' id='word_1_818' title='bbox 2023 3195 2214 3241; x_wconf 85' lang='lat' dir='ltr'><strong>matrem,</strong></span> <span class='ocrx_word' id='word_1_819' title='bbox 2238 3197 2278 3232; x_wconf 86' lang='lat' dir='ltr'><strong>et</strong></span> <span class='ocrx_word' id='word_1_820' title='bbox 2301 3190 2553 3246; x_wconf 76' lang='lat' dir='ltr'><strong>discipulum</strong></span> <span class='ocrx_word' id='word_1_821' title='bbox 2577 3205 2697 3248; x_wconf 78' lang='lat' dir='ltr'><strong>quem</strong></span> <span class='ocrx_word' id='word_1_822' title='bbox 2718 3190 2768 3251; x_wconf 37' lang='lat' dir='ltr'><strong>ci,</strong></span> 
     </span>
     <span class='ocr_line' id='line_1_125' title="bbox 1534 3260 2772 3320; baseline 0.003 -18"><span class='ocrx_word' id='word_1_823' title='bbox 1534 3260 1701 3316; x_wconf 73' lang='lat' dir='ltr'><strong>liyebat,</strong></span> <span class='ocrx_word' id='word_1_824' title='bbox 1743 3260 1845 3303; x_wconf 83' lang='lat' dir='ltr'><strong>dicit</strong></span> <span class='ocrx_word' id='word_1_825' title='bbox 1882 3261 2010 3303; x_wconf 79' lang='lat' dir='ltr'><strong>matri</strong></span> <span class='ocrx_word' id='word_1_826' title='bbox 2046 3274 2133 3304; x_wconf 76' lang='lat' dir='ltr'><strong>suoe</strong></span> <span class='ocrx_word' id='word_1_827' title='bbox 2158 3273 2171 3303; x_wconf 89' lang='lat'><em>:</em></span> <span class='ocrx_word' id='word_1_828' title='bbox 2197 3260 2369 3315; x_wconf 79' lang='lat' dir='ltr'><strong>Mulier,</strong></span> <span class='ocrx_word' id='word_1_829' title='bbox 2394 3272 2484 3306; x_wconf 82' lang='lat' dir='ltr'><strong>ecce</strong></span> <span class='ocrx_word' id='word_1_830' title='bbox 2518 3263 2634 3320; x_wconf 76' lang='lat' dir='ltr'><strong>filius</strong></span> <span class='ocrx_word' id='word_1_831' title='bbox 2675 3270 2718 3308; x_wconf 78' lang='lat' dir='ltr'><strong>tu</strong></span> <span class='ocrx_word' id='word_1_832' title='bbox 2764 3299 2772 3308; x_wconf 73' lang='grc'><strong>,,</strong></span> 
     </span>
     <span class='ocr_line' id='line_1_126' title="bbox 1532 3332 2924 3395; baseline 0.004 -19"><span class='ocrx_word' id='word_1_833' title='bbox 1532 3332 2160 3389; x_wconf 80' lang='lat' dir='ltr'><strong>Deindedicitdiscipulo:Ecce</strong></span> <span class='ocrx_word' id='word_1_834' title='bbox 2174 3333 2742 3395; x_wconf 68' lang='lat' dir='ltr'><strong>macertua(100n.x1x,‘26).</strong></span> <span class='ocrx_word' id='word_1_835' title='bbox 2765 3351 2771 3366; x_wconf 66' lang='grc' dir='ltr'>Ι</span> <span class='ocrx_word' id='word_1_836' title='bbox 2836 3370 2838 3392; x_wconf 85' lang='grc'>,</span> <span class='ocrx_word' id='word_1_837' title='bbox 2872 3338 2924 3392; x_wconf 62' lang='lat' dir='ltr'><strong>ejus,</strong></span> 
     </span>
     <span class='ocr_line' id='line_1_127' title="bbox 1533 3407 2921 3468; baseline 0.002 -17"><span class='ocrx_word' id='word_1_838' title='bbox 1533 3407 1690 3460; x_wconf 89' lang='lat' dir='ltr'><strong>honor,</strong></span> <span class='ocrx_word' id='word_1_839' title='bbox 1701 3407 1818 3451; x_wconf 90' lang='lat' dir='ltr'><strong>omni</strong></span> <span class='ocrx_word' id='word_1_840' title='bbox 1834 3407 1909 3463; x_wconf 87' lang='lat' dir='ltr'><strong>qui</strong></span> <span class='ocrx_word' id='word_1_841' title='bbox 1926 3407 1970 3451; x_wconf 88' lang='lat' dir='ltr'><strong>in</strong></span> <span class='ocrx_word' id='word_1_842' title='bbox 1985 3407 2186 3464; x_wconf 69' lang='lat' dir='ltr'><strong>praesenti</strong></span> <span class='ocrx_word' id='word_1_843' title='bbox 2205 3407 2353 3452; x_wconf 88' lang='lat' dir='ltr'><strong>haberi</strong></span> <span class='ocrx_word' id='word_1_844' title='bbox 2379 3413 2520 3464; x_wconf 76' lang='lat' dir='ltr'><strong>potest</strong></span> <span class='ocrx_word' id='word_1_845' title='bbox 2537 3409 2765 3454; x_wconf 79' lang='lat' dir='ltr'><strong>sublimior</strong></span> <span class='ocrx_word' id='word_1_846' title='bbox 2836 3407 2837 3459; x_wconf 69' lang='lat' dir='ltr'>J</span> <span class='ocrx_word' id='word_1_847' title='bbox 2872 3414 2921 3468; x_wconf 76' lang='lat' dir='ltr'><strong>agitu</strong></span> 
     </span>
     <span class='ocr_line' id='line_1_128' title="bbox 1532 3479 2916 3563; baseline 0.003 -40"><span class='ocrx_word' id='word_1_848' title='bbox 1532 3479 1709 3525; x_wconf 85' lang='lat' dir='ltr'><strong>fratrem</strong></span> <span class='ocrx_word' id='word_1_849' title='bbox 1732 3479 1894 3524; x_wconf 85' lang='lat' dir='ltr'><strong>Christi</strong></span> <span class='ocrx_word' id='word_1_850' title='bbox 1917 3487 1960 3523; x_wconf 89' lang='lat' dir='ltr'><strong>et</strong></span> <span class='ocrx_word' id='word_1_851' title='bbox 1981 3479 2114 3546; x_wconf 87' lang='lat' dir='ltr'><strong>filium</strong></span> <span class='ocrx_word' id='word_1_852' title='bbox 2137 3479 2454 3536; x_wconf 84' lang='lat' dir='ltr'><strong>quodammode</strong></span> <span class='ocrx_word' id='word_1_853' title='bbox 2470 3494 2578 3527; x_wconf 84' lang='lat' dir='ltr'><strong>esse</strong></span> <span class='ocrx_word' id='word_1_854' title='bbox 2610 3481 2647 3524; x_wconf 82' lang='grc' dir='ltr'><strong><em>Μ</em></strong></span> <span class='ocrx_word' id='word_1_855' title='bbox 2654 3481 2756 3526; x_wconf 75' lang='lat' dir='ltr'><strong>triae</strong></span> <span class='ocrx_word' id='word_1_856' title='bbox 2817 3504 2833 3563; x_wconf 83' lang='lat'><em>3</em></span> <span class='ocrx_word' id='word_1_857' title='bbox 2871 3491 2916 3542; x_wconf 67' lang='lat' dir='ltr'><strong>cepit</strong></span> 
     </span>
     <span class='ocr_line' id='line_1_129' title="bbox 1530 3552 2919 3612; baseline 0.004 -14"><span class='ocrx_word' id='word_1_858' title='bbox 1530 3559 1573 3599; x_wconf 87' lang='lat' dir='ltr'><strong>et</strong></span> <span class='ocrx_word' id='word_1_859' title='bbox 1599 3555 1685 3598; x_wconf 89' lang='lat' dir='ltr'><strong>hoc</strong></span> <span class='ocrx_word' id='word_1_860' title='bbox 1705 3554 1870 3598; x_wconf 87' lang='lat' dir='ltr'><strong>honore</strong></span> <span class='ocrx_word' id='word_1_861' title='bbox 1892 3554 2065 3599; x_wconf 78' lang='lat' dir='ltr'><strong>sublimi</strong></span> <span class='ocrx_word' id='word_1_862' title='bbox 2091 3555 2210 3599; x_wconf 89' lang='lat' dir='ltr'><strong>solus</strong></span> <span class='ocrx_word' id='word_1_863' title='bbox 2239 3562 2442 3600; x_wconf 82' lang='lat' dir='ltr'><strong>censetur</strong></span> <span class='ocrx_word' id='word_1_864' title='bbox 2472 3557 2646 3612; x_wconf 79' lang='lat' dir='ltr'><strong>dignus</strong></span> <span class='ocrx_word' id='word_1_865' title='bbox 2655 3554 2721 3601; x_wconf 79' lang='lat' dir='ltr'><strong>Io</strong></span> <span class='ocrx_word' id='word_1_866' title='bbox 2746 3576 2767 3601; x_wconf 82' lang='grc' dir='ltr'><strong>ι</strong></span> <span class='ocrx_word' id='word_1_867' title='bbox 2816 3552 2836 3601; x_wconf 70' lang='grc' dir='ltr'><strong>ἰ</strong></span> <span class='ocrx_word' id='word_1_868' title='bbox 2869 3570 2919 3611; x_wconf 75' lang='grc' dir='ltr'><strong>ιιι</strong></span> 
     </span>
     <span class='ocr_line' id='line_1_130' title="bbox 1530 3625 2924 3687; baseline 0.003 -17"><span class='ocrx_word' id='word_1_869' title='bbox 1530 3639 1622 3671; x_wconf 89' lang='lat' dir='ltr'><strong>nes.</strong></span> <span class='ocrx_word' id='word_1_870' title='bbox 1642 3626 1721 3671; x_wconf 89' lang='lat' dir='ltr'><strong>Cui</strong></span> <span class='ocrx_word' id='word_1_871' title='bbox 1743 3627 1859 3670; x_wconf 90' lang='lat' dir='ltr'><strong>enim</strong></span> <span class='ocrx_word' id='word_1_872' title='bbox 1883 3625 1993 3670; x_wconf 80' lang='lat' dir='ltr'><strong>dixit</strong></span> <span class='ocrx_word' id='word_1_873' title='bbox 2014 3625 2246 3682; x_wconf 85' lang='lat' dir='ltr'><strong>aliquando</strong></span> <span class='ocrx_word' id='word_1_874' title='bbox 2266 3628 2488 3687; x_wconf 81' lang='lat' dir='ltr'><strong>bominum</strong></span> <span class='ocrx_word' id='word_1_875' title='bbox 2510 3628 2712 3677; x_wconf 76' lang='lat' dir='ltr'><strong>Clu-istus</strong></span> <span class='ocrx_word' id='word_1_876' title='bbox 2844 3641 2924 3684; x_wconf 57' lang='lat' dir='ltr'><strong>wau„</strong></span> 
     </span>
     <span class='ocr_line' id='line_1_131' title="bbox 1529 3681 2924 3759; baseline 0.006 -17"><span class='ocrx_word' id='word_1_877' title='bbox 1529 3705 1667 3743; x_wconf 87' lang='lat' dir='ltr'><strong>matre</strong></span> <span class='ocrx_word' id='word_1_878' title='bbox 1689 3701 1797 3744; x_wconf 77' lang='lat' dir='ltr'><strong>sua:</strong></span> <span class='ocrx_word' id='word_1_879' title='bbox 1823 3698 1928 3742; x_wconf 82' lang='lat' dir='ltr'><strong>Ecce</strong></span> <span class='ocrx_word' id='word_1_880' title='bbox 1950 3708 2082 3743; x_wconf 85' lang='lat' dir='ltr'><strong>mater</strong></span> <span class='ocrx_word' id='word_1_881' title='bbox 2107 3709 2205 3752; x_wconf 79' lang='lat' dir='ltr'><strong>tua,</strong></span> <span class='ocrx_word' id='word_1_882' title='bbox 2237 3700 2321 3744; x_wconf 88' lang='lat' dir='ltr'><strong>nisi</strong></span> <span class='ocrx_word' id='word_1_883' title='bbox 2343 3697 2529 3745; x_wconf 75' lang='lat' dir='ltr'><strong>Ioanni.</strong></span> <span class='ocrx_word' id='word_1_884' title='bbox 2516 3702 2535 3731; x_wconf 72' lang='lat'><strong>⁹</strong></span> <span class='ocrx_word' id='word_1_885' title='bbox 2557 3708 2600 3746; x_wconf 89' lang='lat' dir='ltr'><strong>et</strong></span> <span class='ocrx_word' id='word_1_886' title='bbox 2622 3703 2674 3747; x_wconf 89' lang='lat' dir='ltr'><strong>de</strong></span> <span class='ocrx_word' id='word_1_887' title='bbox 2696 3714 2753 3759; x_wconf 87' lang='lat' dir='ltr'><strong>qu</strong></span> <span class='ocrx_word' id='word_1_888' title='bbox 2811 3681 2848 3748; x_wconf 93' lang='grc' dir='ltr'>,Ι</span> <span class='ocrx_word' id='word_1_889' title='bbox 2843 3709 2924 3756; x_wconf 52' lang='lat' dir='ltr'><strong>imici</strong></span> 
     </span>
     <span class='ocr_line' id='line_1_132' title="bbox 1528 3758 2924 3829; baseline 0.006 -16.006"><span class='ocrx_word' id='word_1_890' title='bbox 1528 3771 1582 3815; x_wconf 83' lang='lat' dir='ltr'><strong>ad</strong></span> <span class='ocrx_word' id='word_1_891' title='bbox 1597 3777 1808 3816; x_wconf 82' lang='lat' dir='ltr'><strong>matrem.</strong></span> <span class='ocrx_word' id='word_1_892' title='bbox 1834 3770 2004 3822; x_wconf 80' lang='lat' dir='ltr'><strong>Mulier,</strong></span> <span class='ocrx_word' id='word_1_893' title='bbox 2025 3785 2115 3815; x_wconf 83' lang='lat' dir='ltr'><strong>ecce</strong></span> <span class='ocrx_word' id='word_1_894' title='bbox 2133 3771 2248 3827; x_wconf 75' lang='lat' dir='ltr'><strong>filius</strong></span> <span class='ocrx_word' id='word_1_895' title='bbox 2272 3780 2387 3825; x_wconf 78' lang='lat' dir='ltr'><strong>tuus,</strong></span> <span class='ocrx_word' id='word_1_896' title='bbox 2411 3773 2495 3817; x_wconf 84' lang='lat' dir='ltr'><strong>nisi</strong></span> <span class='ocrx_word' id='word_1_897' title='bbox 2519 3772 2572 3817; x_wconf 86' lang='lat' dir='ltr'><strong>dc</strong></span> <span class='ocrx_word' id='word_1_898' title='bbox 2592 3771 2760 3823; x_wconf 73' lang='lat' dir='ltr'><strong>loanne</strong></span> <span class='ocrx_word' id='word_1_899' title='bbox 2809 3758 2815 3792; x_wconf 58' lang='lat'><strong>‘⁹</strong></span> <span class='ocrx_word' id='word_1_900' title='bbox 2867 3780 2924 3829; x_wconf 68' lang='lat' dir='ltr'><strong>dius</strong></span> 
     </span>
     <span class='ocr_line' id='line_1_133' title="bbox 1504 3844 2912 3903; baseline 0.003 -15.069"><span class='ocrx_word' id='word_1_901' title='bbox 1504 3844 1571 3888; x_wconf 87' lang='grc' dir='ltr'><strong>Ο.</strong></span> <span class='ocrx_word' id='word_1_902' title='bbox 1598 3850 1808 3901; x_wconf 88' lang='lat' dir='ltr'><strong>quantum</strong></span> <span class='ocrx_word' id='word_1_903' title='bbox 1843 3844 1923 3888; x_wconf 89' lang='lat' dir='ltr'><strong>tibi</strong></span> <span class='ocrx_word' id='word_1_904' title='bbox 1959 3844 2164 3889; x_wconf 89' lang='lat' dir='ltr'><strong>dilectum</strong></span> <span class='ocrx_word' id='word_1_905' title='bbox 2194 3844 2396 3900; x_wconf 88' lang='lat' dir='ltr'><strong>videras,</strong></span> <span class='ocrx_word' id='word_1_906' title='bbox 2431 3857 2459 3890; x_wconf 93' lang='lat' dir='ltr'><strong>o</strong></span> <span class='ocrx_word' id='word_1_907' title='bbox 2481 3844 2630 3903; x_wconf 83' lang='lat' dir='ltr'><strong>Agnus</strong></span> <span class='ocrx_word' id='word_1_908' title='bbox 2658 3846 2750 3891; x_wconf 88' lang='lat' dir='ltr'><strong>iun</strong></span> <span class='ocrx_word' id='word_1_909' title='bbox 2804 3861 2835 3901; x_wconf 63' lang='grc' dir='ltr'><strong>ι</strong></span> <span class='ocrx_word' id='word_1_910' title='bbox 2889 3853 2912 3900; x_wconf 75' lang='grc' dir='ltr'><strong>Χ,</strong></span> 
     </span>
     <span class='ocr_line' id='line_1_134' title="bbox 1528 3916 2924 3978; baseline -0.001 -18"><span class='ocrx_word' id='word_1_911' title='bbox 1528 3929 1647 3978; x_wconf 81' lang='lat' dir='ltr'><strong>cens,</strong></span> <span class='ocrx_word' id='word_1_912' title='bbox 1680 3921 1904 3970; x_wconf 86' lang='lat' dir='ltr'><strong>mansuete</strong></span> <span class='ocrx_word' id='word_1_913' title='bbox 1931 3922 1974 3961; x_wconf 90' lang='lat' dir='ltr'><strong>et</strong></span> <span class='ocrx_word' id='word_1_914' title='bbox 1996 3918 2112 3961; x_wconf 90' lang='lat' dir='ltr'><strong>mitis</strong></span> <span class='ocrx_word' id='word_1_915' title='bbox 2145 3916 2276 3963; x_wconf 77' lang='lat' dir='ltr'><strong>Jesu&#39;</strong></span> <span class='ocrx_word' id='word_1_916' title='bbox 2315 3924 2524 3974; x_wconf 87' lang='lat' dir='ltr'><strong>quantum</strong></span> <span class='ocrx_word' id='word_1_917' title='bbox 2558 3918 2716 3963; x_wconf 87' lang='lat' dir='ltr'><strong>dilectu</strong></span> <span class='ocrx_word' id='word_1_918' title='bbox 2746 3938 2764 3958; x_wconf 49' lang='grc' dir='ltr'><strong>ιε</strong></span> <span class='ocrx_word' id='word_1_919' title='bbox 2865 3925 2924 3978; x_wconf 60' lang='lat' dir='ltr'><strong>gimus</strong></span> 
     </span>
     <span class='ocr_line' id='line_1_135' title="bbox 1527 3990 2924 4055; baseline 0.003 -21"><span class='ocrx_word' id='word_1_920' title='bbox 1527 3991 1720 4047; x_wconf 87' lang='lat' dir='ltr'><strong>inquam,</strong></span> <span class='ocrx_word' id='word_1_921' title='bbox 1745 3990 1826 4036; x_wconf 87' lang='lat' dir='ltr'><strong>tibi</strong></span> <span class='ocrx_word' id='word_1_922' title='bbox 1842 3990 2029 4042; x_wconf 81' lang='lat' dir='ltr'><strong>videras,</strong></span> <span class='ocrx_word' id='word_1_923' title='bbox 2053 3991 2124 4036; x_wconf 90' lang='lat' dir='ltr'><strong>cui</strong></span> <span class='ocrx_word' id='word_1_924' title='bbox 2142 3991 2262 4034; x_wconf 89' lang='lat' dir='ltr'><strong>illum</strong></span> <span class='ocrx_word' id='word_1_925' title='bbox 2282 3997 2370 4035; x_wconf 89' lang='lat' dir='ltr'><strong>tam</strong></span> <span class='ocrx_word' id='word_1_926' title='bbox 2388 3993 2487 4035; x_wconf 87' lang='lat' dir='ltr'><strong>coeli</strong></span> <span class='ocrx_word' id='word_1_927' title='bbox 2506 4004 2638 4048; x_wconf 88' lang='lat' dir='ltr'><strong>quam</strong></span> <span class='ocrx_word' id='word_1_928' title='bbox 2655 3997 2700 4038; x_wconf 80' lang='lat' dir='ltr'><strong>te</strong></span> <span class='ocrx_word' id='word_1_929' title='bbox 2732 4012 2756 4047; x_wconf 71' lang='grc' dir='ltr'><strong>,ς</strong></span> <span class='ocrx_word' id='word_1_930' title='bbox 2828 4006 2837 4032; x_wconf 68' lang='lat'><strong><em>0</em></strong></span> <span class='ocrx_word' id='word_1_931' title='bbox 2864 3997 2924 4055; x_wconf 58' lang='lat' dir='ltr'><strong>iffi,</strong></span> 
     </span>
     <span class='ocr_line' id='line_1_136' title="bbox 1527 4055 2924 4128; baseline 0.002 -22"><span class='ocrx_word' id='word_1_932' title='bbox 1527 4065 1779 4110; x_wconf 82' lang='lat' dir='ltr'><strong>thesaurum</strong></span> <span class='ocrx_word' id='word_1_933' title='bbox 1819 4065 2198 4121; x_wconf 86' lang='lat' dir='ltr'><strong>pretiosissimum,</strong></span> <span class='ocrx_word' id='word_1_934' title='bbox 2235 4070 2417 4109; x_wconf 87' lang='lat' dir='ltr'><strong>matrem</strong></span> <span class='ocrx_word' id='word_1_935' title='bbox 2439 4070 2557 4108; x_wconf 90' lang='lat' dir='ltr'><strong>tuam</strong></span> <span class='ocrx_word' id='word_1_936' title='bbox 2594 4065 2726 4121; x_wconf 85' lang='lat' dir='ltr'><strong>loquo</strong></span> <span class='ocrx_word' id='word_1_937' title='bbox 2754 4074 2771 4101; x_wconf 81' lang='grc'><strong>-·</strong></span> <span class='ocrx_word' id='word_1_938' title='bbox 2795 4055 2838 4126; x_wconf 32' lang='grc' dir='ltr'><em>χ</em></span> <span class='ocrx_word' id='word_1_939' title='bbox 2862 4073 2924 4128; x_wconf 62' lang='lat' dir='ltr'><strong>:imm</strong></span> 
     </span>
     <span class='ocr_line' id='line_1_137' title="bbox 1528 4126 2922 4202; baseline -0.001 -23"><span class='ocrx_word' id='word_1_940' title='bbox 1528 4136 1882 4181; x_wconf 82' lang='lat' dir='ltr'><strong>committendum</strong></span> <span class='ocrx_word' id='word_1_941' title='bbox 1908 4135 2143 4181; x_wconf 80' lang='lat' dir='ltr'><strong>credebas!</strong></span> <span class='ocrx_word' id='word_1_942' title='bbox 2166 4135 2235 4179; x_wconf 85' lang='lat' dir='ltr'><strong>-Ad</strong></span> <span class='ocrx_word' id='word_1_943' title='bbox 2255 4136 2637 4193; x_wconf 42' lang='lat' dir='ltr'><strong>matrem.2inqiiis-,:</strong></span> <span class='ocrx_word' id='word_1_944' title='bbox 2657 4134 2714 4180; x_wconf 75' lang='lat' dir='ltr'><strong>..E</strong></span> <span class='ocrx_word' id='word_1_945' title='bbox 2747 4161 2754 4166; x_wconf 43' lang='grc' dir='ltr'><em>ν</em></span> <span class='ocrx_word' id='word_1_946' title='bbox 2811 4126 2814 4178; x_wconf 59' lang='grc' dir='ltr'><em>ἶ</em></span> <span class='ocrx_word' id='word_1_947' title='bbox 2861 4155 2922 4202; x_wconf 56' lang='lat' dir='ltr'><strong>&#39;mma</strong></span> 
     </span>
     <span class='ocr_line' id='line_1_138' title="bbox 1527 4204 2765 4262; baseline -0.002 -12"><span class='ocrx_word' id='word_1_948' title='bbox 1527 4207 1643 4262; x_wconf 76' lang='lat' dir='ltr'><strong>fitius</strong></span> <span class='ocrx_word' id='word_1_949' title='bbox 1669 4214 1796 4259; x_wconf 75' lang='lat' dir='ltr'><strong>tuus,-</strong></span> <span class='ocrx_word' id='word_1_950' title='bbox 1816 4206 1870 4250; x_wconf 93' lang='lat' dir='ltr'><strong>ad</strong></span> <span class='ocrx_word' id='word_1_951' title='bbox 1894 4206 2156 4262; x_wconf 87' lang='lat' dir='ltr'><strong>discipulum</strong></span> <span class='ocrx_word' id='word_1_952' title='bbox 2186 4210 2360 4249; x_wconf 87' lang='lat' dir='ltr'><strong>autem:</strong></span> <span class='ocrx_word' id='word_1_953' title='bbox 2394 4204 2501 4249; x_wconf 81' lang='lat' dir='ltr'><strong>Ecce</strong></span> <span class='ocrx_word' id='word_1_954' title='bbox 2527 4212 2662 4249; x_wconf 72' lang='lat' dir='ltr'><strong>mater</strong></span> <span class='ocrx_word' id='word_1_955' title='bbox 2683 4211 2765 4248; x_wconf 75' lang='lat' dir='ltr'><strong>ta</strong></span> 
     </span>
     <span class='ocr_line' id='line_1_139' title="bbox 1526 4276 2731 4335; baseline -0.003 -10"><span class='ocrx_word' id='word_1_956' title='bbox 1526 4279 1732 4332; x_wconf 84' lang='lat' dir='ltr'><strong>Obsecro,</strong></span> <span class='ocrx_word' id='word_1_957' title='bbox 1750 4279 1854 4335; x_wconf 76' lang='lat' dir='ltr'><strong>quId</strong></span> <span class='ocrx_word' id='word_1_958' title='bbox 1871 4277 1954 4324; x_wconf 72' lang='lat' dir='ltr'><strong>sibi</strong></span> <span class='ocrx_word' id='word_1_959' title='bbox 1974 4278 2126 4324; x_wconf 79' lang='lat' dir='ltr'><strong>volunt</strong></span> <span class='ocrx_word' id='word_1_960' title='bbox 2142 4278 2267 4323; x_wconf 75' lang='lat' dir='ltr'><strong>baec?</strong></span> <span class='ocrx_word' id='word_1_961' title='bbox 2287 4277 2376 4322; x_wconf 91' lang='lat' dir='ltr'><strong>Cur</strong></span> <span class='ocrx_word' id='word_1_962' title='bbox 2392 4289 2479 4331; x_wconf 84' lang='lat' dir='ltr'><strong>non</strong></span> <span class='ocrx_word' id='word_1_963' title='bbox 2496 4276 2731 4334; x_wconf 66' lang='lat' dir='ltr'><strong>praecipis·</strong></span> 
     </span>
     <span class='ocr_line' id='line_1_140' title="bbox 1527 4342 2775 4410; baseline -0.002 -13"><span class='ocrx_word' id='word_1_964' title='bbox 1527 4352 1694 4410; x_wconf 82' lang='lat' dir='ltr'><strong>scipulo</strong></span> <span class='ocrx_word' id='word_1_965' title='bbox 1718 4342 1895 4402; x_wconf 65' lang='lat' dir='ltr'><strong>dicens:</strong></span> <span class='ocrx_word' id='word_1_966' title='bbox 1928 4349 2075 4404; x_wconf 82' lang='lat' dir='ltr'><strong>Servi,</strong></span> <span class='ocrx_word' id='word_1_967' title='bbox 2100 4357 2142 4396; x_wconf 91' lang='lat' dir='ltr'><strong>et</strong></span> <span class='ocrx_word' id='word_1_968' title='bbox 2165 4350 2365 4400; x_wconf 87' lang='lat' dir='ltr'><strong>ministra</strong></span> <span class='ocrx_word' id='word_1_969' title='bbox 2390 4355 2518 4408; x_wconf 78' lang='lat' dir='ltr'><strong>atque</strong></span> <span class='ocrx_word' id='word_1_970' title='bbox 2539 4350 2725 4407; x_wconf 69' lang='lat' dir='ltr'><strong>enseque</strong></span> <span class='ocrx_word' id='word_1_971' title='bbox 2764 4347 2775 4355; x_wconf 75' lang='grc'><strong>”</strong></span> 
     </span>
    </p>
   </div>
   <div class='ocr_carea' id='block_1_21' title="bbox 2838 3043 2924 3323">
    <p class='ocr_par' dir='ltr' id='par_1_24' title="bbox 2838 3043 2924 3323">
     <span class='ocr_line' id='line_1_141' title="bbox 2877 3043 2921 3093; baseline 0 0"><span class='ocrx_word' id='word_1_972' title='bbox 2877 3043 2921 3093; x_wconf 70' lang='lat' dir='ltr'><strong>dete</strong></span> 
     </span>
     <span class='ocr_line' id='line_1_142' title="bbox 2839 3113 2924 3174; baseline 0.021 -9.809"><span class='ocrx_word' id='word_1_973' title='bbox 2839 3113 2924 3174; x_wconf 64' lang='lat' dir='ltr'><strong>uli&lt;</strong></span> 
     </span>
     <span class='ocr_line' id='line_1_143' title="bbox 2842 3183 2924 3239; baseline 0.049 -4"><span class='ocrx_word' id='word_1_974' title='bbox 2842 3183 2843 3226; x_wconf 65' lang='grc' dir='ltr'>ἶ</span> <span class='ocrx_word' id='word_1_975' title='bbox 2875 3194 2924 3239; x_wconf 73' lang='grc' dir='ltr'>(ιιι</span> 
     </span>
     <span class='ocr_line' id='line_1_144' title="bbox 2838 3267 2924 3323; baseline 0 0"><span class='ocrx_word' id='word_1_976' title='bbox 2838 3284 2857 3323; x_wconf 72' lang='lat' dir='ltr'><em>s</em></span> <span class='ocrx_word' id='word_1_977' title='bbox 2875 3267 2924 3314; x_wconf 71' lang='grc' dir='ltr'><strong>ιι</strong></span> 
     </span>
    </p>
   </div>
  </div>
 </body>
</html>
