2924 4588
247 113 374 194 2878·

1253 102 1417 148 PETnt
1448 90 1800 145 COMESTOMS

2702 97 2811 157 nso

246 217 421 261 quoque
445 176 757 258 operimentum
789 199 834 242 in
873 196 1069 242 eumdem
1104 197 1279 241 modum
1299 203 1393 240 erat
1414 203 1490 240 52¹³
1511 198 1550 240 A
1573 200 1674 232 vum
1709 189 1846 234 1115ῑᾶ1·
1880 201 1991 232 ³¹⁸0ae
2018 189 2114 233 Sine
2140 188 2426 244 operimento,
2451 189 2636 246 parietes
2667 189 2814 246 lignei,

249 274 510 330 porros-itum
535 271 588 314 de
608 259 792 326 pellibtss
808 269 989 336 arietuul
1013 267 1322 325 hyacinthinum
1339 280 1480 323 sup-‘r-

248 345 387 400 posita
420 348 523 386 vero
555 347 679 384 erant
714 341 805 383 haec
836 339 923 382 duo
947 345 1120 393 propter
1150 346 1320 390 aestum,
1340 345 1383 382 et
1406 339 1488 380 im-

247 417 388 459 brium
412 400 701 459 dimisidhem.
734 410 890 454 Multos
924 411 1083 465 itaque,
1105 418 1153 452 ut
1174 411 1233 453 ait
1255 407 1485 463 losephus‚

249 499 396 543 stupor
420 486 601 530 ilabebat
628 485 799 541 alonge
822 483 1122 539 inspicientes;
1159 495 1258 526 nam
1290 482 1485 527 colorem

247 563 341 616 rjus
364 561 407 603 in
432 559 551 602 nullo
573 558 780 613 putabant
800 556 972 599 differre
995 567 1019 598 a
1042 555 1170 600 coelo.

408 625 673 677 cin'Lvm.
704 629 816 682 Quid
840 629 1078 686 fiqurabaut
1100 628 1319 684 pra-dicta.

302 706 346 747 ln
382 706 460 748 hae
482 703 794 759 compositione
822 702 1118 754 tabernaculi,
1153 707 1269 756 patet
1293 699 1425 744 Deum
1447 708 1490 746 et

246 790 331 820 non
373 777 589 820 hominem
629 776 693 819 sic
736 774 1022 830 disposuisse,
1041 777 1159 830 quia,
1190 780 1237 816 ut
1267 774 1327 818 ait
1361 773 1487 820 Iose-

246 852 372 906 phus,
396 849 563 906 singula
589 848 744 892 horum
769 849 822 892 ad
848 848 1032 892 sormam
1059 861 1203 893 rerum
1230 847 1342 894 lacta
1368 862 1488 906 repe·

246 924 343 974 riet,
366 922 402 966 si
425 923 522 979 quis
551 922 716 977 absque
757 920 916 965 invidia
947 921 1050 964 velit
1082 923 1173 966 haec
1197 922 1486 967 considerare.

244 995 446 1037 Abditum
490 993 624 1046 enim,
663 992 778 1048 quod
812 992 894 1036 soli
930 993 1119 1049 pontifici
1154 994 1349 1048 pei-vium
1378 1002 1487 1047 crat,

246 1066 457 1122 figurabat
481 1066 635 1110 coelum
674 1065 777 1119 Deo,
803 1072 845 1109 et
882 1065 1048 1122 angells
1079 1066 1350 1126 attributum.
1376 1067 1487 1112 San-

243 1139 456 1182 ctuarium
479 1151 598 1190 vero,
620 1139 736 1193 quod
764 1141 807 1182 in
829 1138 962 1194 duplo
979 1146 1088 1192 erat,
1114 1144 1289 1193 terram,
1307 1147 1350 1184 et
1370 1153 1489 1186 mare

243 1212 409 1256 cunctis
455 1212 708 1268 gressibilia,
736 1213 847 1257 sicut
911 1220 951 1256 et
992 1213 1060 1256 illa
1103 1227 1204 1270 pars
1244 1217 1489 1262 communis

243 1283 539 1327 sacerdotibus
557 1294 664 1327 emt.
684 1281 890 1338 cortinae,
912 1285 1071 1330 coelum
1092 1286 1338 1342 sidereu1n3
1365 1300 1486 1345 saga,

242 1369 392 1412 aquas,
425 1369 522 1413 quae
560 1364 664 1401 sunt
692 1370 824 1414 super
862 1359 1217 1415 firmamentum;
1255 1363 1392 1417 pelles
1414 1376 1491 1408 ru-

242 1431 431 1483 bricatae,
472 1432 628 1475 coelum
675 1444 924 1490 empyreum
969 1434 1012 1478 in
1051 1446 1140 1490 quo
1178 1442 1280 1479 sunt
1318 1436 1491 1493 arigeli3

243 1504 556 1560 hyacinthinae,
602 1505 758 1549 coeluin
803 1507 1035 1563 superius,
1082 1509 1153 1553 ubi
1198 1510 1312 1555 Deus
1357 1495 1497 1567 super*

241 1579 402 1622 oinnia.
435 1579 593 1623 Tamen
618 1580 659 1623 in
685 1588 871 1637 quatuor
905 1573 1127 1627 coloribus
1148 1585 1359 1639 velorum,
1382 1585 1487 1630 dicit
1514 1590 1518 1595 ’

240 1650 467 1708 issemus,
495 1653 670 1708 [igurari
697 1661 888 1711 quatuor
922 1656 1150 1702 elementa.
1179 1657 1262 1702 Per
1290 1660 1484 1717 byssum,

244 1733 418 1778 terram,
447 1726 545 1782 quia
570 1727 622 1770 de
644 1734 757 1771 terra
778 1735 863 1780 est,
885 1735 930 1774 et
950 1731 1090 1785 primo
1115 1739 1320 1787 terreum,
1344 1740 1388 1778 et
1423 1735 1487 1779 vi-

241 1798 375 1842 ridem
401 1801 588 1843 colorem
612 1800 765 1853 haben
791 1814 868 1857 per
892 1792 1128 1859 purpuram
1151 1818 1286 1860 mare,
1308 1808 1407 1863 quia
1433 1820 1483 1852 cx

240 1873 418 1915 conchis
453 1874 633 1919 marinis
667 1875 870 1932 tingunt-3
894 1888 970 1933 per
991 1878 1290 1935 hyacinthum,
1320 1892 1484 1934 aerem,

240 1941 340 2000 quia
382 1947 423 1988 in
467 1947 611 1992 colore
646 1948 685 1992 ci
726 1949 964 2006 similatum
993 1964 1067 2008 per
1099 1965 1295 2006 coccum,
1324 1954 1485 2012 ignem,

240 2019 340 2073 quia
367 2019 408 2062 in
431 2021 574 2064 colore
599 2022 637 2065 ei
659 2022 950 2079 assimilatum
979 2038 1057 2082 per
1085 2041 1278 2073 mensam
1299 2036 1491 2087 tempus,

240 2090 306 2161 vel
338 2103 498 2135 annum
523 2095 560 2147 ·;
601 2088 676 2149 per
717 2108 867 2152 panes,
907 2098 1134 2144 duodecim
1175 2114 1371 2158 menses;
1410 2117 1487 2161 per

240 2174 444 2207 corenam
470 2173 658 2220 quatuor
698 2169 951 2224 digitorum.
975 2185 1134 2218 annum
1170 2176 1353 2221 solarem
1380 2191 1488 2235 qua-

241 2244 339 2279 tuor
380 2244 648 2294 temporum;
684 2237 760 2296 per
796 2255 1002 2288 coronam
1040 2239 1250 2292 minorem
1273 2283 1284 2303 ,
1324 2264 1484 2296 annium

241 2309 462 2364 lunarem;
488 2324 563 2367 per
587 2320 750 2370 septem
778 2308 987 2362 vlucernas
1027 2322 1293 2375 candelabri,
1321 2334 1483 2382 septem
1508 2334 1540 2379 C

241 2382 460 2438 planetas;
506 2397 582 2441 per
624 2389 892 2445 septuaginta
934 2392 1029 2448 ejtis
1075 2403 1220 2450 partes
1261 2397 1487 2443 decarmo-

242 2456 408 2499 niam‘·
429 2458 725 2516 planetarum;
755 2462 867 2509 sorte
911 2466 1026 2522 quod
1067 2469 1251 2526 quisque
1288 2472 1483 2527 planeta-

242 2540 337 2571 rum
365 2529 493 2575 habet
514 2535 660 2578 decem
697 2536 942 2594 dignitates,
967 2540 1033 2585 vel
1057 2550 1306 2596 potestates.
1347 2536 1486 2600 Quin·

240 2614 326 2657 que
367 2606 584 2649 naturales
619 2615 662 2650 et
702 2610 894 2667 quinque
929 2614 1234 2672 accidentales,
1265 2618 1306 2662 in
1329 2621 1488 2676 quihus

242 2674 511 2730 harmonice,
538 2677 578 2721 id
603 2686 669 2723 est
703 2679 1102 2740 proportionaliter,
1142 2701 1190 2734 se
1229 2689 1404 2747 habent,
1443 2693 1486 2738 in

241 2748 499 2821 candelabro
524 2758 716 2807 notatur;
746 2756 846 2812 quia
868 2770 964 2814 quae
986 2760 1068 2804 sub
1090 2761 1153 2806 cis
1176 2769 1278 2806 sunt
1294 2763 1350 2808 ad
1371 2766 1488 2822 ipsos

239 2820 438 2874 tendunt,
464 2825 505 2867 id
529 2834 594 2869 est
628 2835 773 2874 motus
805 2833 1041 2888 naturales,
1061 2841 1104 2878 ct
1136 2835 1315 2884 effectus
1337 2839 1401 2884 ab'
1422 2842 1489 2887 eis

243 2889 417 2947 babent,
444 2898 558 2953 quod
594 2901 725 2945 ctiam
767 2911 888 2948 notat
925 2916 1104 2952 ornatus
1124 2909 1236 2965 ejus,
1259 2914 1425 2970 scyphi,
1445 2914 1487 2958 id

242 2974 310 3009 est
336 2979 434 3011 vasa
456 2969 655 3027 liquoris,
679 2986 853 3030 aquam,
879 2979 1103 3033 sphaerulae
1136 2982 1269 3026 solem
1304 2986 1490 3041 sphaeri-

242 3040 471 3105 cunuliiia
493 3057 658 3101 aerem,
677 3049 751 3104 qui
775 3041 895 3097 solus
921 3053 1097 3098 vitiatur
1122 3057 1347 3106 odoribus.

289 3115 318 3142 -··
340 3114 512 3162 Additio
531 3114 573 3163 1.
597 3119 672 3165 Est
692 3135 833 3169 annus
856 3124 1094 3182 legitimus,
1117 3137 1183 3174 est
1199 3143 1339 3178 annus
1363 3147 1491 3180 usua-

245 3187 315 3243 lis,
337 3197 401 3233 est
430 3192 472 3237 et
508 3202 649 3239 annus
669 3207 909 3252 emergens.
947 3202 1099 3246 Annus
1123 3203 1341 3259 legitimus
1364 3207 1489 3251 luna-

246 3258 361 3331 tione
385 3259 543 3318 Aprilis
576 3265 809 3323 incipiens:
838 3273 1019 3325 usualis,
1051 3286 1073 3316 a
1100 3273 1304 3322 Kalendis
1324 3277 1488 3323 Janua·

245 3327 390 3415 nuarii
429 3335 675 3393 -inchoans;-
697 3351 970 3399 ·.emergens‚
1016 3347 1203 3402 qualibet
1258 3349 1327 3394 dic
1377 3352 1488 3396 inci·

246 3415 384 3461 piens.
1102 3418 1106 3421 ’

306 3482 338 3498 ”
376 3483 543 3527 Addicto
567 3485 611 3529 2.
647 3487 776 3541 Deca,
810 3490 964 3545 decem,
1004 3505 1043 3537 ct
1073 3494 1315 3550 harmonia,
1342 3497 1383 3541 id
1423 3507 1489 3542 cst

247 3555 484 3598 concordia.
527 3555 972 3619 Inde'dccarmouia,
1011 3566 1051 3610 id
1094 3574 1160 3611 est
1203 3572 1487 3615 consonantia

247 3623 534 3677 planetarum.
561 3635 567 3639 ·
605 3659 608 3662 »

439 3696 542 3743 Car.
571 3699 677 3745 th.
715 3703 772 3747 De
796 3706 930 3750 altari
952 3707 1302 3755 holocaustorum.

308 3768 511 3827 Praecepit
541 3786 713 3831 quoquc
752 3778 957 3826 Dominus
992 3783 1083 3827 fieri
1122 3784 1256 3828 altare
1285 3786 1338 3829 de
1363 3787 1489 3843 lignis

250 3843 374 3884 setim
392 3842 547 3897 (Exod.
582 3849 732 3905 nvn).
759 3851 904 3895 Altarc
932 3853 1014 3896 hoc
1038 3854 1262 3899 dicebatur
1284 3856 1491 3901 holocau-

250 3917 320 3966 sti,
362 3917 428 3959 vel
463 3918 831 3975 holocaustorum,
876 3925 942 3967 vel
977 3925 1414 3982 holocaustomatum,
1449 3938 1491 3975 et

250 3997 394 4041 posset
437 3989 520 4033 dici
556 3994 898 4049 sacrificiorum,
941 3998 1016 4042 s‘ed
1051 4012 1074 4042 a
1110 4001 1296 4054 digniori
1331 4015 1488 4047 nomen

249 4061 428 4114 accepit.
460 4061 561 4106 Erat
595 4074 737 4110 autem
778 4070 819 4112 in
863 4070 1145 4127 longitudine,
1186 4079 1228 4116 et
1265 4074 1492 4119 latitudine

252 4134 444 4189 quinque
467 4137 710 4183 cubitorum
748 4142 911 4186 seilicet
944 4144 1171 4199 quadrum,
1203 4153 1244 4189 et
1267 4147 1492 4191 altitudine

252 4206 399 4258 trium,
421 4210 505 4261 cui,
531 4216 731 4267 tanquam
754 4214 882 4257 nimis
906 4218 1008 4267 aito,
1029 4215 1080 4259 ad
1100 4217 1250 4260 horam
1268 4219 1488 4263 ministra·

252 4278 383 4322 tionis
408 4281 566 4336 aliquid
588 4287 902 4341 apponebatur,
928 4289 971 4331 iu
998 4301 1084 4345 quo
1108 4297 1240 4334 staret
1274 4291 1486 4346 minister,

253 4352 384 4404 quod,
403 4353 572 4407 impleta
597 4357 924 4410 ministratione,
947 4361 1187 4404 tollebatur.
1211 4363 1354 4406 Altarc
1374 4364 1488 4406 enim

257 4424 412 4477 gradus
445 4428 599 4471 hahere
635 4430 733 4473 alibi
759 4432 1026 4487 prohibetur.
1053 4433 1155 4478 Erat
1179 4439 1291 4478 enim
1327 4448 1487 4480 conca-

1570 261 1645 306 sed
1683 260 1819 317 operti
1851 268 1976 305 erant
1999 273 2083 306 aere
2105 262 2240 314 intus,
2260 272 2302 306 ct
2341 269 2480 314 extra,
2503 261 2602 306 licet
2629 262 2695 306 uri
2727 274 2816 308 non

1569 342 1761 391 possent,
1808 336 1919 380 sieut
1966 323 2045 380 nec
2083 335 2265 402 antiton,
2307 335 2377 384 vel
2421 335 2584 392 tignum
2617 334 2818 391 Paradtai
2858 355 2859 358 ¹
2905 327 2914 362 ἶ

1569 407 1804 470 quodlibet,
1823 408 1936 463 quod
1957 408 2118 451 urendo
2138 406 2182 451 fit
2201 409 2406 453 mundius
2429 420 2559 462 ,area
2597 408 2708 464 eius,
2729 408 2820 455 sive

1570 482 1690 526 arula
1713 493 1824 526 terea
1848 489 1956 535 erat,
1986 487 2189 537 tanquam
2216 481 2378 525 fundus
2400 494 2512 526 arcae
2533 494 2664 536 super
2686 493 2823 538 quam

1570 553 1700 597 fiebat
1721 553 1848 610 ignis,
1874 554 1947 609 qui
1982 565 2059 609 per
2087 552 2339 607 fenestram,
2363 565 2459 609 quae
2492 561 2585 598 crat
2608 553 2656 601 in
2679 553 2822 602 ,latum

1570 626 1769 671 orientali
1801 625 2118 682 imponebatur.
2141 626 2186 668 In
2220 635 2407 682 quatuor
2426 626 2596 683 angulis
2621 626 2819 683 superio·
2857 642 2859 647 ·

1571 700 1693 743 ribus
1735 705 1859 742 erant
1903 705 2028 742 extra
2073 705 2261 754 quatuor
2304 709 2484 742 recurva
2526 710 2724 752 cornua,
2773 696 2820 743 in

1570 773 1728 831 quibus
1767 780 1958 828 quatuor
1996 779 2160 815 catenae
2197 771 2371 815 annulis
2409 770 2729 825 inserebantur,
2769 770 2823 815 de

1570 846 1730 902 quibus
1752 845 1996 902 dependens
2021 844 2227 889 craticula
2262 856 2391 897 aerea,
2421 843 2464 887 in
2502 844 2680 887 modum
2716 843 2823 893 retis

1571 919 1701 973 facta,
1733 930 1869 975 usque
1888 917 1943 962 ad
1968 917 2162 962 medium
2196 917 2346 962 altaris
2369 916 2487 965 intus
2517 915 2819 972 descendebat,

1570 1007 1701 1050 super
1722 1005 1853 1050 quam
1872 992 2103 1037 cremanda
2121 991 2165 1035 in
2185 992 2360 1037 odorem
2387 989 2572 1035 Domino
2594 989 2818 1047 poneban-

1571 1076 1659 1122 tur,
1678 1080 1776 1124 qutc
1795 1067 1915 1124 ¹ignis
1935 1079 2012 1123 per
2033 1066 2221 1112 circulos
2246 1065 2466 1110 craticulae
2487 1063 2731 1110 ascendens
2763 1062 2823 1109 de

1570 1142 1692 1186 arula
1731 1141 2029 1187 consumebat.
2063 1139 2192 1185 Circa
2228 1139 2411 1196 angulos
2448 1149 2553 1184 vero
2590 1136 2823 1183 interiores

1571 1223 1756 1273 quatuor
1795 1222 1918 1258 crant
1956 1213 2104 1257 annuli
2145 1213 2263 1267 aerei,
2302 1213 2532 1270 inquibus
2555 1219 2696 1258 vectes
2739 1211 2823 1255 im·
2854 1247 2855 1251 ,

1568 1289 1837 1345 ponebantur
1855 1285 2053 1343 delignis
2076 1287 2202 1334 setim
2220 1285 2359 1343 operti
2377 1298 2462 1331 :cre
2485 1285 2538 1331 ad
2561 1284 2820 1347 portandum

1569 1357 1806 1408 altare-De
1832 1362 2087 1414 hoctamen
2104 1360 2259 1421 .1.Rl.¹²¹,¹'i2
2286 1367 2329 1406 ct
2360 1359 2568 1410 craticula
2605 1359 2701 1416 ejus
2725 1372 2822 1404 am·

1567 1437 1755 1494 biguitas
1792 1444 1873 1490 est,
1916 1449 2001 1480 uon
2043 1436 2471 1490 solumiutcr-nos,
2500 1447 2652 1481 verum
2691 1435 2822 1498 etiam
2859 1452 2866 1479 2
2911 1465 2914 1470 ι

1567 1509 1681 1555 inter
1716 1509 1959 1564 nebi-aios...
1977 1509 2190 1566 praecipue
2220 1522 2320 1554 cum
2358 1507 2580 1555 Hebraica‘
2603 1509 2762 1554 veritas
2795 1521 2820 1555 a
2856 1550 2858 1555 ,
2907 1551 2909 1554 .

1569 1592 1717 1630 nostra
1767 1583 2051 1629 translatione
2093 1582 2155 1627 nil
2195 1583 2443 1639 discrepare
2479 1581 2691 1628 videatur.
2732 1582 2822 1628 Nos
2862 1579 2865 1581 ’

1567 1659 1742 1717 quidem
1777 1659 1841 1703 sic
1863 1657 2076 1702 habemus
2101 1671 2112 1700 z
2142 1672 2158 1699 ι
2185 1655 2340 1704 Facies
2359 1657 2613 1709 craticulam
2649 1657 2693 1701 in
2728 1670 2823 1702 mo·
2859 1659 2862 1662 ’

1566 1732 1669 1777 dum
1693 1731 1797 1775 retis
1819 1742 2002 1784 aeneam,
2026 1741 2104 1786 per
2124 1727 2252 1786 cuius
2273 1737 2464 1785 quatuor
2486 1730 2670 1787 angulos
2693 1731 2825 1776 erunt

1568 1803 1714 1848 annuli
1754 1802 1890 1853 aenei,
1915 1813 2028 1858 quos
2060 1813 2195 1857 pones
2229 1801 2412 1846 subter‘
2440 1802 2606 1847 arulam
2645 1801 2814 1854 altaris.
2856 1800 2862 1810 ³
2912 1807 2913 1810 ’

1566 1875 1965 1941 eritquecraticula
1988 1875 2138 1931 'usque
2170 1875 2222 1918 ad
2260 1874 2411 1920 altaris
2446 1876 2650 1922 medium.
2682 1890 2698 1918 ι
2736 1874 2821 1921 He-
2843 1876 2863 1938 ῥ’

1566 1948 1710 1995 braeus
1731 1959 1848 1994 ‘vero
1882 1948 1949 1995 sic
1985 1947 2129 1996 habet.
2168 1946 2320 1994 Facies
2359 1949 2400 1993 ei
2436 1948 2626 2003 michar.
2666 1950 2710 1995 id
2754 1958 2823 1995 cst
2855 1983 2862 1987 -

1566 2021 1836 2074 craticulam,
1876 2018 2109 2065 fracturam
2154 2019 2259 2063 retis
2298 2020 2432 2073 aenei,
2474 2027 2518 2064 et
2556 2033 2688 2078 super
2725 2030 2817 2068 rete
2872 2079 2873 2089 γ

1568 2091 1761 2154 quatuor
1782 2092 1969 2138 annulos
1990 2104 2150 2146 aencos,
2175 2099 2218 2136 et
2237 2092 2370 2136 dabis
2386 2093 2503 2138 illam
2527 2092 2709 2138 fundum
2733 2094 2820 2148 ara}

1568 2168 1622 2214 dc
1659 2168 1831 2222 subtus,
1848 2167 2018 2223 eritque
2055 2172 2145 2210 rete
2182 2178 2319 2222 usque
2344 2166 2396 2210 ad
2426 2166 2576 2211 altaris
2611 2167 2816 2216 medium.

1567 2240 1783 2298 «losephus
1812 2247 1954 2284 autem
1980 2238 2075 2283 sic:
2111 2237 2191 2283 Cui
2216 2239 2392 2284 suberat
2413 2240 2618 2285 craticula
2655 2241 2699 2285 in
2723 2254 2819 2286 mo-

1569 2314 1671 2357 dum
1713 2312 2021 2372 retiaculorum
2059 2310 2188 2356 sacta.
2236 2310 2510 2367 suscipiebat
2551 2312 2666 2356 enim
2705 2319 2818 2359 terra
2866 2342 2867 2347 =

1570 2388 1728 2445 ignem,
1751 2386 1828 2442 qui
1848 2385 1903 2430 de
1930 2385 2139 2430 craticula
2176 2384 2422 2440 serebatur3
2449 2385 2552 2443 quia
2582 2385 2710 2430 bases
2734 2398 2819 2432 non

1569 2468 1694 2506 erant
1716 2460 1754 2504 ci
1794 2459 2015 2516 subiectae.
2052 2458 2341 2503 Cassiodorus
2381 2467 2522 2504 tamen
2563 2465 2738 2505 senator
2775 2459 2821 2505 in

1569 2534 1753 2592 pictura,
1779 2545 1908 2591 quam
1933 2532 2046 2586 l'ccit,
2067 2532 2193 2588 cuius
2213 2532 2256 2576 in
2275 2531 2823 2589 Expositionepsalmorum

1570 2610 1802 2663 meminit,
1833 2614 2020 2665 quatuor
2058 2606 2190 2663 pedes
2231 2606 2274 2649 in
2314 2612 2498 2661 utroque
2534 2604 2657 2650 altari
2697 2604 2817 2650 fecit.

1568 2682 1757 2727 Proinde
1777 2682 1950 2726 ridetur
1985 2681 2246 2739 quibusdam
2283 2691 2368 2724 non
2415 2678 2648 2735 superponi
2685 2678 2850 2725 crati·-
2903 2726 2907 2737 ,

1569 2757 1678 2801 culae
1700 2767 1854 2800 carnes
1891 2754 2126 2806 assandas,
2152 2751 2228 2798 scd
2254 2751 2387 2797 fuisse
2418 2752 2543 2808 quasi
2567 2763 2644 2795 vas
2676 2750 2819 2810 quod-

1569 2830 1733 2875 damin
1759 2841 1846 2886 quo
1878 2827 2046 2873 sederet
2075 2827 2227 2879 altare,
2247 2825 2372 2882 cujus
2404 2825 2614 2882 parietum
2638 2823 2820 2875 altitudo
2864 2837 2871 2858 ³

1570 2903 1706 2947 altare
1740 2902 1955 2956 ambiens,
1988 2913 2126 2957 usque
2158 2900 2212 2945 ad
2246 2901 2437 2944 medium
2475 2898 2626 2944 altaris
2651 2898 2824 2944 elevata

1569 2984 1699 3029 esset,
1747 2977 1791 3019 in
1840 2974 1966 3031 cujtts
2010 2973 2181 3030 angulis
2226 2986 2399 3017 sursum
2440 2980 2626 3030 quatuor
2669 2971 2825 3017 annuli.
2865 3034 2869 3040 .

1569 3049 1829 3106 pendebant,
1867 3060 1943 3104 per
1981 3060 2091 3105 quos
2116 3046 2310 3091 vectibus
2347 3045 2540 3097 insertis,
2567 3045 2703 3089 altare
2736 3044 2817 3101 ipsi
2865 3047 2869 3086 “.

2861 2499 2873 2724 ννοᾼᾊμύ
2864 2427 2873 2479 34⁴.

2869 2390 2873 2415 l

2863 2736 2872 2766 ο,

2864 2822 2870 2835 0

2864 2887 2870 3016 i
2910 3007 2913 3010 ,

2865 3090 2869 3122 l

1571 3121 1782 3175 insidens,
1806 3127 2069 3178 portaretur.
2099 3119 2245 3164 Altare
2267 3119 2383 3162 enim
2412 3130 2496 3161 non
2522 3117 2677 3175 legitur
2709 3117 2818 3162 alios
2855 3138 2869 3179 g
2904 3175 2905 3178 Ἴ

1571 3197 1755 3239 annulos
1777 3195 1996 3239 habuisse.
2026 3192 2107 3238 Sed
2143 3200 2285 3236 utrum
2315 3198 2559 3248 separatum
2591 3197 2705 3235 esset
2737 3190 2818 3235 hoc
2867 3197 2868 3202 ’

1571 3273 1646 3314 ras
1683 3270 1957 3314 reticulatum
1991 3269 2048 3312 ab
2077 3267 2223 3319 altari,
2267 3267 2325 3310 ita
2367 3273 2413 3310 ut
2449 3265 2642 3310 amoveri
2673 3270 2819 3320 posset

1571 3345 1705 3387 altare
1735 3343 1790 3386 ab
1822 3354 1874 3386 eo
1896 3354 1995 3386 cum
2026 3341 2199 3394 vellent,
2220 3340 2274 3383 'et
2305 3351 2436 3395 super
2470 3336 2649 3394 imponi,
2680 3349 2734 3380 an
2763 3335 2817 3380 de

1571 3415 1681 3470 ipso:
1702 3414 1827 3458 altari
1862 3426 1992 3469 opere
2031 3412 2148 3456 fusili
2187 3414 2244 3455 ita
2281 3409 2563 3456 fabrefactum
2605 3416 2733 3463 esset,
2770 3415 2814 3455 ut

1569 3488 1695 3543 quasi
1729 3487 1974 3544 oppositum
2009 3486 2239 3536 videretur,
2280 3483 2528 3540 ambiguum
2559 3490 2643 3526 est.
2678 3481 2816 3538 Super

1569 3560 1736 3604 arulam
1756 3571 1858 3603 vero
1892 3559 2056 3612 altaris,
2083 3570 2214 3614 quam
2248 3558 2288 3600 in
2320 3556 2462 3600 medio
2499 3555 2595 3612 cius
2629 3555 2814 3612 positam
2847 3605 2852 3613 ¹

1569 3625 1740 3684 dicunt,
1761 3643 1837 3688 per
1868 3630 2100 3674 fenestram
2130 3630 2184 3673 ab
2211 3629 2385 3673 oriente·
2404 3635 2566 3672 struem
2600 3627 2813 3684 lignorum

1570 3712 1787 3758 asserunt,
1819 3712 1862 3748 et
1896 3717 2026 3760 super
2050 3705 2163 3760 ligna
2202 3715 2355 3747 carnes
2391 3701 2552 3757 imponi
2586 3700 2813 3744 assandas.

1574 3778 1648 3822 Vel
1685 3791 1768 3822 non
1790 3785 1880 3821 crat
1903 3777 1959 3822 ibi
1981 3777 2122 3829 arula,
2144 3776 2216 3820 scd
2239 3787 2369 3831 super
2387 3772 2641 3818 craticulam
2664 3784 2815 3828 super·

1570 3853 1754 3910 positam
1793 3854 1922 3896 tiebat
1958 3852 2088 3908 ignis,
2119 3851 2234 3905 quod
2262 3850 2368 3892 velle
2389 3847 2559 3892 videtur
2596 3843 2814 3901 losephus

1570 3929 1613 3970 in
1652 3926 1866 3982 praedictis
1894 3926 2048 3969 verbis.
2088 3924 2195 3968 Aliis
2234 3923 2419 3974 videtur,
2449 3931 2527 3964 nec
2565 3919 2812 3974 operimen-

1570 4007 1691 4053 tum,
1735 4011 1814 4043 nec
1853 3998 2033 4042 fundum
2073 3999 2214 4052 ipsum
2252 3995 2480 4047 habuisse,
2514 3991 2588 4036 sed
2629 3989 2819 4046 parietes
2854 4037 2863 4056 ο

1571 4079 1737 4115 tantum
1784 4077 1898 4114 terra
1940 4069 2128 4125 repleri,
2171 4066 2408 4111 secundum
2445 4063 2560 4121 quod
2602 4062 2812 4106 Dominus
2858 4113 2863 4134 a

1570 4143 1709 4187 dixit:
1744 4157 1759 4183 ι
1790 4142 1934 4185 Altare
1971 4142 2024 4184 de
2059 4148 2172 4185 terra
2208 4138 2374 4182 facietis
2405 4137 2528 4190 mihi,
2559 4150 2576 4177 ο
2606 4135 2649 4178 in
2687 4134 2817 4187 cujus
2860 4172 2861 4178 ,

1571 4229 1669 4260 arca
1695 4216 1905 4271 superiori
1931 4215 2058 4259 {lebet
2082 4213 2210 4270 ignis,
2244 4213 2316 4255 ubi
2349 4209 2580 4254 cremanda
2614 4207 2816 4262 impone-

1569 4291 1743 4334 bantur.
1783 4289 1838 4332 Et
1876 4289 1929 4332 de
1975 4286 2181 4333 craticula
2222 4285 2349 4329 altari
2390 4282 2658 4340 superposita
2699 4280 2812 4323 idem

1570 4359 1761 4402 sentiunt
1777 4360 1826 4401 ⁶⁶.
1842 4358 1972 4402 Arula
2002 4369 2106 4401 vero
2131 4357 2279 4400 subter
2297 4366 2427 4410 quam
2443 4353 2650 4399 craticula
2673 4351 2813 4406 posita
2859 4368 2860 4374 ¹

1572 4433 1744 4489 legitur,
1793 4431 1994 4476 Heium-us
2036 4429 2287 4473 arunculam
2328 4432 2480 4482 vocat,
2519 4425 2583 4468 vel
2626 4425 2809 4475 sulcum,

2917 4281 2924 4310 .—
