2924 4588
254 127 360 176 12⁰5

1251 134 1414 179 PETRI
1445 135 1796 180 COMESToms

2701 118 2851 186 itot·”

248 224 309 268 ait
331 223 636 290 Hieronymus,
655 226 950 279 praenuntians
988 226 1106 271 dedit
1132 228 1338 284 signum:-
1361 245 1374 270 ι
1400 229 1483 272 Ve-
1505 231 1539 276 A
1563 229 1659 271 vius
1676 228 1827 279 Proca,
1848 233 1944 285 post
1961 240 2090 285 quem
2111 228 2308 274 decimus
2331 228 2510 285 quintus
2537 241 2610 274 rex
2630 229 2811 275 Latino·

246 298 336 341 niet
361 297 570 345 Dominu·
605 299 646 341 in
684 304 814 348 terra,
853 298 963 342 sicut
988 312 1193 354 quercus,
1215 307 1310 357 quae
1339 308 1405 345 est
1441 302 1486 345 in

247 368 352 421 Silo,
382 386 396 411 ι
422 379 523 421 etc„
546 370 658 424 quod
694 383 784 420 no·
811 371 1035 427 legitur-in
1057 372 1278 430 Scriptura
1298 375 1392 428 ejus
1418 385 1487 417 se·

247 442 435 485 cundum
468 443 702 486 editionem
740 449 949 487 nostram.
977 443 1105 489 Forte
1124 448 1238 502 quod
1276 447 1487 505 Hierony-

244 526 342 557 mus
365 514 477 556 dixit-
497 515 684 570 sigmm,
705 515 787 559 hoc
805 516 1072 573 Epiphanius
1093 519 1200 562 dixit
1220 520 1484 578 prodigium,

243 587 392 631 dicens
416 588 468 630 de
491 587 627 632 Osee:
663 603 676 629 ι
702 588 754 632 Ει
778 588 894 634 dedit
918 591 1178 648 prodigium,
1202 593 1381 638 dicens:
1402 592 1486 638 Ve-

244 659 334 702 niet
356 659 400 702 in
443 666 558 703 terra
595 659 823 715 Dominus,
856 663 971 707 sieut
1004 676 1210 720 quercus,
1232 677 1330 721 quaa
1351 667 1486 710 estin

243 732 334 775 Silo
356 745 454 776 cum
480 746 531 778 ex
563 736 796 791 semetipsa
818 736 863 780 in
886 736 1111 781 duodecim
1142 737 1272 782 suerit
1306 728 1482 795 partita,

241 809 283 849 et
308 803 431 848 factae
454 804 630 849 suerunt
659 819 711 852 ex
735 821 788 852 ea
813 809 988 853 totidem
1019 811 1228 867 quercus,
1250 822 1267 854 ι’
1292 811 1486 868 Prophe-

241 875 347 918 tavit
369 883 512 920 autem
535 884 689 922 contra
710 880 857 923 decem
880 881 1035 933 tribus,
1061 890 1199 938 pauca
1224 883 1278 927 de
1313 883 1485 928 duabus

240 949 437 1006 loquens.
462 950 513 994 Et
537 954 835 1008 pronuntiavit
854 954 1138 999 historialiter
1156 955 1329 1003 Iudaeos
1347 957 1391 1001 in
1419 955 1485 1001 ul·

238 1022 344 1066 timo
368 1029 562 1080 tempore
590 1026 642 1069 ad
663 1026 883 1071 Christum
907 1028 1142 1074 redituros.
1163 1026 1357 1074 Tertium
1382 1043 1486 1087 quo-

238 1107 322 1150 que
359 1096 473 1139 diem
512 1097 748 1144 Dominicae
788 1102 1124 1148 resurrectionis
1163 1104 1375 1159 praedixit.
1403 1104 1484 1150 Hic

237 1167 280 1210 in
306 1171 417 1211 terra
445 1181 523 1213 sua
548 1173 743 1227 sepultus
773 1173 942 1229 placida
963 1176 1111 1232 quiete
1139 1177 1358 1223 dormivit.
1393 1176 1483 1222 Sub

235 1242 399 1287 &saleni
436 1241 608 1301 quoque
647 1249 917 1304 prophetavit
953 1249 1046 1294 Joet
1085 1251 1290 1296 detribu
1327 1251 1480 1298 Ruhcn

236 1321 365 1360 natus
389 1317 430 1360 in
455 1331 559 1373 agro
580 1318 811 1372 Bethoron,
838 1322 910 1377 qni
936 1321 1166 1379 descripsit
1193 1329 1353 1368 terram
1378 1326 1482 1370 dua-

234 1399 331 1435 rum
357 1391 548 1434 tribuum
587 1405 736 1444 eruco,
774 1395 955 1446 ln·‚uch0
997 1396 1164 1441 locusta
1201 1404 1244 1442 et
1281 1399 1480 1455 rubigine

233 1453 489 1509 vastandam
536 1465 646 1523 (Joel
682 1468 731 1524 ι).
771 1467 973 1512 Pradixit
1010 1482 1184 1528 quoque
1225 1465 1478 1518 effusionem

235 1539 373 1582 sancti
401 1537 588 1595 Spiritus
612 1540 802 1584 suturam
831 1555 962 1598 super
984 1556 1131 1589 servos
1156 1544 1245 1597 Dei,
1274 1552 1316 1591 et
1340 1547 1479 1591 ancil·-

232 1609 315 1663 lati,
345 1613 458 1666 quod
483 1612 641 1656 sactum
668 1621 734 1658 est
758 1614 799 1656 in
826 1614 894 1670 die
916 1615 1210 1664 pentecostes.
1237 1618 1315 1663 Hie
1339 1620 1381 1663 in
1407 1620 1480 1663 Be-

233 1680 390 1725 thoron
410 1684 452 1726 in
476 1684 580 1739 pace
601 1693 798 1731 mortuus
821 1695 886 1732 est
909 1695 950 1733 et
971 1677 1183 1744 sepultus.
1206 1689 1296 1734 Sub
1315 1690 1478 1736 eisdem

232 1754 409 1810 regibus
455 1759 727 1815 prophetavit
764 1761 923 1806 Abdias
940 1796 951 1814 ,
996 1770 1043 1805 ut
1081 1763 1257 1819 quidam
1301 1764 1482 1808 tradunt

232 1827 359 1886 (Aba.
387 1831 443 1887 1);
471 1833 546 1877 sed
573 1834 814 1877 secundum
839 1834 1044 1879 llebraeos
1069 1838 1214 1881 verius
1236 1845 1320 1888 est,
1360 1832 1478 1895 {Quod

233 1909 333 1948 ante
353 1916 427 1948 eos
451 1895 804 1962 prophetaverit:
826 1921 926 1951 nam
951 1915 1150 1954 mortuus
1179 1917 1246 1955 est
1268 1918 1367 1955 ante
1390 1911 1482 1956 Eli·

231 1990 380 2023 saeum,
401 1977 568 2023 Relicta
589 1980 704 2024 enim
728 1993 838 2024 uxor
855 1982 949 2038 ejus
973 1996 1050 2038 per
1067 1986 1296 2028 consilium
1316 1985 1476 2041 Elisaei,

231 2046 514 2097 liberatavest‘
547 2066 571 2097 a
609 2054 914 2108 creditoribus,
949 2058 1046 2102 oleo
1078 2059 1474 2114 superabundante.

230 2121 330 2169 Fuit
365 2130 508 2169 autem
547 2125 601 2170 de
642 2135 758 2171 terra
793 2126 963 2173 Sichem
993 2129 1046 2174 de
1086 2141 1190 2187 agro
1226 2130 1474 2178 Bethaniar.

229 2196 638 2256 Quinquagenarius
671 2202 785 2246 enim
808 2203 1000 2256 ille-suit,
1027 2205 1096 2249 cui
1124 2205 1317 2262 pepercit
1341 2208 1474 2262 Elias,

228 2271 306 2328 qui
329 2272 484 2318 relicto
521 2274 731 2332 obsequio
768 2277 902 2333 regis,
927 2277 1032 2323 Eiiae
1070 2279 1309 2337 discipulus
1335 2281 1476 2329 l'act-us

230 2351 312 2389 est
345 2343 480 2402 Cuius
520 2349 783 2405 sepulcrum,
821 2363 956 2406 usque
984 2351 1108 2394 bodie
1132 2364 1228 2395 cum
1254 2354 1476 2399 mausoleo
1498 2371 1532 2417 (2

229 2416 661 2470 Ensaei,et10annis
686 2421 918 2477 Baptista}
911 2437 951 2465 m
980 2422 1161 2468 Sebaste
1197 2424 1491 2471 venenatione

230 2489 433 2536 habetur.
486 2491 576 2535 Sub
613 2491 843 2538 Jeroboam
891 2508 990 2554 rege
1030 2494 1166 2540 lsrael
1203 2497 1481 2553 prophetavit

228 2560 362 2609 Jonas
397 2564 512 2610 iilius
550 2566 690 2610 viduae
722 2565 986 2625 Sareptanae,
1022 2569 1094 2626 qui
1119 2576 1219 2626 post
1239 2570 1424 2615 reditum
1450 2582 1478 2616 a

229 2634 400 2690 Ninive,
425 2643 618 2694 tempore
657 2639 799 2695 samis,
838 2649 1061 2699 assumpta
1094 2650 1248 2697 mat-re,
1282 2647 1474 2703 gentium

229 2709 370 2754 incola
394 2703 537 2755 sactus
561 2718 643 2756 est.
670 2711 778 2756 Nam
801 2719 843 2758 et
861 2715 1148 2760 erubescebat
1168 2728 1265 2762 esse
1291 2720 1333 2761 in
1359 2717 1475 2762 terra

228 2796 323 2836 sua,
349 2785 528 2830 dicens·
553 2783 624 2830 Sic
658 2787 878 2832 auferetur
914 2791 1193 2846 opprobrium
1229 2804 1390 2844 meum,
1423 2804 1475 2837 eo

228 2857 342 2915 quod
368 2859 630 2926 prophetans
665 2867 831 2905 contra
845 2861 1040 2907 Ninivem
1066 2865 1249 2908 mendax
1274 2872 1476 2923 repertus

227 2945 325 2984 sum
365 2922 583 2991 (Jon.1v).
621 2933 720 2987 Qui,
763 2940 982 2980 transacta
1013 2932 1144 2989 same,
1171 2938 1328 2982 redut
1320 2951 1363 2983 tn
1386 2947 1475 2986 ter-

228 3017 320 3049 ram
345 3004 472 3058 Juda,
498 3014 540 3050 et
564 3006 767 3050 defuncta
791 3014 858 3052 est
881 3014 1021 3052 mater
1038 3009 1162 3065 -ejus,
1199 3017 1242 3054 et
1277 3011 1475 3068 sepelivit

228 3090 322 3122 eam
342 3079 466 3135 Juxta
491 3080 689 3126 balneum
717 3080 956 3129 Delborae'.
986 3083 1062 3127 liic
1085 3085 1280 3141 praedixit
1302 3088 1473 3142 siguum

226 3152 470 3200 eversionis
493 3152 751 3208 Jerusalem,
777 3155 893 3212 qnod
926 3169 1025 3199 cum
1059 3157 1254 3203 viderent
1287 3159 1472 3215 lapidem

227 3221 423 3269 luctuose
450 3225 723 3277 clamantem,
765 3240 898 3283 prope
935 3228 990 3272 sit
1032 3228 1146 3279 linis,
1169 3238 1211 3274 et
1234 3243 1330 3275 cum
1358 3234 1475 3278 vide-

227 3295 314 3339 rint
351 3298 396 3341 in
431 3296 671 3343 Jerusalem
697 3306 848 3356 gentes
871 3302 1114 3356 universas,
1146 3309 1250 3347 tunc
1286 3310 1375 3350 tota
1400 3307 1474 3351 illa

226 3369 381 3414 civitas
397 3372 793 3430 irrecuperabiliter
813 3381 1081 3419 everteretur
1122 3376 1317 3424 Mortuus
1342 3386 1408 3426 est
1429 3388 1473 3426 et

1566 312 1661 347 rum
1686 299 1846 350 Silvius
1871 301 2084 346 Amulitts.

1620 374 1722 418 Car.
1754 372 1884 418 xxn.
1923 374 1978 417 De
2001 373 2228 426 Zacharia,
2254 374 2429 426 Selium,
2452 383 2492 419 et
2526 376 2748 423 manahen.

1625 459 1639 485 ι
1661 443 1786 488 Anno
1814 447 2035 490 tricesimo
2059 454 2214 491 octavo
2237 445 2352 506 Oziae
2372 448 2487 505 regis
2509 447 2630 494 Judae
2651 463 2818 506 regna-⁶v
2858 448 2862 487 ἑ

1563 518 1626 562 vit
1654 516 1904 570 Zacharias,
1949 518 2064 563 iilius
2101 518 2358 580 Jerobeam,
2401 533 2532 576 super
2565 520 2698 567 lsrael
2733 534 2814 568 sex·
2847 523 2855 541 '⁷

1564 585 1806 637 mensibus}
1845 591 1928 645 Qui
1963 593 2066 637 iecit
2099 594 2263 637 malum
2286 602 2439 650 ‚eoram
2469 594 2667 647 Domino,
2697 596 2811 641 sicut
2857 587 2873 661 ’ἱ

1564 672 1711 723 patres
1733 668 1846 723 ejus,
1874 676 1916 713 et
1949 669 2167 725 percussit
2189 681 2304 714 eum
2323 670 2462 727 palam
2491 670 2669 726 Selium,
2694 673 2810 720 tilius

1563 737 1710 790 labes,
1725 747 1766 783 et
1788 743 1982 796 regnavit
1999 752 2076 795 pro
2099 740 2253 796 eo(1V
2274 740 2372 796 Ray.
2395 746 2522 798 ιω.)
2551 742 2602 786 Et
2625 744 2812 790 transii-⁵
2859 733 2862 753 ³

1566 815 1656 852 tum
1686 817 1753 853 est
1788 823 1967 868 regnum
2002 811 2133 856 lsrael
2168 812 2232 862 de,
2256 813 2386 857 domo
2406 811 2516 856 Jehu
2549 814 2591 857 in
2629 826 2811 870 genera·-

1564 884 1681 928 tione
1708 891 1878 939 quarta,
1910 884 2035 940 juxta
2068 886 2246 930 verbum
2274 885 2460 937 Domini,
2497 895 2534 930 et
2575 902 2590 928 ι
2615 888 2811 945 regnavit
2859 879 2873 907 '²

1567 954 1729 1000 Selium
1754 967 1842 1001 uno
1866 969 2016 1002 mense
2049 959 2092 1002 in
2124 957 2336 1003 Samaria.
2366 958 2473 1003 Nam
2513 960 2741 1013 Manahen,
2759 960 2812 1004 ssa
2855 963 2870 971 '⁴

1564 1029 1650 1074 lius
1678 1028 1817 1074 Gaddi
1855 1031 1908 1075 de
1931 1030 2112 1083 Ther-sa,
2144 1032 2358 1087 percussit
2381 1045 2480 1076 eum
2517 1033 2562 1076 in
2595 1033 2807 1085 Samaria,

1563 1108 1607 1147 et
1630 1103 1825 1159 regnavit
1854 1116 1932 1159 pro
1954 1116 2023 1148 eo.
2048 1104 2130 1157 Qui
2157 1100 2374 1161 percussit
2395 1106 2628 1162 Thapsum,
2648 1112 2694 1152 et
2727 1111 2812 1151 ter-

1565 1178 1708 1223 minos
1726 1177 1840 1234 eius,
1862 1190 1915 1221 eo
1938 1178 2051 1234 quod
2075 1179 2280 1222 concives
2301 1179 2367 1223 sui
2393 1180 2619 1223 noluerant
2642 1179 2811 1235 aperire
2870 1179 2874 1183 ’

1563 1251 1619 1294 ei.
1645 1249 1770 1293 Anno
1791 1250 2014 1295 tricesimo
2048 1262 2165 1294 nono
2190 1250 2304 1294 Oziae
2340 1250 2454 1307 regis
2482 1250 2592 1294 Juda
2615 1251 2810 1311 regnavit

1564 1319 1777 1363 Manahen
1808 1332 1940 1376 super
1974 1319 2105 1365 lsrael
2142 1320 2290 1365 decem
2327 1320 2471 1373 annis,
2498 1329 2540 1366 et
2573 1323 2810 1366 ambulavit

1562 1394 1608 1437 in
1631 1395 1714 1438 viis
1739 1393 1987 1440 Jeroboam.
2011 1394 2058 1438 ln
2081 1395 2235 1439 diebus
2257 1396 2353 1449 ejus
2376 1396 2572 1440 ascendit
2593 1396 2701 1440 Phul
2731 1408 2810 1441 rex

1564 1468 1839 1525 Assyriorum
1866 1469 1910 1513 in
1932 1467 2166 1526 Thapsam,
2193 1476 2235 1512 et
2257 1468 2374 1512 dedit
2396 1469 2436 1513 ei
2459 1469 2670 1514 Manahen
2693 1470 2810 1514 mille

1562 1540 1722 1582 talenta
1761 1541 1946 1595 argenti,
1973 1546 2020 1583 ut
2053 1541 2275 1585 rec-ederet
2307 1541 2362 1584 ab
2385 1552 2453 1593 eo,
2477 1547 2521 1585 et
2541 1543 2669 1586 etiam
2692 1548 2811 1587 esset

1560 1613 1601 1658 ei
1625 1614 1670 1657 in
1695 1615 1921 1659 auxilium.
1952 1614 2147 1672 Sumpsit
2182 1623 2326 1660 antem
2352 1615 2564 1661 Manahen
2594 1618 2828 1674 quinqua-2·

1560 1686 1680 1742 ginta
1721 1687 1855 1731 siclos
1891 1689 2058 1742 argenti
2097 1699 2120 1730 a
2158 1688 2480 1743 potentatibus,
2519 1697 2563 1733 et
2599 1690 2808 1736 divitibus

1561 1767 1687 1803 terrae
1723 1771 1800 1816 per
1838 1761 2050 1815 singulos.
2079 1775 2093 1802 »
2126 1759 2243 1805 lnter
2280 1761 2373 1806 hacc
2414 1775 2592 1806 munera
2633 1763 2807 1807 tradunt

1560 1831 1747 1885 Hebraei,
1772 1833 1984 1877 Manahen
2012 1834 2184 1878 misisse
2208 1835 2369 1879 vitulos
2393 1847 2565 1887 aurcos,
2592 1838 2808 1893 quierant

1559 1907 1605 1952 in
1628 1905 1720 1950 Dan
1743 1913 1787 1951 et
1811 1907 1977 1958 Bethel,
2018 1908 2091 1952 scd
2126 1920 2214 1951 non
2249 1913 2315 1952 est
2351 1917 2534 1955 verum:
2550 1909 2807 1957 Sacerdotes

1559 1979 1676 2026 enim
1702 1979 1802 2024 dolo
1825 1981 2096 2025 sustulerunt
2119 1992 2276 2026 aureos
2300 1982 2478 2035 vitulos,
2501 1993 2545 2027 et
2567 1983 2810 2028 absconde·

1558 2057 1663 2103 runt
1684 2062 1777 2103 eos,
1804 2058 1848 2095 et
1878 2051 2072 2096 fecerunt
2101 2065 2237 2098 aereos
2259 2054 2492 2099 deauratos
2514 2055 2678 2100 similes
2701 2056 2804 2109 illis,
2870 2063 2875 2066 '

1559 2136 1671 2182 quos
1704 2125 1826 2169 misit
1866 2124 2076 2169 Manahen
2100 2126 2191 2184 regi
2217 2128 2515 2184 Assyriorum.
2539 2127 2632 2181 Qua
2655 2127 2808 2176 fraude
2859 2129 2862 2133 ’

1557 2205 1708 2255 postea
1726 2205 1946 2256 percepta,
1975 2212 2104 2256 reges
2124 2201 2401 2258 Assyriorum
2425 2201 2666 2258 plurimum
2683 2204 2808 2248 ent·-

1557 2277 1708 2316 serunt
1731 2278 1883 2317 contra
1906 2271 2054 2323 lsrael.
2085 2288 2100 2313 ι
2122 2273 2172 2321 Et
2197 2280 2396 2321 mortuus
2419 2282 2487 2322 est
2506 2275 2735 2330 Manahen,
2763 2283 2807 2322 et

1558 2345 1757 2400 regnavit
1780 2357 1859 2401 pro
1887 2357 1940 2389 co
1973 2345 2086 2390 iilius
2117 2347 2213 2401 ejus
2246 2345 2436 2391 Phaceia
2449 2361 2569 2392 anno
2587 2350 2804 2407 quinqua·

1558 2417 1721 2474 gesimo
1749 2417 1862 2461 Oziae
1883 2419 1999 2474 regis
2021 2418 2157 2469 Judae,
2183 2425 2227 2465 et
2255 2420 2426 2468 duobus
2450 2423 2576 2480 annis
2611 2418 2805 2480 regnavit

1557 2492 1600 2536 in
1642 2490 1789 2536 lsrael.
1808 2492 1914 2540 Nam
1935 2493 2119 2542 Phacee.
2155 2494 2270 2539 lilius
2294 2493 2514 2547 Bomeliae,
2540 2497 2804 2543 chiliarchus

1555 2565 1668 2621 ejus,
1706 2565 1924 2610 interfecit
1958 2579 2056 2610 eum
2093 2568 2135 2610 in
2178 2567 2375 2636 Samaria
2413 2569 2456 2612 in
2483 2570 2682 2615 convivio
2704 2578 2803 2617 cum

1556 2640 1873 2698 quinquaginta
1898 2640 2019 2692 viris,
2046 2646 2087 2684 et
2117 2634 2314 2698 regnavit
2349 2654 2428 2698 pro
2450 2655 2501 2687 eo
2526 2655 2641 2688 anno
2672 2646 2804 2701 quin-
2873 2639 2875 2641 ’

1555 2714 1807 2770 quagesimo
1836 2714 2028 2756 secundo
2064 2712 2179 2758 Oziae
2212 2716 2327 2772 regis
2358 2714 2488 2770 suda,
2527 2723 2570 2760 et
2607 2719 2802 2803 regnavit

1554 2787 1704 2843 tiginti
1724 2787 1850 2831 anuis
1874 2787 1917 2831 in
1943 2786 2091 2832 lsr.acl
2114 2803 2129 2829 ι

1591 2859 1695 2905 Car.
1715 2858 1862 2905 xxm.
1886 2860 1943 2904 De
1966 2861 2086 2904 initio
2109 2863 2366 2917 captivitatis
2389 2862 2527 2907 decem
2552 2870 2750 2908 trionum.

1578 2960 1580 2962 >
1615 2932 1696 2977 «in
1732 2934 1886 2980 diebus
1923 2934 2091 2979 Phacee
2127 2937 2263 2992 regis,
2305 2935 2690 2993 Teglathphalasar
2725 2950 2798 2982 rex

1554 3008 1693 3051 Assur
1717 3007 1912 3053 ascendit
1936 3009 1980 3052 in
2006 3007 2136 3054 lsrael
2161 3008 2247 3066 (IV
2264 3009 2364 3066 Req.
2385 3011 2473 3067 xv).
2497 3026 2511 3051 ι
2540 3011 2591 3055 Et
2614 3018 2679 3056 est
2705 3025 2801 3055 ani·

1555 3077 1732 3135 biguum
1765 3091 1820 3123 an
1864 3079 1946 3125 iste
1979 3080 2109 3124 suerit
2140 3081 2269 3134 Pbul,
2294 3083 2362 3126 vel
2386 3083 2514 3132 alius,
2539 3091 2581 3127 et
2616 3085 2806 3131 vastavit

1554 3164 1724 3196 omnem
1747 3153 1963 3210 regionem
1988 3160 2108 3204 trans
2123 3153 2375 3206 Iordanem,
2399 3162 2441 3200 et
2463 3157 2657 3212 captivas
2678 3155 2799 3200 duxit

1555 3224 1596 3270 d·
1602 3237 1663 3269 ias
1696 3225 1837 3271 tribus
1867 3233 1909 3272 et
1934 3227 2175 3281 dimidiam,
2201 3236 2466 3285 vastansque
2488 3228 2723 3281 Galilream,
2745 3231 2799 3285 de

1554 3298 1669 3342 tribu
1692 3298 1884 3343 Zabulon
1912 3306 1954 3345 et
1978 3300 2284 3356 Nephthalim,
2309 3303 2467 3347 multos
2482 3303 2703 3347 transtulit
2725 3316 2796 3349 se
2807 3355 2812 3359 ,

1555 3384 1651 3416 cum
1686 3372 1728 3415 in
1754 3372 1974 3430 Assytios,
1998 3376 2073 3430 qui
2106 3380 2285 3430 possent
2314 3375 2504 3420 dimidiat
2526 3377 2658 3420 tribui
2679 3383 2798 3420 ωηι-

227 3448 422 3506 sepultus
443 3447 487 3490 in
511 3449 718 3503 spelunca
742 3448 871 3491 unius
896 3448 1058 3504 judicis
1081 3449 1229 3505 lsrael,
1254 3454 1381 3510 cujus
1406 3467 1476 3501 se·
1499 3439 1535 3487 Ῑ)
1558 3457 1717 3501 ΡἯἫΊ·
1743 3445 1867 3490 und?
1906 3459 2017 3503 ὃῧῬΕ
2054 3447 2212 3504 1981ῑυῖ
2244 3449 2358 3504 (1¹¹0d
2392 3456 2478 3494 [¹¹0⁸
2502 3449 2652 3494 ²¹¹b⁰⁸
2665 3449 2805 3494 wael·
2835 3459 2837 3464 ’

229 3521 428 3577 pulcrum
462 3526 732 3564 monstratur
754 3521 798 3563 in
822 3533 907 3564 una
932 3522 1102 3566 urbium
1128 3523 1234 3568 Geth
1260 3525 1304 3569 in
1326 3527 1471 3571 viculo

226 3593 413 3650 quodam
451 3592 575 3648 Juxta
603 3591 844 3648 Sephoron.
874 3592 962 3639 Sub
986 3593 1089 3638 Ozia
1115 3608 1215 3652 rege
1237 3596 1346 3641 Iuda
1384 3605 1473 3642 ter·

227 3666 391 3709 minata
420 3669 487 3710 est
512 3664 763 3708 monarchia
787 3664 1086 3720 Assyriorum.
1119 3666 1227 3710 Nam
1246 3666 1470 3713 ¹Sardana-

227 3740 367 3795 palius
405 3738 585 3784 ultimus
612 3738 847 3782 monarcha
876 3739 1020 3784 vietus
1044 3740 1098 3784 ab
1128 3740 1295 3786 Arbace
1330 3742 1468 3796 Medo,

227 3813 504 3869 semetipsum
530 3812 839 3862 concremavit,
863 3817 906 3856 et
935 3817 1038 3856 tunc
1070 3814 1259 3860 Arbaces
1297 3828 1471 3860 monar-

227 3886 369 3930 chiam
411 3885 464 3930 ad
501 3885 649 3930 Medos
696 3886 946 3938 transtulit,
995 3899 1088 3943 spe,
1135 3889 1328 3933 nondum
1369 3903 1417 3934 re
1457 3906 1467 3934 ι

229 3958 310 4001 hoc
331 3957 445 4002 enim
485 3956 585 4002 fecit
607 3956 794 4010 Uarius,
827 3959 972 4003 oct-iso
1003 3955 1243 4005 Baltbazar.
1279 3960 1472 4006 Fuerunt

227 4035 370 4074 tamen
402 4041 526 4084 reges
546 4028 730 4086 Assyrii,
749 4030 785 4074 si
813 4042 900 4073 non
927 4032 1187 4086 monarchae,
1214 4038 1357 4077 tamen
1391 4048 1469 4091 po·

228 4109 380 4152 tentes,
406 4115 544 4158 usque
569 4101 621 4147 ad
647 4104 971 4148 subversionem
994 4103 1164 4157 Ninive,
1202 4118 1330 4162 quam
1371 4119 1470 4162 pro·

228 4174 461 4231 phetavitt
446 4174 631 4218 Nahum.

285 4245 488 4288 ‘Addieio
512 4246 554 4290 1.
585 4245 729 4291 Genus
755 4248 907 4303 palmae
926 4253 994 4294 e'st
1014 4249 1195 4295 Delbora
1212 4284 1224 4304 ,
1250 4252 1315 4299 vei
1340 4265 1470 4309 quer·

231 4331 323 4375 cus.

721 4393 970 4440 Invidentia.

290 4464 351 4511 Eo
374 4467 834 4523 temporeLatinorum
860 4474 1039 4526 quartus
1061 4469 1255 4516 decimus
1285 4485 1357 4517 rex
1379 4470 1467 4517 Sil-

1554 3518 1851 3574 captivaverit,
1870 3524 1912 3563 et
1949 3520 2031 3563 hoc
2059 3521 2137 3564 suit
2162 3522 2332 3564 initium
2359 3521 2623 3578 captivitatis
2645 3523 2795 3567 decem

1553 3592 1761 3640 tribuum.
1787 3593 1953 3650 «Porro
1977 3593 2085 3639 Osce
2121 3595 2234 3640 iilius
2259 3595 2362 3639 Heia
2397 3596 2610 3640 interiecit
2631 3595 2797 3641 Phaeca

1522 3660 1525 3663 ἢ
1552 3676 1694 3721 regem
1725 3665 1872 3721 lsrael,
1895 3675 1938 3711 ct
1962 3669 2154 3724 regnavit
2180 3682 2255 3725 pro
2278 3682 2372 3714 en.»

1609 3737 1798 3783 ‘Additio
1816 3741 1856 3784 1.
1879 3739 1936 3783 De
1963 3741 2042 3783 hae
2065 3741 2311 3796 captivitate
2333 3741 2495 3784 dictum
2519 3748 2608 3785 est:
2626 3739 2798 3784 «Primo
2868 3731 2870 3734 ’

1551 3817 1746 3867 tempore
1768 3813 1963 3857 alleviata
1986 3819 2052 3857 cst
2077 3821 2189 3856 terra
2211 3813 2333 3869 (lsai.
2359 3808 2466 3872 120.»

1887 3888 1987 3931 Car.
2010 3887 2159 3932 xxw.
2181 3889 2453 3934 Deloathan.

1611 3979 1624 4003 ι
1643 3961 1765 4006 Anno
1788 3962 1979 4006 secundo
2000 3961 2165 4006 Phacee
2189 3963 2304 4018 regis
2323 3961 2452 4007 lsrael
2474 3959 2668 4020 regnavit
2690 3961 2790 4007 loa-

1553 4035 1655 4078 than
1683 4035 1797 4078 tilius
1822 4034 1935 4078 Oziae
1953 4035 1995 4078 in
2013 4033 2251 4079 Jerusalem
2275 4035 2426 4091 viginti
2442 4037 2631 4092 quinque
2654 4047 2792 4079 antio·

1551 4120 1645 4151 rum
1666 4116 1758 4152 erat
1778 4119 1874 4152 cum
1898 4120 2075 4163 regnare
2091 4109 2308 4164 coepisset,
2321 4113 2363 4151 et
2383 4107 2568 4151 sedecim
2585 4107 2711 4152 annis
2727 4120 2791 4152 τοι

1550 4180 1711 4236 gnarit.
1742 4179 1907 4224 Nomen
1931 4179 2083 4224 matris
2105 4181 2200 4236 ejus
2229 4179 2504 4232 Jerusa,·lilia
2536 4178 2704 4225 sadoc:
2734 4180 2788 4224 Et

1551 4252 1650 4295 l'ecit
1686 4252 1845 4296 bonum
1885 4263 2031 4296 coram
2068 4251 2266 4305 Domino,
2289 4259 2583 4296 verumtamen
2616 4254 2786 4297 excelsa

1539 4334 1635 4370 'non
1661 4325 1855 4371 abstulit.
1873 4324 1967 4382 lpse
1987 4325 2216 4370 aedilieavit
2246 4332 2412 4381 portam
2440 4326 2592 4369 domus
2615 4323 2784 4369 Domini

1551 4399 1906 4445 sublimissimam
1928 4399 1942 4452 (
1950 4392 1974 4441 l
1983 4397 2014 4440 V
2030 4397 2131 4454 Ray,
2151 4397 2266 4455 xv)‚»
2289 4397 2611 4454 «maru-quidam
2636 4405 2782 4453 putant

1552 4473 1706 4519 turrim
1729 4471 1883 4530 gregis.
1898 4470 1995 4516 llaec
2020 4477 2084 4518 est
2108 4483 2201 4528 quae
2220 4470 2263 4515 in
2290 4467 2467 4518 Actibus
2489 4469 2786 4530 apostolorum
