2924 4588
254 163 340 220 299
386 154 395 165 ”
553 172 581 207 ⁶

256 267 338 312 hoc
350 263 475 310 modo
484 263 535 305 ad
546 262 633 304 baec
648 274 658 302 ε
674 255 835 300 Hocest
842 264 950 309 opus
960 250 1135 299 bonum,
1148 253 1194 290 ιιι
1204 247 1247 294 in
1259 255 1310 290 eo
1317 253 1492 287 maneas
1514 243 1551 288 A

258 339 367 387 loco,
395 337 439 379 in
456 346 540 391 quo
566 339 605 375 te
634 330 719 374 Deo
742 323 978 384 promisiSti
1012 322 1286 366 serviturum.
1311 315 1361 358 Et
1385 314 1484 357 ille:

261 412 354 454 Non
364 415 503 452 votum
518 397 656 449 meflm
671 402 834 457 frango,
847 398 989 443 sieum
997 396 1163 440 desero.
1175 389 1414 444 Quomodo,
1428 387 1490 430 in-

258 493 402 538 quam,
421 491 508 534 non
530 476 714 531 frangis,
740 485 836 517 cum
862 470 916 513 ab
938 481 990 512 eo
1009 465 1231 512 discedere
1241 461 1486 520 praesumis,

258 554 301 596 in
340 564 424 607 quo
455 556 495 594 te
518 552 687 593 constat
728 544 1002 590 stabilitatem
1038 547 1154 583 tuam
1191 532 1498 593 promississei.

258 624 384 680 259
406 622 451 666 Si
486 629 526 665 te
548 618 745 677 stabilem
780 617 823 660 in
857 627 908 659 eo
927 612 1022 657 -sore
1054 608 1271 668 pollicitus
1302 619 1369 658 εδ,
1392 618 1490 649 cum

260 696 312 739 ab
330 706 381 739 eo
400 691 621 737 discedens
646 686 857 733 instabilis
878 697 940 735 es,
965 681 1179 741 quomodo
1211 690 1296 723 non
1319 676 1407 720 voti
1428 674 1492 718 tui

258 767 439 812 violator
459 765 535 809 es?
555 761 666 816 Quid
689 773 805 817 ergo,
829 757 987 814 inquis,
1006 765 1141 811 usque
1165 751 1217 795 ad
1243 750 1370 795 tinem
1396 749 1494 792 vitae

258 851 363 884 mete
378 837 587 883 obnoxius
603 834 780 879 tenebor
796 832 896 877 huic
918 826 1167 886 sponsioni?
1189 821 1392 880 Nunquid
1415 821 1494 865 ali·-

259 913 384 969 cujus
403 923 489 955 non
513 909 667 966 poterit
695 906 870 962 sponsio
892 904 982 947 baee
1005 900 1118 946 liniri
1141 897 1347 954 temporis
1363 901 1493 946 meta,

260 987 371 1031 sicut
392 995 470 1028 nec
495 982 580 1031 illa,
606 992 691 1036 qua
714 978 808 1023 vovi
842 974 1166 1020 conversionem
1188 981 1357 1014 morum
1377 978 1496 1030 meo·-

238 1052 383 1103 rum?
404 1056 504 1105 Cur,
539 1056 727 1109 inquam,
753 1056 850 1094 ante
880 1052 1059 1092 mortem
1092 1051 1208 1089 tuam
1237 1042 1379 1098 aliqua
1401 1051 1497 1085 eam

260 1130 506 1175 terminaret
530 1124 733 1180 temporis
764 1127 891 1172 meta,
917 1119 1030 1174 sicut
1063 1128 1144 1161 nec
1168 1115 1303 1166 illam,
1327 1109 1412 1169 qu'a
1434 1118 1497 1156 te-

261 1202 377 1247 neris
411 1199 623 1243 obnoxius
659 1195 859 1254 insistere
879 1189 1166 1238 ‚conversioni
1195 1198 1362 1231 morum
1401 1183 1498 1228 tuoss

262 1285 373 1322 rum,
398 1282 494 1315 cum
520 1270 631 1312 sicut
662 1267 793 1316 illam,
814 1262 816 1267 ’
834 1265 898 1309 sic
931 1269 973 1307 et
1005 1263 1130 1319 istam
1151 1267 1193 1303 te
1215 1261 1381 1302 constet
1403 1266 1500 1312 pro-

262 1343 464 1387 misisse?
495 1339 605 1385 Nam
639 1339 752 1383 sicut
787 1337 878 1393 ipse
914 1334 1042 1394 paulo
1061 1338 1160 1376 ante
1182 1334 1410 1391 attestatus
1432 1340 1496 1378 es,

263 1414 326 1457 itu
345 1422 393 1459 se
423 1403 580 1456 hubent
607 1407 736 1454 verba
774 1405 1072 1466 promissionis
1111 1410 1225 1459 tuae:
1246 1400 1333 1458 qu
1368 1400 1499 1456 frater

264 1484 455 1540 offerens,
492 1481 609 1526 trado
641 1482 839 1536 meipsum
874 1476 1070 1522 Ecclesiae
1101 1466 1278 1529 Deiset
1306 1472 1499 1528 promitto

265 1555 563 1600 conversionem
585 1564 747 1596 morum
763 1563 963 1602 meorum,
985 1555 1025 1594 et
1042 1547 1312 1609 stabilitatem
1330 1538 1372 1588 in
1393 1543 1497 1587 loco.

264 1628 488 1674 Promitte,
519 1624 633 1678 aisti,
670 1637 839 1671 morum
863 1634 1055 1668 meorum
1091 1619 1433 1667 conversionem,
1460 1622 1502 1661 et

264 1702 310 1745 in
338 1700 432 1744 loco
457 1699 746 1744 stabilitatem.
782 1695 895 1753 Ergo
930 1700 973 1739 et
1000 1695 1133 1743 illam,
1168 1699 1208 1735 et
1230 1690 1372 1749 istam.
1408 1687 1503 1731 Non

265 1774 401 1831 magis
423 1774 465 1816 in
489 1771 774 1830 promissione
803 1777 891 1823 tua,
923 1766 969 1811 iit
991 1764 1217 1821 mentiobin
1243 1763 1386 1808 verbis
1406 1761 1503 1817 istis

266 1845 449 1901 alicujus
482 1850 603 1888 metae
636 1842 883 1899 temporalis
918 1841 961 1884 in
983 1851 1086 1890 una,
1121 1849 1249 1894 quam
1274 1836 1317 1879 in
1354 1835 1500 1878 altera.

267 1918 352 1964 Sed
377 1918 482 1967 scio,
520 1917 680 1973 inquis,
704 1915 818 1972 quod
851 1924 1017 1970 semper
1039 1911 1174 1956 debeo
1197 1909 1433 1962 intendere,
1459 1912 1505 1950 ut

265 2003 407 2036 mores
428 1991 528 2041 mei,
568 1996 611 2034 et
645 1988 698 2033 de
720 1988 832 2031 malo
865 1988 908 2030 in
942 1986 1119 2035 bonum,
1154 1982 1272 2029 etde
1309 1982 1423 2026 bono
1460 1982 1503 2024 in

266 2065 420 2111 metius
440 2067 757 2108 convertantur.
779 2060 938 2106 Verum
955 2057 1147 2115 nunquid
1172 2062 1272 2101 ante
1287 2057 1384 2100 vitae
1402 2068 1506 2100 me‘e

269 2136 394 2181 tinem
416 2148 502 2180 non
519 2147 694 2194 possum
721 2124 912 2183 domum,
937 2130 980 2175 in
997 2131 1081 2188 qua
1103 2141 1218 2173 nunc
1245 2141 1356 2182 sum,
1383 2129 1507 2172 dese-

267 2222 385 2261 rere,
422 2215 466 2254 et
503 2209 616 2271 ali-o,
657 2219 753 2251 cum
794 2207 995 2268 voluero.
1042 2203 1380 2259 transmigrare?
1413 2201 1506 2246 Non

270 2287 408 2339 potes,
434 2282 623 2338 inquam.
656 2280 707 2323 Et
730 2280 810 2324 iste
831 2295 841 2323 ε
867 2278 1009 2336 Quare
1032 2289 1118 2321 non
1138 2274 1344 2333 possum?
1368 2274 1508 2328 Quare

272 2355 549 2402 stabilitatem,
581 2352 833 2410 promisisti,
865 2352 1054 2408 inquam,
1093 2351 1136 2408 iu
1170 2349 1308 2405 loco}
1330 2347 1381 2392 Et
1410 2361 1504 2405 ego,
1529 2377 1563 2424 C

272 2428 431 2483 inquis,
456 2427 644 2482 quotidie
667 2427 917 2475 innumeros
939 2424 1062 2469 video
1084 2435 1169 2480 non
1194 2422 1332 2467 solum
1358 2422 1402 2466 in
1424 2421 1508 2464 alio

271 2501 382 2552 loeo,
407 2499 482 2543 sed
516 2501 559 2543 in
597 2500 680 2543 alio
703 2510 798 2543 esse
831 2497 981 2542 ordine
1007 2508 1133 2553 quam
1158 2495 1199 2539 in
1225 2507 1310 2551 quo
1340 2492 1509 2551 profes-

272 2572 435 2630 sionem
460 2583 581 2617 suam
606 2570 824 2615 fecerunt?
853 2568 970 2613 Unde
993 2567 1097 2625 mihi
1133 2566 1294 2624 liquido
1316 2570 1507 2622 apparet,

271 2644 479 2701 quiduuid
511 2651 554 2688 ιιι
586 2643 721 2696 dicas,
747 2642 862 2700 quod
882 2642 997 2692 licite
1030 2647 1171 2698 potest
1200 2641 1321 2684 locus
1344 2640 1511 2695 profes-

273 2718 410 2763 sionis
447 2716 604 2767 deseri,
640 2723 683 2761 et
716 2716 831 2760 aliud
856 2714 1031 2772 expeti:
1065 2715 1179 2771 quod
1215 2713 1251 2758 si
1285 2714 1367 2758 lioc
1394 2714 1511 2759 licite

272 2790 365 2836 fieri
402 2803 488 2836 non
524 2798 684 2847 posset,
723 2789 896 2846 quidam
927 2788 1119 2846 proiecto
1151 2778 1206 2833 *ex
1245 2789 1308 2832 eis
1342 2801 1424 2833 nee
1458 2789 1512 2833 de

271 2866 367 2909 loco
398 2870 440 2909 et
469 2864 618 2909 ordine
654 2876 732 2907 suo
779 2862 1099 2919 egrederentur,
1137 2874 1215 2907 nec
1249 2862 1356 2906 alias
1383 2860 1512 2918 [forte

271 2950 346 2992 pro
361 2937 479 2996 alibi]
499 2937 806 2993 reciperentur.
825 2935 931 2979 Nam
945 2935 1051 2982 tales
1064 2942 1259 2981 intereos
1277 2947 1509 2992 cognosco,

273 3017 360 3053 tam
389 3009 583 3053 videlicet
615 3009 893 3063 scrupulosos
917 3019 966 3051 ac
999 3007 1052 3052 de
1081 3019 1155 3052 sua
1184 3005 1321 3052 salute
1352 3006 1512 3050 sollici·

273 3087 358 3132 tos,
394 3089 439 3123 ut
467 3080 545 3124 etsi
572 3080 626 3122 ob
661 3091 882 3134 magnam,
920 3090 1002 3134 qua
1041 3078 1216 3134 pollent,
1255 3076 1510 3133 probitatem

275 3153 374 3196 alibi
390 3152 520 3207 recipi
539 3158 729 3209 possent,
754 3163 807 3194 ue
842 3159 981 3195 tamen
1009 3150 1050 3194 in
1083 3151 1180 3202 boe,
1205 3150 1333 3194 modo
1369 3150 1515 3205 aliquo

275 3224 408 3268 Deum
434 3219 710 3275 offenderent,
738 3223 1004 3267 nullomodo
1022 3223 1166 3280 egredi
1196 3223 1379 3266 tollent:
1407 3221 1512 3279 quin

275 3298 420 3353 potius
442 3298 493 3342 ad
518 3299 597 3342 hoc
619 3299 783 3355 egressi
803 3303 921 3350 sunt,
943 3303 989 3341 ut
1006 3297 1093 3342 beo
1114 3298 1395 3355 omnipotenti
1415 3298 1511 3354 plus

275 3371 506 3426 placerent.
531 3369 619 3427 Ego
652 3377 791 3414 autem
814 3367 867 3413 ad
904 3370 993 3414 baec
1023 3370 1120 3423 dieo
1148 3370 1239 3420 tibi,
1264 3370 1363 3426 quia
1398 3369 1511 3425 quod

1525 1309 1558 1352 B

275 3439 429 3484 vovisti
445 3472 456 3488 ,
482 3441 649 3499 cogeris
669 3439 847 3485 reddere
877 3456 886 3484 :
913 3440 1069 3496 alioqui
1090 3440 1361 3486 dissentirem
1385 3442 1437 3483 ab
1460 3453 1511 3484 co
1539 3440 1570 3482 D
1593 3445 1707 3490 mine
1732 3445 1945 3490 mendacii
1976 3444 2127 3501 pallies
2153 3442 2378 3500 cujusdam
2413 3442 2547 3500 falssae.
2566 3436 2849 3495 intentionis„

276 3512 350 3569 qui
372 3512 504 3557 dicit:
531 3521 678 3564 vovete,
708 3521 746 3556 et
771 3513 927 3557 reddite
953 3525 967 3555 .·
1004 3513 1091 3558 Hoc
1119 3521 1201 3566 est,
1227 3516 1263 3558 si
1290 3515 1507 3566 voveritis,

276 3584 456 3628 reddite.
480 3584 590 3638 Quid
622 3585 816 3630 reddite?
851 3586 973 3638 Quod
1002 3588 1253 3642 promisisti.
1286 3587 1449 3631 idcirco
1474 3590 1511 3633 si

276 3656 431 3701 vovisti
448 3658 719 3701 stabilitatem
743 3658 786 3700 in
808 3658 919 3710 loeo,
940 3666 1030 3703 esto
1053 3660 1220 3703 stabilis
1241 3660 1286 3703 in
1307 3672 1358 3704 eo
1379 3676 1388 3704 ι
1410 3673 1511 3704 nam

277 3733 342 3780 tu,
364 3729 436 3784 qui
459 3730 611 3774 vovisti
639 3730 912 3775 stabilitatem
945 3732 987 3774 in
1022 3733 1149 3775 domo
1168 3738 1265 3790 tua,
1289 3744 1385 3776 meo
1416 3733 1510 3788 qui-

278 3800 376 3860 dem
399 3802 594 3853 consilio,
618 3802 809 3847 eamdem
832 3803 1020 3857 domum,
1042 3811 1249 3861 quantum
1270 3805 1320 3847 ad
1346 3811 1389 3850 te
1408 3806 1514 3850 dun-

279 3875 398 3916 taxat
432 3874 629 3928 pertinet,
670 3882 765 3919 ante
800 3876 897 3919 vitae
936 3881 1019 3921 tuae
1060 3878 1290 3922 terminum
1327 3890 1413 3924 non
1447 3878 1512 3922 di-

279 3945 439 3991 mittes.

336 4014 407 4059 tv.
432 4016 558 4070 Quid,
589 4019 747 4075 inquis,
781 4018 818 4064 si
839 4020 1015 4077 maioris
1038 4021 1312 4078 perfectionis
1337 4028 1379 4065 et
1409 4021 1514 4078 rigi-

281 4086 414 4132 dioris
429 4089 594 4134 ordinis
612 4090 839 4143 desiderio,
863 4091 1099 4150 inspirante
1117 4092 1312 4146 Domino,
1333 4106 1514 4138 succen-

281 4171 379 4210 sus,
398 4161 530 4203 vitam
554 4173 690 4206 meam
712 4163 938 4208 emendare
965 4171 1007 4209 et
1031 4167 1354 4222 conversionem
1375 4177 1515 4210 meam

281 4231 454 4276 voluero
473 4234 655 4288 augere?
691 4246 774 4278 non
800 4236 900 4287 alio,
928 4237 1001 4280 ubi
1023 4236 1068 4281 id
1100 4237 1272 4291 faciam,
1296 4244 1345 4281 ut
1371 4245 1513 4283 trans-

280 4302 475 4359 migrem,
508 4317 591 4348 non
603 4307 824 4351 consulis?
858 4306 1072 4364 fortassis,
1096 4310 1285 4367 inquam,
1310 4324 1397 4355 non
1416 4322 1518 4355 con-

281 4375 391 4419 sulo.
426 4375 581 4429 Quare,
617 4378 786 4436 inquis?
822 4379 1040 4433 Primum,
1076 4383 1267 4440 inquam,
1299 4384 1402 4441 quia
1443 4397 1516 4430 su-

280 4451 468 4503 §pectam
506 4448 642 4497 habeo
675 4447 963 4499 infirmitatem
998 4445 1138 4503 tuam:
1177 4468 1231 4503 ne
1269 4456 1404 4508 forte,
1440 4457 1514 4514 qui

1125 154 1295 202 Amin
1323 145 1911 199 PRAEMONSTRATENstS

1572 245 1694 298 potes
1718 235 1895 282 sufferre
1924 233 2117 281 ordinem
2153 229 2306 281 istum,
2338 241 2422 274 non
2459 228 2599 289 possis
2636 228 2824 286 sufferre*
2849 235 2854 259 1
2875 215 2883 283 f'}

1567 313 1706 359 illum.
1746 309 1855 355 Novi
1886 308 2000 352 enim
2033 303 2311 360 quamplures
2365 300 2439 358 qui
2479 299 2580 345 dum
2616 303 2849 349 sedentes·
2878 294 2883 335 ’ἶ

1567 384 1808 429 omiserunt
1832 384 2083 435 computare
2105 381 2321 432 sumptus,
2354 375 2391 418 si
2414 374 2623 419 baberent
2646 375 2698 418 ad
2717 387 2816 432 per-
2851 416 2853 419 .
2920 421 2922 423 ,

1569 455 1796 500 ficiendam
1827 464 1982 497 novam
2000 455 2042 495 et
2065 449 2315 507 praecelsam
2346 446 2621 504 perfectionis
2644 449 2815 503 turrim,
2877 442 2883 494 ’ἱ
2917 440 2922 462 ;

1569 541 1699 586 quam
1719 532 1900 572 eatenus
1937 522 2150 568 aedificare
2174 520 2366 578 aggressi
2405 531 2492 564 non
2517 509 2635 572 sunt,
2675 520 2818 576 posito

1571 601 1851 646 fundamento
1878 596 2085 654 perticere
2115 606 2204 639 non
2237 594 2447 647 valentes,
2481 592 2565 638 boc
2602 590 2883 655 illusionis*
2917 605 2919 611 ·

1571 673 1747 718 verbum
1779 669 1932 714 audire
1962 672 2258 730 meruerunt:
2297 664 2359 711 m
2390 665 2573 715 hanzines
2615 661 2822 723 coeperm'tt
2849 686 2857 710 ;
2918 664 2920 666 ’

1572 745 1797 803 oedificare,
1808 750 1943 789 elnon
1959 747 2179 798 potuerunt
2194 753 2482 786 consummate
2498 739 2616 798 (Luc.
2627 752 2716 793 xiv,
2729 739 2821 797 50),
2850 731 2854 778 ἶ

1573 819 1624 864 Et
1654 825 1756 862 tune
1792 821 2058 862 revertentes
2080 827 2177 859 cum
2209 815 2368 858 rubore
2390 814 2445 857 ad
2466 814 2662 858 ordinem
2689 819 2733 858 et
2757 813 2824 858 lo·

1574 902 1688 941 cum,
1719 900 1846 945 quem
1885 887 2015 930 nimis
2042 892 2209 937 ,temere
2233 890 2275 929 et
2303 873 2447 929 minus
2479 884 2729 941 provide,et
2757 883 2847 927 iel·'

1574 961 1690 1004 circo
1729 958 1858 1003 nimis
1891 964 2067 1009 temere,
2102 956 2204 1013 quia
2227 956 2372 1002 minus
2397 956 2587 1013 provide,
2623 954 2827 1014 deserue·
2848 948 2870 1011 ’ς-
2919 1004 2921 1006 ,

1575 1039 1690 1087 rant,
1708 1039 1751 1077 et
1770 1032 1915 1078 minus
1934 1030 2133 1074 fortassis
2154 1034 2376 1087 gratanter
2391 1029 2597 1085 suscepti,
2622 1029 2828 1074 et-minus

1576 1112 1734 1151 extunc
1781 1102 2018 1148 honorifice
2071 1101 2207 1146 habiti
2251 1106 2367 1146 sunt.
2395 1100 2594 1155 ,Quidam
2633 1113 2735 1144 vero
2772 1093 2851 1144 ad*
2920 1111 2922 1115 ’

1578 1178 1764 1235 priorem
1802 1176 1960 1219 reverti
1994 1175 2135 1217 locum
2172 1180 2216 1217 et
2253 1173 2450 1218 ordinem
2495 1173 2828 1230 erubescentes,

1578 1252 1704 1294 aliam
1729 1251 1902 1293 domum
1925 1252 1967 1292 et
1983 1246 2179 1295 ordinem
2196 1246 2341 1291 adiere
2357 1279 2368 1298 ,
2392 1258 2446 1290 ac.
2472 1246 2515 1289 in
2538 1258 2588 1289 ea
2606 1245 2712 1289 forto
2737 1259 2831 1289 uia·
2858 1234 2867 1241 ⁵*

1579 1339 1680 1370 nere
1712 1334 1755 1369 et
1784 1336 1881 1368 eum
1913 1328 2060 1367 tenere
2083 1322 2150 1366 vel
2172 1322 2386 1372 nolentes,
2421 1321 2490 1366 vel
2513 1333 2598 1365 non
2619 1320 2828 1378 valentes,
2846 1313 2873 1374 ¹f

1580 1397 1721 1441 adbuc
1751 1395 1805 1439 ad
1834 1394 2008 1439 domum
2041 1393 2169 1436 aliam
2202 1398 2244 1437 et
2273 1391 2467 1454 ordinem
2500 1393 2630 1436 alium
2667 1392 2831 1452 migra·

1581 1470 1679 1527 vere
1701 1487 1710 1514 z
1749 1469 1898 1525 sicque
1920 1457 2048 1511 vento
2078 1466 2263 1511 leviores
2283 1472 2325 1511 et
2347 1465 2640 1510 instabiliores
2662 1462 2799 1510 effecti
2815 1495 2830 1516 ,
2859 1436 2877 1499 i

1581 1545 1706 1603 quasi
1732 1543 1866 1587 multa
1905 1540 2068 1586 fercula
2105 1544 2404 1597 gustaverunt,
2429 1550 2508 1583 nec
2534 1550 2580 1584 sc
2602 1549 2688 1582 uno
2719 1527 2877 1582 rese-“s

1583 1622 1736 1661 cerunt
1767 1632 1777 1660 ε
1805 1616 1996 1672 dumque
2036 1614 2194 1671 ubique
2229 1612 2420 1670 religiosi
2457 1624 2554 1659 esse
2586 1613 2831 1665 voluerunt,

1582 1683 1770 1747 religiosi
1794 1702 1967 1746 quoqne
1997 1699 2212 1744 nusquam
2250 1687 2441 1731 suerunt.
2467 1682 2665 1739 ‚Quidam
2703 1644 2875 1787 etiam}

1583 1775 1663 1806 nec
1688 1755 1745 1806 ad
1776 1763 1921 1818 priora
1953 1759 2190 1813 redierunt,
2226 1771 2306 1804 nec
2345 1759 2397 1803 ad
2422 1759 2505 1803 alia
2535 1757 2875 1806 sanctaren-

1583 1835 1724 1892 gionis
1746 1835 1952 1880 exercitia
1973 1835 2047 1889 ‚se
2070 1834 2416 1892 transtulerunt3
2453 1830 2531 1876 sed
2567 1830 2751 1889 proprioe
2774 1818 2873 1883 tei„

1585 1908 1730 1953 vitatis
1754 1909 1945 1966 pondere
1966 1908 2182 1965 oppressi,
2207 1912 2251 1952 et
2273 1906 2324 1951 ad
2355 1907 2439 1950 ima
2463 1906 2622 1951 sensim
2649 1916 2700 1948 ae
2728 1916 2834 1963 pau-
2854 1880 2875 1941 ¹.

1586 1982 1706 2026 latim
1745 1989 1969 2040 vergentes
1986 2015 1996 2034 ,
2031 1983 2100 2042 vel
2123 1983 2167 2026 in
2191 1980 2421 2038 quemdam
2454 1979 2724 2030 teterrimum
2747 1978 2836 2036 spi·
2861 1948 2873 1989 ὃ

1585 2057 1696 2100 ritus
1748 2062 1968 2112 teporem,
2019 2055 2183 2100 omisso
2231 2054 2403 2112 penitus
2453 2054 2571 2100 omni
2615 2034 2873 2111 proposito*

1587 2129 1767 2175 ulterius
1793 2129 1834 2171 in
1863 2129 2006 2187 aliquo
2029 2126 2282 2184 proficiendi
2306 2131 2407 2171 sunt
2430 2122 2617 2182 prolapsi
2648 2141 2658 2170 2
2691 2124 2759 2169 vel
2782 2125 2835 2168 ad
2868 2123 2870 2131 ’

1587 2203 1790 2249 saeculum
1813 2201 2120 2258 quoque,desp
2147 2206 2294 2247 rantes
2317 2199 2560 2256 semetipsis
2591 2197 2667 2258 [al.
2703 2198 2745 2241 in
2769 2211 2842 2249 se·⁵
2865 2183 2873 2253 ,³

1587 2275 1816 2333 metipsisJ,
1857 2270 2110 2332 abiectaque
2131 2273 2250 2334 omni
2276 2278 2436 2319 sanctae
2466 2272 2736 2318 verecundia:
2771 2284 2836 2316 vc·
2867 2256 2871 2271 ‘

1588 2356 1775 2403 nustate,
1800 2355 2091 2403 revertentes;
2128 2353 2266 2392 morte
2287 2346 2563 2405 postmodum
2595 2359 2644 2391 ex
2677 2347 2839 2404 impre-
2863 2399 2871 2416 ὁ

1589 2426 1680 2469 viso
1698 2423 2041 2480 superveniente,
2060 2427 2157 2478 post
2175 2421 2392 2465 modicum
2416 2420 2719 2465 miserabiliter
2738 2427 2841 2480 sunt¹
2867 2423 2869 2427 ’

1588 2498 1829 2555 intercepti.
1864 2496 2055 2541 Rectene
2087 2497 2159 2540 isti
2191 2496 2479 2544 incesserunt,
2515 2493 2589 2551 qui
2625 2493 2677 2536 ad
2709 2493 2840 2538 talem
2866 2490 2869 2538 ζ

1589 2571 1717 2616 finem
1742 2569 2061 2627 pervenerunt?
2080 2569 2189 2612 Nam
2211 2569 2304 2612 xisa
2331 2567 2510 2624 'quidem
2536 2567 2622 2626 suit¹
2637 2569 2701 2612 eis
2722 2571 2840 2613 recta

1589 2645 1659 2688 via
1691 2643 1809 2698 haec;
1853 2643 1929 2687 sed
1960 2640 2196 2685 novissima
2236 2639 2332 2695 ejus
2369 2637 2750 2696 duxeruntm
2784 2637 2838 2682 ad
2867 2695 2869 2699 ἢ
2919 2689 2920 2692 ¹

1590 2711 1772 2760 mortem
1802 2715 1945 2773 (Pron.
1984 2726 2073 2765 xiv,
2100 2711 2188 2769 12).
2221 2711 2274 2754 Et
2304 2711 2395 2755 brec
2431 2710 2567 2768 prima
2602 2713 2733 2754 causa
2754 2713 2839 2760 est,
2866 2710 2869 2722 ¹
2917 2697 2921 2707 ⁸

1590 2802 1683 2846 qum
1706 2788 1811 2849 milii
1829 2787 2057 2845 persuadet
2079 2798 2135 2830 ne
2161 2785 2384 2830 consulam
2420 2790 2464 2847 ut
2508 2783 2592 2828 alio
2620 2782 2837 2836 dlscedas,
2860 2840 2862 2843 Ι

1591 2863 1718 2907 etiam
1739 2859 1918 2918 majoris
1933 2858 2209 2918 perfectionis
2231 2863 2274 2904 et
2298 2857 2516 2918 rigidioris
2537 2856 2702 2903 ordinis
2726 2857 2841 2903 desi-
2918 2900 2920 2905 ,

1591 2935 1711 2980 derio
1730 2947 1982 2980 succensus.
2919 2968 2921 2982 ᾗ

1646 3008 1695 3052 V.
1736 3007 1935 3054 Secunda
1965 3014 2109 3053 autem
2143 3005 2299 3052 similis
2329 3010 2397 3062 est
2428 3003 2548 3050 huic.
2583 2995 2865 3063 Suspectans
2920 3019 2921 3022 ¹

1591 3079 1728 3125 habeo
1754 3078 2149 3137 pusillanimitatem
2165 3083 2306 3132 tumn.
2326 3075 2487 3121 Vereor
2505 3070 2619 3123 enim
2639 3075 2737 3132 quia
2762 3082 2860 3132 pro>

1590 3152 1658 3204 eo,
1685 3152 1797 3209 quod
1823 3150 2070 3196 carnalibus
2090 3157 2133 3196 et
2157 3148 2326 3195 stolidis
2343 3148 2643 3199 voluntatibus
2658 3149 2742 3192 tuis
2759 3149 2840 3194 boc

1592 3227 1634 3270 ln
1670 3226 1766 3270 loco
1799 3226 2034 3278 resistitur,
2069 3225 2155 3269 alio
2185 3223 2372 3282 migrare
2403 3221 2539 3275 velis:
2575 3235 2628 3268 ac
2654 3235 2709 3268 ne
2729 3223 2841 3267 sorte

1592 3300 1663 3343 alii
1684 3299 1925 3344 discessum
1951 3304 2071 3343 tuum
2086 3285 2351 3350 causentur,
2374 3296 2443 3342 vel
2474 3297 2605 3341 etiam
2634 3308 2658 3339 a
2683 3294 2838 3362 teipso,

1592 3372 1703 3417 sicut
1727 3384 1824 3416 vere
1858 3377 1942 3424 est,
1977 3370 2331 3429 reprehensibilis
2348 3364 2568 3420 videatur,
2600 3368 2683 3418 su‘b
2718 3366 2838 3411 vele-

1591 3519 1743 3564 metius
1766 3532 1816 3562 ae
1840 3518 2072 3578 perfectius
2105 3518 2149 3565 in
2190 3530 2258 3570 eo,
2292 3516 2347 3561 ad
2370 3525 2498 3575 quem
2528 3516 2706 3574 migras,
2741 3514 2839 3569 loco
2901 3501 2907 3526 ⁵

1590 3592 1779 3644 vivendi,
1802 3605 1931 3648 quam
1956 3591 1999 3636 in
2024 3591 2107 3636 isto
2120 3589 2233 3643 ‘vivis
2259 3591 2325 3635 vel
2345 3589 2491 3635 vivere
2514 3596 2634 3651 potes
2654 3589 2769 3641 loco,
2791 3586 2853 3631 in>

1590 3677 1675 3721 quo
1716 3665 1844 3709 modo
1880 3678 1942 3710 es.
1985 3663 2226 3722 Nonnullos
2266 3662 2426 3720 quippe
2465 3661 2684 3721 multoties
2718 3660 2833 3712 vidi,

1590 3736 1765 3791 quibus,
1805 3747 1904 3779 cum
1940 3734 1983 3778 in
2025 3745 2175 3779 eorum
2214 3732 2440 3778 desideriis
2476 3730 2731 3792 vellii-atres
2767 3731 2849 3784 vel¹

1590 3807 1754 3863 praelati
1790 3808 1858 3853 sui
1890 3809 2159 3859 resisterent,
2199 3805 2344 3851 statim
2376 3804 2491 3856 irati,
2527 3810 2571 3848 ut
2603 3803 2703 3858 alibi
2737 3792 2872 3859 per-¹

1591 3879 1745 3924 sectius
1768 3887 1810 3925 et
1831 3880 2074 3926 districtius
2094 3881 2304 3930 viverent,
2331 3878 2516 3934 migrare
2541 3876 2752 3921 volebant.
2774 3874 2834 3931 „Et

1590 3966 1691 3998 ecce
1707 3967 1819 4004 mox,
1836 3961 1882 3997 ut
1904 3959 2074 4010 tempus
2096 3954 2181 3999 irae.
2206 3958 2250 3997 et
2264 3951 2601 4009 perturbationis
2619 3956 2836 4006 pertrans·

1591 4026 1741 4077 iverat,
1773 4026 1880 4070 satis
1911 4025 2144 4071 districtus
2161 4028 2226 4070 eis
2246 4025 2450 4073 visus'est
2476 4023 2583 4066 ordo
2606 4035 2727 4072 suus,
2752 4033 2832 4065 uec

1591 4098 1811 4143 discedere
1828 4111 2049 4156 quoquam
2065 4098 2282 4143 volebant.
2304 4096 2358 4142 Et
2376 4096 2538 4142 bonum
2576 4095 2747 4152 quidem
2768 4096 2832 4140 eis

1591 4174 1640 4214 ut
1661 4170 1954 4224 discederent,
1970 4170 2046 4216 sed
2064 4171 2101 4216 si
2119 4181 2265 4216 seeum
2289 4164 2457 4226 seipsos
2477 4180 2564 4213 non
2585 4165 2833 4224 circumser-
2867 4193 2869 4207 2

1591 4249 1701 4287 rent.
1724 4241 1848 4287 Nunc
1881 4248 2038 4297 autern.
2064 4243 2165 4301 quia
2193 4254 2341 4287 secum
2375 4241 2535 4298 ubique
2557 4241 2722 4296 seipsos
2745 4238 2831 4282 cir-
2866 4227 2869 4261 s

1593 4311 1753 4366 ferunt,
1779 4314 2069 4372 semperalibi
2085 4313 2328 4369 incurrunt,
2346 4311 2463 4369 quod
2485 4311 2552 4355 bie
2577 4309 2760 4366 fugiunt,
2786 4313 2830 4353 ct
2866 4302 2867 4354 ἷ

1594 4386 1904 4444 perturbationi
1926 4384 1970 4431 in
1990 4388 2087 4431 loen
2115 4385 2256 4431 alieno
2290 4373 2606 4442 approximant,
2631 4394 2653 4425 a
2675 4380 2830 4438 quain
2896 4415 2914 4440 s

1595 4470 1674 4503 suo
1707 4470 1754 4504 se
1772 4459 1998 4515 elongant.
2034 4457 2157 4515 δερμα
2183 4468 2296 4504 vcro.
2333 4468 2429 4505 cum
2462 4449 2700 4512 praecibites
2735 4451 2828 4497 vita
2859 4462 2861 4467 ·
