2924 4588
258 136 372 190 issi·

1275 136 1436 183 vernt
1467 120 1814 184 conssroms
1866 140 1868 143 ·

2699 149 2805 194 ¹808
2832 129 2840 149 ⁷

290 238 475 290 ,Dicitur
492 243 630 304 autqn
670 234 813 290 templi
839 232 1068 282 dedicatio,
1089 232 1372 274 sanctificatio
1392 243 1488 274 cor·
1511 235 1547 280 A
1571 229 1818 286 ui).Vinum
1837 234 1978 272 autem
1995 230 2198 275 memoria
2216 226 2397 275 Domini.
2412 246 2447 277 a>
2465 233 2692 290 passionis.
2708 238 2807 284 lta-‚0

258 295 389 348 poris,
415 293 564 346 religio
602 292 751 339 aniini,
783 290 965 332 tiliorum
987 288 1172 342 adoptio.
1199 286 1398 330 Dedicata
1423 293 1488 329 cst
1511 290 1522 294 “

256 351 370 391 inim
405 347 611 395 ecclesia,
637 346 678 388 id
713 346 930 388 cstsseinel
951 344 1199 387 confirmata
1227 342 1274 385 in
1300 355 1403 384 :isus
1424 343 1490 384 di·

260 406 397 450 vinos,
418 409 464 444 ut
484 401 783 443 communibus
807 400 961 443 usibus
985 410 1034 441 ea
1058 398 1260 452 deinceps
1283 410 1368 440 non
1396 406 1489 456 uta-

259 473 380 509 mur;
413 458 609 500 dedicare
653 457 784 503 enim.
825 456 1082 497 confirmate
1119 459 1206 502 est,
1237 454 1361 507 quasi
1406 453 1490 495 Deo

257 517 416 555 dicare.
457 495 639 564 Religio·
643 522 744 554 vero
770 511 940 565 proprie
965 508 1254 550 membrorum
1273 513 1370 550 est:
1413 520 1488 562 pn·

261 575 484 622 peccatum
505 569 616 609 enim
632 566 756 620 primi
774 566 962 619 parentis
990 564 1177 606 membra
1202 570 1490 617 proruperunt

261 628 302 667 in
335 630 475 666 motos
499 621 780 669 inordinatos,
808 621 880 674 qui
900 619 982 662 nisi
1011 619 1090 661 sul)
1114 619 1266 660 timore
1289 617 1361 660 Dei
1390 618 1489 660 reli-

260 687 427 734 gentur,
471 677 663 719 serentur
687 678 729 719 in
764 678 936 717 ruinam
976 673 1270 727 turpitudinis.
1300 671 1487 714 Mem-bra

259 747 335 783 sua
349 734 410 778 sic
428 733 547 786 ligari
566 733 739 786 optabat
750 730 959 785 Propheta
973 729 1121 772 dicens
1134 741 1143 768 :
1156 727 1324 782 Confiqe
1343 729 1490 769 timore

262 799 330 831 tuo
367 802 510 831 carnes
535 800 645 828 meas
672 786 809 842 (Paul.
838 784 1037 837 cxxviii).
1074 784 1226 825 Anima
1263 795 1364 825 vero
1397 784 1487 826 sola

260 845 504 900 adoptione,
532 841 575 883 id
599 847 665 884 est
707 841 843 897 gratia
866 839 1150 896 praeveniente
1173 839 1485 881 sanctificatur.

259 900 346 943 Nec
370 897 600 948 miremini,
632 897 667 939 si
701 897 938 940 dixerimus
962 900 1214 948 praesentem
1240 895 1490 936 solemnita-

254 964 343 997 tem
368 954 422 996 ad
440 951 768 998 sanctitudinem
785 964 871 995 non
895 956 1058 993 tantum
1082 949 1242 1005 templi,
1263 949 1338 993 sed
1362 952 1487 991 ctiam

253 1011 480 1055 'hominum
513 1008 743 1063 pertinere.
781 1006 1001 1050 Celebrior
1031 1005 1143 1048 enim
1168 1012 1234 1048 est
1274 1004 1489 1048 dedicatio

262 1065 497 1113 hominum,
517 1075 642 1118 quam
667 1063 938 1116 templorum.
962 1061 1020 1104 De
1053 1060 1317 1104 dedicatione
1337 1060 1486 1114 templi

261 1120 542 1167 solemnizant
561 1118 756 1161 homines
779 1119 821 1160 in
850 1118 976 1160 terris
997 1129 1006 1156 z
1031 1116 1083 1159 de
1103 1116 1372 1158 dedicatione
1411 1116 1488 1157 ho-

262 1176 388 1226 minis
422 1174 638 1218 exsultant
676 1175 813 1228 angeli
853 1174 896 1215 in
926 1173 1063 1214 coelis.
1095 1170 1166 1213 illa
1202 1172 1402 1216 visibilis.
1447 1179 1488 1214 ct

261 1231 390 1275 semel
417 1230 544 1280 sacta,
570 1229 672 1272 etin
692 1229 806 1271 brevi
828 1235 1152 1278 camsmmnata3
1167 1227 1246 1268 ista
1263 1227 1489 1270 invisibilis

259 1293 300 1328 ct
334 1286 609 1341 sempiterna,
651 1285 721 1326 hic
747 1286 916 1339 incepta
943 1284 986 1325 in
1029 1283 1294 1338 longitudine
1319 1282 1485 1325 dicrum

260 1340 648 1394 consmmnabitur.
683 1339 760 1382 liic
796 1347 861 1383 est
885 1339 1124 1389 aedificatio,
1159 1337 1214 1380 ilii
1243 1337 1485 1390 dedicatio3

260 1400 371 1440 illam
390 1397 619 1445 celei-»ravit
638 1395 841 1450 pontifex,
868 1395 940 1449 qui
966 1395 1092 1436 homo
1118 1398 1210 1436 erat
1238 1393 1390 1436 similis
1410 1405 1486 1435 no-

260 1456 324 1498 bis
366 1453 598 1507 passibilis,
642 1454 767 1496 ista-m
798 1456 1005 1506 oporatur
1042 1448 1240 1491 Christus
1278 1449 1486 1492 assistens

260 1510 448 1563 pmtil'ex
476 1508 718 1551 futurorum
759 1508 996 1556 bonorum;
1035 1505 1105 1546 illa
1143 1504 1395 1559 imaginaria
1421 1511 1486 1546 est

259 1566 399 1613 istius.
425 1565 505 1608 ista
531 1563 688 1608 veritas
712 1569 777 1607 est
802 1561 1000 1618 imaginis
1023 1559 1134 1615 ejus.
1159 1557 1389 1603 Videamus
1406 1573 1485 1601 au-

261 1630 360 1671 tem,
388 1623 428 1662 in
454 1620 609 1673 quibus
632 1618 832 1674 consistit
865 1617 1007 1672 templi
1042 1616 1341 1666 sanctificatio,
1369 1622 1414 1657 nt
1435 1628 1484 1657 ex

258 1678 318 1719 ris
360 1675 540 1731 mystice
575 1675 830 1729 colligamus
863 1674 1085 1715 bominum
1131 1672 1419 1714 sanctitatem.
1440 1669 1486 1712 ln

258 1732 459 1786 quinque,
501 1734 546 1772 ut
577 1729 779 1779 arbitror,
828 1727 1029 1783 impletur
1067 1728 1211 1780 templi
1250 1726 1485 1778 dedicatio,

258 1801 351 1841 quac
370 1792 484 1832 sunt.
509 1798 555 1829 as
600 1786 717 1832 trsio.
743 1783 990 1839 inscriptio..
1010 1782 1174 1831 unctio,
1203 1781 1484 1833 illuminatio,

259 1843 513 1886 benedictio.
588 1840 800 1904 spergitur
819 1852 921 1883 vero
943 1850 1070 1903 aqua,
1094 1838 1165 1880 cui
1191 1837 1490 1882 admiscentur

259 1899 340 1939 tria
360 1912 391 1937 ι·
408 1898 489 1947 sal,
514 1896 641 1946 cinis,
660 1909 804 1939 vinum
823 1909 835 1948 ;
857 1895 1147 1951 aspersorium
1170 1905 1271 1937 vero
1295 1893 1348 1938 de
1387 1893 1489 1949 hys-

258 1966 363 2008 sopo
382 1954 471 1996 lieri
496 1952 619 1995 debet
637 1963 650 1994 .·
675 1958 821 2006 postea
839 1963 940 1994 vero
975 1950 1265 2017 pavimentum
1288 1948 1490 1993 inscribi·

262 2016 332 2051 tur
357 2008 584 2064 alphabeto
604 2007 753 2050 Graeco
784 2012 826 2050 et
846 2006 1017 2065 Latino,
1045 2005 1171 2049 lineis
1188 2005 1244 2048 ab
1260 2005 1416 2061 angulo
1440 2006 1482 2049 in

259 2066 462 2120 angulum
486 2064 661 2107 directis
681 2063 730 2106 ad
759 2063 933 2106 modum
966 2062 1109 2119 ern-cis
1132 2062 1175 2103 in
1213 2061 1355 2104 medio
1391 2073 1486 2105 sese

259 2119 617 2164 intersecantibus
645 2118 876 2174 :deinceps
894 2118 935 2160 in
960 2117 1184 2214 pitodeciin
1216 2117 1321 2160 locis
1349 2116 1487 2160 cin-is-

260 2182 373 2226 mate
395 2180 544 2220 sancto
569 2175 740 2224 linitur,
763 2180 799 2218 et
822 2181 917 2228 post
939 2187 959 2218 s
978 2187 1067 2229 iper
1090 2173 1238 2216 eadem
1269 2173 1361 2217 loca
1381 2173 1490 2215 dnn-

258 2233 394 2282 ‹leci‘m
420 2230 558 2275 cereis
575 2231 842 2276 illuminatur
864 2246 873 2274 :
901 2236 1118 2284 postremo
1143 2228 1375 2283 episcopali
1414 2231 1490 2271 he·

259 2288 501 2331 nedictione
517 2286 729 2330 dedicatio
753 2286 1038 2329 concluditur.
1066 2283 1224 2326 tto-um
1243 2285 1458 2327 institutio
1475 2317 1485 2335 ,

257 2350 299 2386 ct
328 2343 582 2399 significatio
618 2341 795 2385 alterius
827 2348 892 2384 est
917 2339 1238 2397 inquisit-ionis;
1273 2341 1346 2383 sed
1375 2354 1487 2396 quo-

259 2399 386 2442 modo
410 2399 453 2441 in
477 2398 591 2441 bunc
618 2398 789 2441 niodum
810 2397 1028 2440 hominum
1054 2395 1338 2440 sanctificatio
1364 2396 1490 2451 perli-

257 2455 395 2497 ciatur
415 2455 637 2509 praesentis
653 2460 718 2497 est
737 2454 1069 2510 prosecutionisr
1088 2452 1338 2507 Aspergitur
1357 2452 1493 2508 siqui-

257 2511 351 2556 dem
378 2511 515 2565 primo
531 2511 596 2551 vir
624 2514 800 2552 sumtus
824 2521 931 2563 aqua
949 2509 1206 2564 poenitentiae
1229 2513 1272 2550 et
1293 2508 1486 2562 lamenti.

259 2565 351 2608 llac'
364 2577 473 2620 aqua
502 2564 652 2608 Petrus
674 2576 876 2619 aspersus
906 2573 974 2610 est
1013 2572 1109 2607 cum
1129 2561 1243 2606 nevit
1266 2571 1426 2614 amare,
1446 2571 1492 2606 ut

258 2621 468 2674 maculam
505 2627 634 2664 ternae
668 2620 908 2676 negationis
927 2620 1118 2664 ablueret
1156 2617 1488 2676 (Matthss'xxvi).

259 2677 316 2718 De
331 2677 479 2720 eadent
492 2676 595 2720 dicit
610 2675 819 2731 Propheta
842 2689 850 2715 :
870 2675 1034 2719 Lavabo
1049 2687 1121 2730 per
1141 2675 1329 2730 sinyulas
1353 2683 1490 2718 noctes

259 2734 406 2774 lectum
443 2745 594 2783 meum,
632 2733 826 2788 lacrymis
853 2732 952 2774 meis
977 2738 1154 2784 stratum
1179 2743 1310 2773 meum
1348 2732 1491 2787 rigabo

259 2786 394 2842 (Psoi.
418 2787 496 2843 vi).
527 2787 577 2830 Et
599 2789 698 2831 alibi
727 2803 737 2831 ε
760 2786 945 2830 Fuerunt
968 2788 1066 2829 milti
1085 2788 1279 2842 tacryma-
1299 2790 1398 2840 mete
1421 2800 1492 2841 pa·

259 2858 326 2885 nes
350 2843 418 2886 die
439 2851 621 2887 actiacae
646 2843 782 2899 (Psoi.
810 2844 913 2898 xri).
957 2842 1092 2896 Quam
1118 2855 1217 2885 vero
1245 2845 1490 2886 necessaria

261 2904 317 2943 sit
356 2898 446 2944 lucc
468 2911 576 2955 aqua
615 2900 851 2942 videamus.
878 2891 1077 2957 Salomon
1105 2899 1163 2940 ait
1184 2911 1194 2939 ε
1215 2897 1313 2952 Fun
1339 2899 1489 2943 sedisti

258 2956 309 2997 ad
337 2954 528 2999 mensam
558 2955 720 3004 divitis,
748 2955 841 2998 vide
866 2962 961 3010 quae
981 2955 1056 2997 tilii
1074 2960 1349 3008 apponuntur
1370 2970 1381 2997 :
1402 2967 1490 2998 me-

258 3009 399 3058 mento
414 3010 568 3055 similia
594 3011 634 3054 ei
651 3007 1070 3067 deberepraeparare
1087 3010 1229 3065 (Pron.
1256 3010 1396 3063 xxiii).
1419 3009 1490 3052 Di·

257 3080 331 3110 ves
350 3073 413 3109 est
430 3066 631 3110 Christus
668 3065 722 3109 ad
750 3066 874 3121 cujus
910 3077 1100 3109 mensam
1124 3066 1338 3122 sedemus,
1369 3068 1487 3109 carni

256 3124 350 3176 eius
371 3127 415 3165 et
434 3122 629 3175 sanguini
667 3123 1049 3170 communicantes.
1075 3121 1240 3176 Aquam
1265 3128 1306 3170 et
1341 3122 1486 3165 vinum

258 3179 454 3233 apposuit
479 3178 603 3220 nobis
617 3177 686 3220 ille
701 3187 711 3218 ι
727 3190 806 3219 non
819 3178 926 3226 euim
941 3178 1043 3219 venit
1058 3175 1405 3231 in·aqua1amum.
1418 3177 1487 3219 sed

257 3236 298 3275 in
318 3247 424 3290 aqua
442 3240 481 3276 ee
500 3234 698 3288 sanquine
719 3232 859 3288 (Joan.
874 3232 940 3286 v).
962 3231 1086 3275 Forte
1104 3245 1181 3275 nec
1196 3233 1375 3287 tempori
1391 3245 1489 3277 con-

258 3291 388 3341 gruit,
408 3291 471 3331 vel
494 3294 722 3344 paupertas
741 3295 879 3331 vestra
902 3301 985 3332 non
1006 3290 1209 3344 suppetit,
1226 3289 1320 3331 utei
1341 3290 1485 3331 vinum

259 3346 501 3400 apponatis.
531 3343 808 3387 Primicerins
844 3353 1006 3400 martyr
1029 3346 1213 3399 domnus
1243 3345 1487 3399 Stephanus

261 3403 404 3449 vinum
440 3401 502 3444 illi
537 3400 748 3456 apposuit.
779 3405 898 3441 tanto
921 3400 1105 3452 dulcius,
1131 3403 1292 3455 quanto
1313 3402 1483 3443 novius.

258 3458 558 3511 Apposuerunt
577 3457 613 3499 ei
628 3456 771 3508 sancti
795 3460 1001 3511 martyres
1019 3453 1183 3507 vinum,
1195 3456 1266 3510 qui
1283 3458 1489 3511 sanguine

260 3525 339 3554 sno
383 3510 616 3554 Ecclesiam
648 3509 726 3554 <Dei
768 3510 1081 3555 solidaret-uun
1104 3510 1290 3566 Tempus
1313 3512 1485 3567 quidem

261 3566 546 3610 vindemiandi
567 3566 672 3622 abiit
687 3578 702 3621 ,³
734 3565 843 3608 sorte
879 3567 1209 3620 pusillanimitas
1241 3567 1419 3623 spiritns
1444 3568 1486 3610 in

260 3635 388 3666 emisa
408 3628 489 3673 est,
512 3634 566 3666 ne
602 3622 728 3669 modo
752 3623 972 3666 hominum
1012 3634 1165 3665 manus
1191 3628 1318 3678 queat
1336 3624 1483 3666 vinum

262 3679 475 3735 invenit-m
507 3690 610 3733 ergo
641 3678 706 3720 vel
731 3689 884 3731 aquam
902 3678 939 3722 ei
965 3690 1176 3734 apponere
1200 3691 1375 3722 necesse
1392 3685 1485 3727 est;

244 3735 335 3778 ‚sed
361 3746 444 3777 non
468 3740 534 3777 est
566 3733 746 3788 simplex
775 3734 863 3776 haec
887 3745 1012 3788 aqua.
1042 3732 1141 3787 Tria
1165 3734 1308 3778 secum
1331 3734 1489 3778 habere

262 3791 385 3832 <lebet
405 3802 413 3829 :
442 3790 589 3838 salem,
609 3789 794 3832 cinerem
816 3797 855 3831 et
877 3790 1039 3832 vinum.
1062 3788 1134 3831 Sal
1150 3789 1277 3831 timor
1303 3789 1485 3837 Domini,

263 3846 375 3887 unde
403 3846 445 3887 in
467 3844 655 3886 Levitico
681 3859 691 3886 z
721 3841 770 3885 In
794 3846 904 3886 onun‘
922 3845 1128 3898 sacrificio
1143 3855 1266 3897 pones
1288 3843 1489 3898 salsoede-

262 3903 320 3942 ris
351 3900 517 3942 Domini
559 3900 634 3942 Dei
674 3900 733 3941 tui
768 3899 886 3955 (Lev.
917 3903 972 3953 ι).
1000 3899 1149 3942 Timor
1177 3901 1292 3942 euim
1319 3899 1488 3942 Domini

264 3968 406 3999 comes
429 3963 493 3999 est
516 3967 593 4010 pez·
610 3966 757 3998 omnes
772 3955 930 4009 gradus
951 3970 959 3997 :
987 3956 1233 4010 quicunque
1264 3956 1377 3998 enim
1414 3967 1487 3997 sa-

264 4011 423 4054 criticia
444 4023 619 4065 opernm
633 4009 754 4052 offert
771 4010 1057 4065 Christianus,
1080 4011 1121 4053 in
1149 4011 1347 4054 omnibus
1365 4010 1489 4053 debet

265 4078 359 4110 csse
385 4068 511 4108 timor
530 4065 601 4108 Dei
636 4072 733 4108 ante
751 4067 898 4109 oculos
921 4066 1030 4121 ejus.
1049 4066 1169 4109 Cinis
1195 4073 1262 4109 est
1286 4065 1489 4109 memoria

265 4123 472 4165 circuitus
496 4121 695 4172 humani;
729 4121 812 4162 vita
838 4121 961 4166 enim'
978 4128 1125 4165 nostra
1144 4121 1267 4176 quasi
1293 4121 1404 4163 linea
1422 4127 1491 4164 est

264 4177 557 4222 circumducta
580 4175 747 4218 rediens
779 4175 829 4218 ad
858 4175 1221 4233 idempunctu1113
1254 4187 1278 4218 a
1316 4175 1491 4231 pulvere

266 4233 378 4275 enim
401 4232 626 4286 incipiens,
647 4237 688 4272 et
706 4243 784 4285 per
806 4231 999 4276 desectus
1023 4232 1240 4275 naturales
1261 4231 1384 4286 quasi
1403 4231 1490 4274 cir·

266 4286 466 4330 colai-iter
487 4286 761 4341 progrediens
784 4288 834 4329 ad
857 4288 1074 4342 pulverem
1100 4288 1341 4340 revertitur.
1369 4285 1489 4329 Hunc

267 4342 436 4383 mudum
460 4341 744 4386 inevitabilem
778 4341 876 4384 fecit
895 4342 1019 4385 nobis
1040 4354 1192 4384 manus
1217 4341 1383 4384 Domini
1411 4342 1490 4383 im·

267 4397 477 4451 pellentis,
499 4409 594 4439 cum
619 4397 675 4435 ait
701 4410 710 4436 :
735 4395 861 4439 Terra
878 4411 919 4440 es
941 4405 980 4441 et
1011 4399 1051 4442 in
1084 4404 1236 4441 terram
1258 4397 1335 4440 ibis
1367 4395 1485 4455 (Gen.

319 4465 439 4523 (140)
470 4469 515 4511 ὃ.
542 4469 713 4524 Agnetis
734 4469 865 4511 «licta.

1573 289 1655 328 tria
1673 295 1825 340 aquam
1852 287 2112 339 poenitrntiae
2129 291 2322 331 sanctam
2346 287 2522 339 iaciunt,
2543 299 2584 334 et
2607 292 2691 334 Deo
2714 296 2811 348 pl.i·'

1568 347 1752 385 centem.
1779 339 1884 392 Quis
1901 342 2012 383 enim
2039 342 2234 385 timorem
2260 343 2427 386 Domini
2449 345 2628 396 habens,
2656 355 2696 390 ct
2718 350 2806 391 ine·

1571 397 1754 439 moriam
1779 397 2112 438 novissimorum
2154 400 2349 441 recolens
2388 398 2614 443 Dominum
2652 417 2731 459 pro
2758 416 2805 448 se

1569 458 1708 494 morte
1742 451 1990 506 turpissima
2014 452 2360 501 condemnatum.
2394 467 2478 498 non
2501 457 2742 501 resolvatur
2761 459 2805 502 in

1570 505 1807 561 lacrymas?
1827 505 1932 558 Quis
1955 513 2038 548 tam
2060 507 2266 562 lapideus,
2292 508 2365 563 qui
2389 521 2473 552 non
2501 516 2618 555 totus
2646 524 2807 556 concu-

1567 563 1714 608 tiatur.
1736 567 1778 604 et
1798 568 1966 607 tremat.
1991 560 2139 605 dicens
2165 577 2173 602 τ
2195 562 2479 615 Commovisti,
2509 565 2698 621 Domine,
2719 578 2806 611 ter-

1568 629 1657 657 ram
1674 630 1803 658 meam
1823 624 1862 659 et
1886 616 2142 669 conturbasti
2162 632 2250 661 eam
2265 633 2280 661 .·
2297 633 2402 662 sana
2413 623 2676 667 contritiones
2696 624 2804 680 ejus,

1567 685 1666 724 qma
1695 679 1899 714 contmota
1923 673 2022 715 est?
2046 672 2182 730 (Psal.
2203 675 2309 728 nx.)

1624 741 1827 796 Sequitur
1863 740 1917 784 de
1955 741 2248 798 inscriptione.
2278 745 2354 789 llic
2375 754 2442 790 est
2482 747 2599 803 rigor
2639 748 2806 794 ordinis

1567 798 1718 847 vestri,
1740 810 1763 839 a
1779 798 1944 840 sanctis
1961 796 2161 845 Patribus
2191 802 2313 845 vobis
2339 803 2539 854 traditus,
2564 809 2604 846 et
2626 803 2667 846 in
2695 806 2804 848 scri-

1568 853 1653 907 ptis
1672 853 1887 896 redactus.
1915 852 2011 895 llaec
2031 861 2131 896 sunt
2148 856 2359 899 elementa
2393 859 2614 914 religionis
2635 866 2804 912 vestrae,

1568 908 1725 961 quibus
1752 909 1958 951 initialem
1980 911 2234 953 canonicum
2260 913 2391 956 imbui
2415 911 2593 958 necesse
2612 923 2677 957 est
2719 913 2803 958 Ge-

1569 964 1683 1026 mina
1709 975 1807 1007 vero
1830 969 1896 1008 est
1921 964 2163 1019 inscriptio,
2187 968 2286 1021 quia
2314 975 2357 1012 et
2384 970 2428 1012 in
2454 969 2613 1013 tabulis
2632 971 2802 1020 cordis.

1569 1027 1610 1060 ct
1636 1031 1677 1061 in
1703 1019 1948 1075 pavimento
1973 1032 2169 1075 corporis
2195 1025 2331 1066 nostri
2357 1026 2643 1070 indelebiliter
2672 1026 2804 1071 scribi

1569 1074 1709 1124 delict,
1734 1087 1819 1117 non
1840 1075 1950 1118 sicut
1968 1077 2009 1117 in
2026 1077 2162 1131 glacie
2178 1078 2397 1123 adfaciem
2422 1081 2541 1124 solis.
2558 1079 2605 1123 ln
2625 1087 2806 1136 utroque

1571 1142 1672 1172 vero
1694 1131 1750 1174 ab
1777 1131 1932 1186 angulo
1951 1132 1990 1172 in
2016 1134 2235 1187 angulum.
2253 1133 2335 1178 Sed
2360 1137 2551 1192 nunquid
2581 1149 2655 1178 ror
2676 1150 2807 1193 angi.-

1570 1186 1708 1228 losum
1724 1186 1920 1229 dolosum
1950 1188 2109 1230 dicitur
2128 1194 2169 1231 et
2185 1189 2390 1233 detestari
2408 1193 2547 1235 solet?
2568 1192 2644 1234 Hic
2661 1200 2803 1235 autem

1569 1242 1678 1298 dnos
1703 1242 1845 1285 cordis
1871 1243 2052 1298 angulos
2081 1257 2299 1295 vocamus.
2331 1258 2406 1291 cor
2446 1248 2604 1291 humile
2631 1280 2641 1299 ‚
2663 1258 2699 1291 ct
2729 1260 2805 1291 cor

1569 1298 1718 1341 altum.
1744 1297 1830 1341 Cor
1851 1298 2012 1342 humile
2031 1306 2113 1350 est,
2155 1313 2251 1343 cum
2293 1303 2392 1356 quis
2419 1315 2465 1348 se
2488 1303 2594 1347 nihil
2617 1316 2712 1347 esse
2734 1317 2804 1347 re-

1568 1359 1740 1407 putans,
1763 1365 1859 1396 cuin
1884 1358 2024 1398 omnia
2057 1356 2218 1406 fecerit,
2243 1358 2346 1402 dicit
2358 1371 2404 1402 se
2421 1372 2592 1403 servum
2611 1360 2806 1403 inutilem

1568 1408 1686 1462 (Luc.
1714 1413 1837 1464 xvii).
1871 1409 1929 1451 Da
1965 1411 2047 1453 hoc
2069 1412 2199 1455 corde
2224 1412 2382 1457 dicitur
2402 1427 2413 1438 ·
2435 1414 2800 1466 Proevoricatores‚

1569 1466 1695 1506 redite
1718 1464 1772 1505 ad
1794 1479 1866 1507 cor
1889 1464 1994 1521 (Iso.
2015 1468 2244 1523 xnvr).Cor
2262 1471 2412 1520 altum,
2427 1483 2524 1515 cuin
2546 1472 2644 1525 quis
2663 1477 2806 1514 mente

1570 1532 1618 1563 su
1647 1533 1741 1563 sum
1774 1523 1955 1576 raptor,
1980 1523 2127 1566 dicens
2149 1541 2171 1567 :.
2189 1523 2296 1568 Mihi
2317 1533 2454 1568 atatem
2478 1525 2685 1579 (πόρων-ενα
2720 1527 2804 1570 Deo

1568 1578 1717 1618 boumn
1735 1583 1795 1618 eat
1825 1576 1958 1632 (Psoi.
1987 1579 2148 1634 Lxxtt);
2169 1579 2221 1623 de
2239 1593 2326 1635 quo
2350 1580 2518 1632 dictum
2550 1589 2617 1626 est
2642 1599 2650 1625 :
2678 1583 2806 1624 Acce-

1568 1631 1634 1673 det
1658 1632 1779 1673 loonio
1801 1632 1855 1674 ad
1889 1647 1959 1675 cor
1992 1635 2141 1687 altum,
2165 1643 2204 1677 et
2223 1637 2478 1680 exaltabitur
2515 1636 2628 1681 Deus
2665 1637 2803 1693 (Psoi.

1569 1687 1708 1742 thtt).
1742 1687 1778 1730 A
1798 1689 1929 1732 corde
1949 1701 2054 1745 ergo
2079 1691 2229 1734 humili
2255 1705 2392 1748 usque
2415 1693 2569 1736 adcor
2590 1695 2741 1743 altum,
2763 1693 2805 1736 id

1568 1750 1635 1786 cst
1660 1744 1750 1787 sive
1778 1744 1953 1786 humilia
1975 1746 2026 1788 de
2059 1747 2180 1790 vonis
2201 1749 2414 1797 sentiatis.
2441 1750 2530 1792 sive
2550 1756 2691 1793 mente
2730 1762 2806 1793 ex-

1568 1798 1731 1842 cedatis
1747 1830 1761 1850 ‚
1779 1800 2010 1856 inscriptos
2024 1803 2143 1845 vohis
2156 1804 2311 1848 limites
2327 1805 2450 1847 tii-mo
2461 1805 2591 1848 corde
2605 1805 2804 1855 teneatis.

1568 1867 1621 1898 ne
1640 1855 1748 1898 sorte
1766 1856 1934 1899 dicatur
1955 1858 2007 1899 de
2031 1858 2151 1902 volas
2178 1871 2188 1899 ε
2215 1858 2297 1902 Hic
2318 1861 2438 1907 harno
2457 1862 2574 1913 coepit
2599 1861 2808 1914 adificare

1568 1918 1606 1952 et
1631 1924 1716 1953 non
1738 1912 1871 1966 potuit
1896 1925 2183 1956 consummare
2200 1913 2438 1972 (Lucam).
2468 1915 2565 1959 llaec
2589 1916 2716 1959 etiam
2740 1918 2806 1959 in-

1569 1967 1746 2023 scriptio
1785 1967 1898 2010 facta
1932 1975 1997 2011 est
2036 1970 2076 2010 in
2104 1972 2357 2025 corporibus
2384 1974 2563 2017 nostris.
2594 1972 2804 2028 Stigmata

1570 2023 1683 2065 enim
1708 2021 1875 2066 Domini
1901 2022 1999 2066 Jesu
2025 2027 2212 2078 portatis
2237 2026 2277 2069 in
2297 2039 2478 2083 corpore
2501 2035 2669 2077 vestro:
2707 2028 2806 2073 cha-

1570 2079 1750 2130 racteris
1774 2079 1888 2122 enim
1916 2081 2082 2135 insigne
2103 2083 2223 2126 vobis
2242 2083 2499 2138 impressum
2522 2093 2606 2134 est,
2632 2095 2722 2138 quo
2753 2084 2810 2127 do

1573 2134 1688 2177 sacili
1715 2135 1880 2177 ordinis
1919 2137 2048 2178 vestri
2083 2137 2304 2182 distinctio
2327 2139 2454 2181 etiam
2480 2141 2648 2184 visibus
2673 2147 2804 2195 patet.

1571 2189 1767 2233 Tonsura
1794 2192 1907 2234 enini
1933 2192 2105 2247 capitis,
2128 2194 2307 2237 vestium
2328 2194 2402 2236 vili
2425 2206 2473 2238 as
2489 2203 2532 2238 et
2552 2197 2804 2244 mundities,

1570 2247 1766 2289 ruborum
1791 2248 1910 2288 arida
1936 2249 2164 2296 sobrietas,
2189 2260 2344 2301 tumus,
2375 2253 2456 2293 inc·
2473 2251 2599 2301 ssus.>
2625 2259 2774 2307 gestus
2791 2283 2805 2301 .

1570 2309 1611 2344 ct
1631 2302 1802 2345 habitus
1819 2307 2101 2358 compositus,
2124 2314 2166 2347 ct
2186 2312 2337 2349 uetera
2356 2306 2399 2349 in
2421 2306 2534 2350 hunc
2553 2309 2727 2351 modum
2741 2308 2807 2350 in·

1573 2358 1830 2412 scriptiones
1867 2364 1968 2401 suut
1997 2362 2119 2404 vohis
2143 2363 2379 2416 impl-essm,
2411 2371 2453 2406 et
2482 2363 2604 2420 signa
2627 2361 2701 2407 Dei
2733 2377 2806 2406 ve·

1572 2415 1665 2461 stri.
1685 2420 1729 2455 ut
1742 2415 1887 2458 dicere
1898 2415 2073 2471 possit's
2090 2430 2098 2455 :
2115 2417 2255 2460 Posuit
2272 2420 2432 2473 siquam
2453 2419 2495 2461 in
2510 2421 2656 2474 {aciem
2674 2431 2805 2462 meam

1571 2478 1615 2510 ut
1633 2470 1792 2512 nullum
1813 2480 1962 2524 proeter
1982 2474 2537 2526 eumontatoremadunittam
2553 2474 2687 2533 (140).
2706 2474 2806 2518 ttaec

1571 2532 1714 2589 autem
1739 2527 1860 2582 signa
1883 2531 2010 2578 sunt,
2036 2530 2089 2570 ab
2119 2531 2276 2584 angulo
2294 2531 2490 2585 corporis
2517 2533 2557 2572 in
2582 2532 2806 2586 angulum,

1571 2583 1611 2624 ιιι
1640 2586 1706 2627 est
1729 2594 1752 2624 a
1772 2583 1914 2637 capite
1941 2595 2077 2638 usque
2100 2585 2151 2627 ad
2177 2586 2323 2640 pedes,
2351 2594 2397 2629 ιιι
2431 2587 2547 2630 nulla
2572 2587 2809 2630 enormitas

1571 2648 1593 2679 a
1620 2638 1763 2692 planta
1787 2639 1908 2692 pedis
1937 2650 2073 2695 usque
2098 2641 2152 2683 ad
2177 2641 2378 2685 verticem
2413 2643 2456 2686 in
2498 2641 2616 2686 vobis
2648 2641 2808 2688 babere

1574 2694 1715 2737 locum
1740 2695 1954 2746 videatur,
1997 2695 2062 2737 vel
2088 2696 2144 2739 ab
2170 2697 2296 2740 initio
2331 2697 2615 2754 professionis
2651 2704 2810 2744 vestras

1572 2762 1708 2805 usque
1736 2749 1778 2793 in
1820 2749 1945 2793 linem
1969 2751 2064 2794 vita}
2084 2752 2184 2807 quia
2210 2753 2320 2797 citra
2356 2756 2579 2798 veritatem
2603 2753 2806 2803 sacrificii

1569 2813 1635 2848 est
1662 2805 1842 2850 caudam
1884 2806 2036 2850 hostiae
2069 2821 2153 2851 non
2179 2810 2332 2854 oll'erre
2355 2808 2474 2866 (Lev.
2496 2811 2582 2866 ιιι).
2659 2812 2664 2816 ’

1627 2878 1834 2937 Sequitur
1870 2878 1924 2922 de
1947 2879 2164 2925 unctione.
2194 2882 2507 2925 Duodcnariam
2550 2881 2803 2927 unctionem

1568 2945 1754 2979 vesti-nm
1781 2947 2010 2989 possumus
2033 2937 2284 2993 intelligere.
2311 2940 2590 2982 iimtationem
2625 2946 2802 2995 aposto-

1569 2993 1711 3040 icam,
1729 3002 1856 3046 quam
1876 2994 2161 3047 proposuistis
2178 2995 2313 3037 vobis.
2336 2994 2418 3037 Alii
2435 2995 2546 3037 enim
2561 2994 2802 3044 coemibitae.

1568 3061 1677 3103 «titos
1699 3047 1934 3092 monachos
1954 3050 2236 3102 appellamus.
2262 3063 2314 3092 oe
2337 3051 2443 3093 alter
2468 3050 2647 3095 alterius
2670 3062 2804 3094 oriere

1568 3109 1850 3159 premeretur.
1881 3105 2142 3158 singularem
2165 3107 2347 3161 quisque
2366 3106 2431 3149 sui
2457 3106 2698 3152 custodiam
2717 3107 2806 3150 ele-

1568 3164 1746 3213 gerunt3
1769 3159 1868 3201 inde
1890 3166 1969 3208 est,
1991 3160 2105 3218 qnod
2131 3173 2208 3204 nec
2226 3161 2459 3219 baptizare,
2482 3174 2563 3205 nec
2584 3162 2679 3205 aliis
2695 3173 2806 3218 pra:-

1567 3216 1727 3260 dicare,
1762 3227 1837 3256 nec
1858 3216 2132 3270 ptenitentias
2148 3216 2372 3272 injungere
2386 3219 2449 3260 cis
2470 3219 2583 3261 licet.
2606 3216 2691 3261 Vos
2722 3229 2800 3261 au·

1569 3278 1651 3313 tem
1672 3270 1910 3313 imitatores
1929 3272 2218 3328 apostolorum
2245 3271 2514 3321 nutrimini,
2537 3285 2711 3328 quorum
2731 3287 2805 3316 cor

1567 3333 1626 3368 est
1656 3338 1782 3367 unum
1808 3333 1846 3367 et
1873 3326 2021 3371 antima?
2044 3326 2126 3378 un'a
2147 3328 2256 3383 (Act.
2281 3332 2340 3384 tv)
2360 3329 2484 3371 vobis
2515 3339 2557 3372 et
2581 3329 2678 3372 aliis
2702 3341 2802 3384 pro-

1568 3381 1712 3423 videre
1728 3383 1908 3436 potestis
1929 3390 1971 3434 et
1993 3383 2172 3451 dehetis.
2213 3382 2518 3427 Verumtamen
2536 3385 2636 3440 quia
2657 3386 2804 3428 unctio

1514 3442 1549 3486 D
1569 3436 1807 3500 spiritualis
1833 3437 1980 3492 gratia:
2013 3439 2174 3490 ml'usio
2190 3438 2272 3482 dici
2297 3439 2420 3488 solet,
2444 3444 2486 3482 et
2509 3440 2620 3484 hanc
2639 3441 2804 3484 duode-

1570 3504 1734 3534 nariam
1762 3489 2039 3555 infusionem}v
2056 3495 2109 3554 ad
2126 3495 2357 3538 ‘duodecim
2376 3495 2582 3538 virtutum
2609 3497 2804 3551 largitio-

1567 3561 1665 3591 nem
1699 3547 1862 3591 referre
1880 3561 1965 3592 non
1989 3549 2222 3604 incongrue
2246 3562 2491 3606 possumus,
2516 3552 2631 3606 quod
2653 3548 2802 3608 pau‘cis

1569 3604 1732 3646 absolvi
1775 3610 1931 3658 potest.
1962 3603 2156 3659 Quntuor
2189 3618 2302 3650 enun
2328 3612 2429 3650 sunt
2462 3605 2663 3659 virtutes.
2689 3618 2798 3663 quas

1568 3659 1809 3703 cardinales
1830 3659 2028 3705 dicimus.
2065 3659 2235 3704 lustitia
2261 3668 2343 3711 est.
2375 3674 2642 3717 quaecunque
2662 3663 2804 3707 reddit

1568 3714 1680 3769 quod
1709 3727 1834 3758 suum
1858 3722 1940 3765 (ιι,
1967 3717 2008 3759 id
2026 3716 2215 3765 estin-o,
2249 3718 2347 3767 sibi,
2373 3723 2415 3759 ct
2438 3718 2658 3772 proximo;
2695 3731 2800 3774 pru-

1570 3771 1730 3819 dentia,
1749 3782 1844 3825 quae
1859 3777 1926 3814 est
1948 3771 1990 3815 in
2009 3773 2296 3826 praecavendis
2311 3773 2498 3828 peccatis
2509 3778 2552 3815 et
2568 3772 2800 3825 molestiis;

1569 3828 1852 3880 temperantia
1877 3826 1921 3869 in
1954 3828 2210 3882 ·prosperis;
2253 3829 2459 3870 fortitudo
2507 3829 2551 3870 in
2589 3830 2797 3872 advers's.

1570 3881 1774 3932 Quaelibet
1802 3882 1950 3923 haruin
1985 3883 2092 3927 duas
2112 3895 2258 3925 secum
2282 3884 2410 3926 habet
2426 3883 2694 3928 collaterales
2714 3885 2800 3926 vir·

1571 3942 1634 3978 tut
1663 3949 1684 3978 s
1701 3952 1708 3977 ;
1722 3937 2021 3990 justitiae-enin·
2035 3939 2242 3982 assistunt
2255 3937 2549 3982 misericordia
2563 3947 2606 3982 et
2619 3939 2798 3991 veritam

1570 3993 1651 4034 nisi
1672 3994 1784 4035 enim
1821 3994 2115 4042 tinserieordia
2137 3995 2278 4037 obviet
2304 3996 2487 4042 veritati,
2511 3995 2599 4048 jam
2625 4007 2708 4038 non
2735 4004 2801 4038 est
2851 4034 2857 4037 .

1570 4047 1883 4095 misericordia.
1907 4049 1995 4090 sed
2038 4049 2241 4102 miseria3
2270 4056 2311 4091 ct
2353 4050 2437 4093 nisi
2464 4051 2623 4094 veritas
2657 4050 2801 4096 obviet

1571 4102 1889 4153 mtseitcordiae,
1926 4103 2014 4157 jam
2052 4116 2136 4146 non
2162 4110 2231 4148 est
2256 4107 2428 4152 veritas,
2468 4105 2544 4148 sed
2574 4107 2798 4150 severitas,

1570 4155 1813 4201 Prudentiae
1835 4158 2044 4201 assistunt
2061 4162 2203 4203 carnis
2223 4161 2492 4204 mortificatio
2524 4167 2567 4204 et
2598 4160 2802 4205 ‹bedien-

1571 4213 1661 4265 tia;
1690 4226 1765 4267 per
1786 4214 1931 4256 carnis
1956 4215 2070 4256 enim
2096 4217 2426 4259 macerationem
2451 4228 2475 4258 a
2492 4217 2640 4262 multis
2671 4217 2803 4259 nobis.

1571 4268 1845 4364 providemus
1866 4271 1908 4314 in
1933 4276 2150 4326 posterum
2190 4273 2458 4316 excessiuus.
2491 4271 2615 4322 Natu,
2644 4279 2689 4314 ut
2713 4272 2798 4314 aba

1571 4332 1671 4365 omn
1695 4335 1780 4374 aiii.
1844 4367 1854 4370 ,

1702 4396 1799 4439 Sine
1812 4394 1955 4439 Cerere
1977 4403 2015 4438 et
2042 4395 2200 4440 Baccho
2221 4397 2342 4455 [rigel
2370 4399 2501 4443 Venus
2524 4397 2658 4458 (141),

1630 4465 1743 4524 (140
1763 4468 1934 4514 Terent.
1956 4471 1997 4512 in
2028 4469 2136 4517 Emi.
