2924 4588
65 125 145 169 723

725 123 794 167 or„
825 123 1158 170 τιιιΡΑιιίιΤο
1189 115 1607 174 TABERNACULO.
1636 152 1690 160 -
1718 126 1863 174 PARS
1890 129 1939 175 ιι.

2539 123 2620 179 736

14 262 16 270 ,
60 215 271 260 visibilem
299 214 492 258 exterius
524 213 788 271 intuentibus
829 223 1136 273 repraesentant
1174 218 1302 262 deco·
1324 220 1361 268 Α
1382 230 1458 275 per
1486 232 1615 276 opera
1640 233 1713 264 sex
1738 223 1905 266 dierum
1928 221 2198 278 exp-innitur,
2218 221 2379 267 liabent
2401 223 2620 279 operatio-

60 300 167 339 rem,
208 287 284 332 sed
321 296 365 332 et
399 287 664 344 spiritualem
698 289 740 331 in
771 301 818 333 se
841 289 1045 334 latentem
1080 291 1300 336 continent

62 359 445 417 significationem,
479 361 582 417 quia
623 360 790 418 singula
829 362 1033 407 nimirum
1067 363 1149 407 ista
1190 363 1299 408 insi-

57 433 158 488 gnia
189 431 444 489 spiritualia,
480 446 576 490 quae
608 434 652 477 in
676 435 902 479 sanctitate
927 434 1082 480 debent
1097 447 1305 491 exercere-

59 506 401 551 conversationis
419 506 604 563 innuunt
624 517 892 554 ornamenta.
919 508 1139 566 Siquidem
1158 523 1301 555 annu·-

58 581 127 621 lus
160 577 284 622 fidem
303 610 315 629 ,
345 574 513 622 armilla
536 575 654 624 vero
676 581 833 625 bonam
863 581 1063 637 exprimit
1082 583 1298 639 operatio-

57 662 154 694 nem
171 681 181 700 ,
228 662 420 707 purpura
462 653 745 699 reverentiam
764 686 775 706 ,
817 655 985 711 gladius
1030 655 1263 700 vindictam
1284 689 1296 709 ,

33 730 273 787 ‘sceptrum
303 724 539 780 iustitiam,
574 732 618 773 et
640 727 845 771 diadema
881 729 1062 784 gloriam
1084 729 1295 786 designat.

27 785 37 809 ⁸·
55 794 109 851 ‘Et
133 803 228 852 apte
251 796 341 841 liaeo
366 797 452 841 duo
479 799 696 855 accipiunt
719 809 972 844 ornamenta
988 836 1000 854 ,
1027 803 1232 846 annul-um
1255 810 1299 847 et

56 869 266 911 armillam
307 886 316 913 ι
353 877 396 913 ιιι
431 871 522 926 ipsa
555 884 629 916 eos
666 873 847 916 innuant
881 873 1038 918 debere
1059 874 1229 931 -l'ulgere
1257 882 1298 918 et

58 941 152 983 fidei
180 942 433 987 rectitudine
459 944 503 987 in
523 944 765 1000 cognitione
789 946 983 990 veritatis
1005 953 1046 991 et
1068 959 1298 992 conversa-

57 1013 188 1058 tionis
219 1015 423 1073 religione
447 1018 487 1059 in
507 1015 711 1062 exercitio
737 1018 907 1063 virtutis
925 1034 935 1072 ;
957 1028 1052 1075 apte
1072 1021 1200 1064 etiam
1221 1032 1299 1064 nec

0 1123 1 1132 ,
57 1086 150 1141 sine
181 1087 339 1131 annulo
373 1085 599 1141 armillam,
629 1102 710 1134 nec
745 1091 839 1135 sinc
870 1092 1036 1135 armilla
1063 1082 1295 1144 annulum,

55 1159 154 1214 quia
187 1166 228 1203 et
259 1161 351 1204 sine
388 1160 470 1205 lide
506 1163 772 1218 impossibile
806 1170 873 1207 est
909 1164 1078 1220 placere
1114 1164 1228 1216 Deo,
1257 1173 1299 1209 ct

57 1233 161 1276 fides
182 1233 218 1277 si
246 1246 332 1279 non
357 1234 511 1280 habeat
537 1248 682 1292 opera,
708 1245 877 1282 mortua
902 1246 968 1282 est
991 1239 1033 1281 in
1051 1240 1294 1295 semetipsa.

59 1306 140 1350 Sed
166 1314 282 1353 rei-te
314 1309 538 1353 credentes
562 1318 603 1354 et
629 1317 778 1355 sancte
822 1313 1015 1356 viventes
1044 1314 1298 1357 reverentiae

55 1380 324 1426 intuentibus
342 1389 484 1434 erunt,
503 1390 544 1427 et
563 1385 839 1436 veneratione
858 1386 1143 1430 venerabilem
1161 1386 1296 1442 siqui-

55 1454 148 1498 dem
187 1455 358 1501 exhibet
387 1455 603 1500 hominem
637 1457 745 1502 lidcs
765 1463 899 1511 recta,
926 1465 966 1502 et
985 1458 1179 1513 operatio
1195 1470 1299 1502 san-

53 1533 144 1582 ct2;
181 1533 226 1571 ut
251 1541 373 1585 reges
406 1536 581 1574 nostros
611 1531 673 1574 sic
703 1537 826 1576 ornet
854 1544 1060 1589 purpura,
1091 1532 1201 1577 sicut
1223 1543 1298 1576 eos

53 1605 179 1642 ‹rnat
212 1602 395 1645 annulus
434 1608 476 1645 et
509 1602 692 1646 armilla.
727 1602 794 1646 Ad
824 1603 1055 1648 vindictam
1084 1605 1295 1648 malorum

53 1678 226 1728 portam
266 1672 484 1730 gladium?
519 1675 642 1719 etad
681 1675 957 1722 moderamen
991 1678 1170 1733 iustitiae
1206 1690 1298 1721 sce-

53 1734 235 1801 ιιιιιιιιι,Φ
257 1744 468 1808 quatenus
491 1749 553 1792 sic
582 1761 678 1793 reos
703 1750 899 1806 puniant,
926 1763 980 1794 ne
1012 1751 1055 1793 in
1081 1764 1206 1811 poena
1233 1751 1297 1793 in-

0 1847 2 1866 ἱ
53 1815 233 1872 lligenda
271 1819 443 1862 modum
484 1822 836 1876 praetenuittant;
881 1822 950 1867 sic'
980 1824 1107 1866 etiam
1143 1824 1186 1866 in
1220 1833 1298 1880 pn-

47 1888 209 1954 :ruendo
220 1890 394 1934 modum
410 1884 665 1944 observant,
683 1901 728 1938 ut
750 1895 894 1951 pravis
911 1891 1083 1952 quoquc
1097 1897 1299 1940 saeviendi

53 1962 99 2006 in
131 1969 305 2009 sanctos
335 1977 490 2010 ausum
513 1968 693 2026 tollant.
721 1966 886 2013 idcirco
910 1981 990 2014 nec
1014 1971 1106 2014 sine
1129 1976 1299 2027 sceptro

54 2031 258 2092 gladium,
293 2051 373 2083 nec
413 2040 507 2085 sine
539 2041 681 2097 gladio
717 2048 951 2098 sceptrum,
979 2050 1089 2088 utet
1110 2044 1297 2088 vindicta

51 2111 264 2168 justitiam
299 2121 440 2172 acuat,
483 2127 537 2160 ne
575 2126 669 2158 eam
699 2109 828 2160 nimis
858 2116 965 2160 citra
986 2124 1103 2174 tepor
1126 2124 1299 2162 contra-

54 2186 152 2241 ln=t;
184 2193 226 2232 et
245 2187 483 2232 vindictam
502 2189 671 2244 J'ustitia
698 2190 943 2243 modificet,
969 2204 1023 2236 ne
1050 2196 1146 2236 eam
1169 2191 1298 2238 nimis

53 2262 166 2306 ιιΙιι3
190 2251 322 2330 rigor
328 2263 545 2320 extendat
571 2262 679 2309 Vere
698 2264 853 2308 decora
876 2273 917 2308 et
945 2264 1174 2309 admodum
1201 2278 1300 2322 pre-

51 2333 165 2378 tiesa
202 2341 452 2382 ornamenta
499 2335 615 2389 haec;
646 2335 859 2380 rectitudo
897 2337 993 2381 fidei
1025 2338 1293 2390 clarificans,
1319 2370 1350 2414 C

53 2409 151 2452 vitae
182 2409 388 2453 sanctitas
425 2422 667 2461 exornans,
693 2412 942 2454 reverentiae
970 2412 1196 2457 maturitas
1218 2413 1298 2457 lio-

55 2492 231 2542 notans,
252 2482 372 2539 rigor
394 2482 593 2527 vindictae
617 2485 880 2540 (ιο3ιςιιειιε,
904 2485 1095 2529 vindicta
1118 2486 1300 2542 justitiae

55 2549 324 2600 modificans.
358 2555 521 2600 Decor-a
550 2557 744 2614 inquam,
777 2565 819 2601 et
845 2559 1151 2614 pretiosa-,sed
1169 2573 1298 2617 opor-

54 2628 116 2673 tet
144 2629 334 2684 quidem,
358 2636 407 2672 ut
435 2626 477 2675 in
501 2631 569 2675 liis
605 2643 727 2688 reges
753 2633 887 2676 nostri
911 2632 1138 2676 Dominum
1162 2645 1295 2691 expe-

53 2707 147 2747 tant
167 2709 398 2760 testem‚2et
423 2715 499 2760 pro
524 2705 593 2749 liis-
615 2717 712 2749 cum
732 2713 982 2761 exspectent
998 2713 1296 2752 remunerat&

55 2779 160 2818 rem.
197 2773 273 2818 Sic
310 2770 439 2831 igitur
474 2775 661 2827 saciant,
697 2782 738 2820 et
773 2777 887 2833 quod
913 2777 971 2820 ita
1009 2777 1120 2832 apud
1144 2789 1219 2822 eos
1240 2778 1295 2821 sit

56 2848 248 2904 plenum·
263 2848 307 2893 in
335 2851 451 2893 omni
485 2851 713 2894 severitate
730 2852 960 2906 providens
982 2852 1293 2903 testimonium,

57 2919 133 2968 saa
174 2925 238 2969 eis
277 2925 541 2969 conscientia
580 2926 817 2981 perhibeat.
862 2925 961 2970 Ideo
1005 2928 1146 2970 ornati
1186 2928 1293 2971 insi-

56 2998 207 3054 gnibus
243 2999 338 3042 istis
377 3012 500 3055 reges
531 2999 684 3050 nostri,
724 3000 919 3044 diadema
953 3000 997 3044 in
1037 3002 1178 3059 capite
1196 3013 1296 3057 por·

54 3075 160 3123 tent,
195 3071 269 3128 qui
308 3077 412 3115 tnnc
448 3073 659 3117 veraciter
687 3078 966 3123 exornantur,
1006 3086 1102 3117 cum
1137 3074 1181 3117 in
1215 3074 1297 3118 Do-

57 3143 171 3186 mino
209 3144 463 3200 gloriantur.
496 3143 596 3189 Haec
633 3157 820 3202 namque
852 3155 935 3191 vox
970 3145 1015 3191 S.
1043 3144 1167 3192 Pauli
1190 3153 1256 3191 est
1283 3163 1293 3191 z

57 3213 197 3269 Gloria
236 3226 379 3261 nostra
417 3218 503 3261 ltoec
536 3223 613 3269 est,
639 3218 917 3279 testimonium
940 3219 1201 3264 conscientiae
1222 3235 1297 3264 no·

57 3297 153 3332 stroe
178 3289 247 3347 (ΙΙ
275 3290 372 3334 Cor.
398 3303 429 3339 ι,
455 3289 542 3345 ta).
560 3289 697 3335 Decor
715 3292 860 3348 itaque
883 3292 1169 3336 diadematis
1161 3305 1204 3336 m
1224 3305 1298 3335 ca·

58 3361 158 3418 pite,
185 3376 259 3407 ver
263 3376 334 3406 um
354 3369 420 3410 est
437 3364 560 3431 bonae
576 3364 848 3408 conscientiae
860 3364 988 3427 404.
1003 3354 1294 3410 testimonium

1379 303 1505 345 rem;
1539 298 1581 335 et
1611 300 1788 350 utraque
1810 295 1854 337 in
1878 295 2021 339 l'uturo
2044 296 2212 351 plenam
2237 307 2261 338 a
2284 294 2464 338 Domino
2482 296 2622 351 perci-

1379 364 1497 419 pient
1546 366 1957 411 remunerationem.
1997 366 2106 410 Sunt
2153 366 2374 424 quingenti
2407 366 2621 423 quinqua-

1378 434 1511 490 ginta,
1552 436 1653 491 quia
1689 435 1788 479 dum
1830 437 2062 492 perfectam
2088 437 2286 480 nituntur
2314 436 2472 481 habere
2494 450 2621 480 mun·-

1378 509 1544 560 dinam,
1585 509 1628 555 iu
1651 510 1916 566 experientia
1943 511 2148 560 sensuali,
2175 510 2228 552 ad
2250 511 2435 566 quietem
2458 510 2620 566 pertin,-

1379 589 1484 637 gunt
1519 582 1667 626 animi.
1707 582 1873 627 Idcirco
1905 584 1950 626 iu
1983 583 2066 627 line
2098 584 2228 638 hujus
2262 595 2413 627 versus
2430 584 2619 639 quinque

1377 653 1537 708 gradus
1572 667 1685 711 pono
1719 671 1731 698 t
1770 645 1961 712 primum>
1989 656 2046 700 ad
2069 663 2275 707 sexcenta,
2304 657 2540 700 secundum
2565 654 2621 700 ad

1380 733 1573 780 trecenta,
1613 729 1788 771 tertium
1821 730 1872 774 ad
1904 729 2058 779 millia,
2083 734 2284 784 quartum
2306 729 2359 772 ad
2382 729 2618 785 quingenta,

1377 799 1575 855 quintum
1599 800 1652 842 ad
1675 801 1988 857 quinquaqinta.
2009 800 2061 843 Et
2077 801 2189 845 inter
2207 808 2423 854 sexcenta,
2443 802 2515 845 ubi
2532 800 2621 856 pri-

1379 884 1475 915 mus
1509 873 1667 928 gradus
1705 880 1797 926 est,
1841 875 1984 919 scribo
2018 876 2218 931 operatio,
2261 875 2372 919 inter
2411 881 2618 931 trecenta,

1378 942 1506 997 fidem
1529 944 1641 987 iuter
1664 945 1813 997 millia,
1832 947 2076 1000 proemiuvn5
2096 947 2206 989 inter
2229 946 2478 1002 quingenta,
2498 959 2615 988 niun·

1378 1014 1501 1068 ditia,
1540 1022 1583 1060 et
1616 1017 1729 1076 inter
1760 1019 2087 1076 quinquaginta,
2118 1020 2291 1075 requies.
2325 1017 2380 1062 Ut
2406 1017 2620 1074 intelliga-

1378 1094 1466 1140 tur,
1504 1089 1620 1145 quod
1658 1089 1805 1135 fideles
1838 1091 1936 1134 laici
1976 1097 2018 1135 et
2046 1092 2102 1135 ob
2125 1092 2281 1135 bonam
2311 1091 2619 1147 operationem,

1378 1155 1625 1218 rectamque
1656 1162 1798 1215 iidem,
1829 1177 1957 1220 quam
1990 1177 2105 1208 ntinc
2137 1170 2355 1218 exercent,
2384 1164 2554 1220 plenam
2578 1162 2622 1205 in

1379 1235 1522 1279 futuro
1546 1236 1783 1292 percipient
1807 1239 2223 1283 remunerationem:
2248 1243 2290 1282 et
2306 1242 2479 1294 propter
2496 1235 2623 1292 quin-

1378 1322 1462 1365 que
1493 1323 1698 1355 sensuum
1730 1310 2002 1363 munditiam,
2030 1311 2100 1355 cui
2123 1311 2367 1362 intendunt,
2389 1309 2441 1352 ad
2466 1308 2622 1352 mentis

1378 1384 1506 1428 etiam
1536 1385 2061 1440 nonnunquam-quietem
2083 1386 2211 1429 etiam
2235 1385 2277 1427 in
2302 1383 2501 1440 praesenti
2526 1394 2623 1439 per·

1378 1458 1564 1514 tingunt.
1595 1456 1698 1502 Post
1725 1457 1815 1501 haec
1842 1457 1898 1501 ab
1921 1470 2006 1500 una
2040 1463 2163 1515 parte
2185 1458 2386 1512 imaginis
2408 1456 2623 1500 Constan-

1378 1529 1456 1572 tini
1495 1531 1639 1587 magni
1674 1543 1811 1588 usque
1832 1529 1885 1574 ad
1909 1530 2035 1573 aliam
2062 1537 2224 1586 partem
2249 1529 2442 1584 eiusdem
2467 1529 2621 1584 imagi-

1346 1656 1352 1663 .
1378 1603 1463 1652 nis,
1490 1603 1687 1658 undique
1719 1613 1797 1659 per
1832 1601 2059 1645 circuitum
2100 1613 2185 1644 uno
2208 1600 2339 1644 ductu
2371 1600 2414 1643 in
2437 1599 2622 1656 quadam

1379 1676 1489 1719 linea
1522 1676 1749 1733 quadrata,
1789 1687 1884 1731 quae
1929 1687 1952 1717 a
1974 1674 2176 1730 praedicta
2201 1673 2385 1729 imagine
2408 1685 2545 1731 usque
2568 1672 2620 1716 ad

1379 1748 1573 1794 eamdem
1608 1746 1837 1804 imag-inem
1856 1746 2108 1803 porrigitur,
2132 1746 2244 1789 hunc
2266 1757 2437 1789 versum
2460 1744 2618 1789 scribo.

1380 1821 1459 1870 Isti
1484 1829 1583 1866 sunt·
1601 1821 1753 1865 summi
1776 1833 1914 1864 rerum
1938 1811 2106 1863 Domini
2131 1818 2403 1871 tabernaculi,
2421 1816 2529 1874 quod
2559 1823 2622 1861 est

1381 1896 1587 1946 Ecclesia,
1621 1893 1853 1950 de‚''eusores
1882 1894 2080 1945 solliciti,
2107 1893 2262 1936 annulo
2289 1892 2386 1947 fidei
2410 1891 2620 1947 insigniti}

1378 1968 1495 2010 bonoe
1523 1967 1773 2023 operationis
1812 1965 1980 2009 armilla
2007 1966 2161 2017 ornati,
2179 1978 2364 2021 purpura
2388 1963 2621 2007 reverentior

1378 2042 1592 2092 honorati‚·
1629 2043 1845 2085 existentes
1877 2047 1915 2084 et
1939 2040 2060 2083 malis
2083 2051 2156 2094 pro
2184 2037 2324 2095 gladio
2360 2037 2546 2081 vindictae
2569 2037 2623 2080 ti·-

1379 2116 1502 2167 mort',
1533 2122 1572 2158 el
1615 2114 1729 2158 bonis
1765 2108 1839 2170 pro
1876 2120 2036 2169 sceptro
2070 2112 2250 2170 justitiae
2287 2111 2436 2161 amori,
2460 2119 2499 2153 et
2538 2110 2621 2154 Deo

1377 2202 1452 2245 pro
1469 2188 1704 2232 diademate
1727 2187 1844 2229 boum
1868 2186 2128 2230 conscientiae
2143 2185 2303 2242 placiti.

1435 2260 1619 2306 CXXIV.
1659 2260 1711 2303 Et
1744 2261 1813 2304 liic
1839 2271 1990 2304 versus
2019 2258 2062 2302 in
2086 2258 2317 2315 principio,
2342 2257 2532 2314 quinque
2552 2255 2621 2300 sui

1378 2335 1584 2392 gradibus
1610 2333 1914 2390 distinguitur;
1954 2333 2070 2389 quia,
2108 2331 2222 2375 sicut
2260 2331 2463 2387 magister
2499 2328 2621 2385 nugo

1376 2409 1497 2460 dicit,
1513 2407 1683 2465 justitia
1700 2407 1789 2457 illa,
1807 2418 1903 2462 quae
1921 2411 2102 2449 terrenae
2123 2404 2322 2461 potestati
2348 2403 2391 2446 in
2414 2402 2620 2457 subiectis

1377 2483 1477 2527 data
1502 2487 1584 2533 est,
1622 2481 1812 2538 quinque
1847 2478 1986 2523 modis
2022 2477 2350 2538 determinatur,
2384 2474 2619 2532 secundum

1377 2566 1623 2612 personam,
1661 2552 1898 2598 secundum
1934 2562 2128 2602 causam,
2166 2545 2401 2602 secundum
2426 2547 2616 2597 modum,

1378 2628 1612 2673 secundum
1642 2626 1800 2676 locum,
1838 2632 1880 2668 et
1902 2622 2139 2668 secundum
2170 2627 2354 2677 tempuS.
2377 2619 2485 2664 Nam
2504 2618 2619 2677 quod

1378 2701 1520 2756 aliquo
1555 2693 1682 2743 modo
1707 2699 1821 2748 licet,
1846 2696 2021 2739 omnino
2043 2695 2190 2739 statim
2212 2705 2300 2736 non
2323 2694 2438 2742 licet,
2462 2700 2504 2735 et
2525 2691 2618 2747 ipsa

1372 2773 1567 2828 justitia,
1608 2771 1694 2815 nisi
1735 2771 1850 2825 juste
1878 2769 2067 2812 exhibita
2100 2765 2443 2822 suerit‚1ustitiae
2461 2776 2620 2808 nomen

1377 2845 1549 2889 amittit.
1589 2843 1858 2901 Quapropter
1894 2841 2007 2896 qnod
2044 2841 2143 2883 licet
2175 2837 2519 2895 perspiciendum
2552 2841 2619 2880 est

1378 2919 1603 2976 diligenter
1642 2928 1728 2972 quo
1768 2916 1897 2959 modo
1938 2915 2052 2968 licet,
2098 2919 2140 2958 et
2185 2911 2486 2957 considerandi
2517 2914 2618 2955 sunt

1376 2992 1491 3036 modi
1529 2990 1686 3047 quihus
1720 2989 1898 3046 J'ustitiae
1931 2987 2070 3031 forma
2099 2973 2424 3031 determinetur.
2448 2982 2616 3028 Secun-

1377 3068 1478 3110 dum
1513 3076 1742 3122 personam
1785 3057 1947 3119 aliquid
1978 3062 2094 3113 licet,
2133 3067 2176 3105 et
2211 3059 2370 3116 aliquid
2393 3070 2480 3101 non
2500 3058 2616 3110 licet,

1375 3138 1734 3197 quemadmodum
1758 3135 1955 3181 saeculari
1973 3135 2111 3192 ⁸iudici
2133 3135 2176 3179 in
2199 3144 2427 3190 personam
2443 3130 2616 3181 laicam.

1378 3216 1414 3258 si
1437 3203 1692 3270 peccaverit,
1718 3221 1892 3257 manum
1914 3210 2083 3253 mit-tere
2105 3209 2220 3258 licet,
2247 3207 2291 3250 in
2313 3204 2513 3249 clericum
2530 3215 2617 3246 non

1377 3288 1491 3333 licet.
1527 3285 1772 3331 Secundum
1808 3295 1983 3327 causam
2015 3281 2180 3337 iustitia
2203 3278 2511 3323 determinatur
2537 3291 2547 3319 z
2571 3281 2617 3319 ut

1377 3360 1577 3404 ιῑιιοὶιοει
1599 3358 1768 3414 negotia
1785 3356 2005 3400 saecularia
2031 3366 2055 3397 a
2073 3358 2283 3409 potestate
2303 3355 2504 3402 terrena;
2524 3348 2614 3403 spi-

39 3436 103 3480 4ἰιι
122 3443 278 3482 mente
309 3435 360 3480 El,
381 3438 470 3482 haec
495 3438 546 3484 de
568 3440 831 3485 ornamentis
854 3452 1003 3495 regum
1026 3440 1213 3487 breviter
1236 3448 1299 3484 al,-
1323 3435 1357 3477 D
1381 3435 1552 3479 ritualia
1588 3445 1716 3484 vero,
1732 3439 1774 3476 el.
1795 3428 2087 3475 ecclesiastica
2121 3439 2147 3470 a
2167 3431 2375 3484 poteslale
2403 3422 2617 3480 spirituali

59 3509 246 3565 ligimus.

115 3581 292 3627 cxxtll.
330 3583 519 3640 Depictis
552 3584 696 3640 itaque
720 3583 956 3631 secundum
980 3583 1173 3628 ordinem
1199 3597 1299 3629 suc-

61 3657 266 3719 cessionis
290 3670 378 3701 suae
397 3658 592 3701 iconibus
610 3657 867 3714 principum,
882 3663 924 3702 et
942 3658 1209 3713 singulorum
1226 3670 1300 3703 ιιο·

63 3729 248 3775 minibus
261 3731 445 3790 singulis
458 3731 654 3775 iconibus
667 3731 889 3793 appositis,
906 3731 950 3775 iu
963 3729 1062 3787 ipsa
1072 3731 1183 3774 linea
1202 3743 1299 3774 cro-

63 3813 153 3855 cea,
163 3790 494 3860 quae=dt=0de05m
511 3803 650 3847 tribus
660 3803 973 3858 complectitur,
979 3801 1032 3846 ab
1041 3803 1096 3845 im
1103 3807 1300 3857 peratore

65 3871 344 3922 Constantino
378 3887 514 3931 usque
555 3875 610 3922 ad
633 3874 830 3921 eumdem
855 3873 1188 3921 Constantinum
1212 3886 1300 3917 uno

65 3945 192 3993 ‹lut-‚tu
230 3960 306 4004 per
338 3933 566 3992 circuitum
596 3948 710 3991 hunc
726 3949 896 3992 versum
916 3947 1099 3995 scribo:
1127 3946 1299 3990 Suinma

67 4007 244 4062 oninium
272 4033 432 4071 eorum,
449 4021 519 4077 qui
544 4033 568 4063 a
591 4021 734 4077 viyinti
751 4022 870 4063 annis
888 4017 1065 4075 etsupra
1088 4024 1182 4063 sunt
1198 4033 1298 4062 con-

66 4094 284 4144 reumerati,
319 4101 525 4144 sexcenta,
560 4100 599 4136 et
620 4094 711 4138 ,tria
748 4093 899 4146 millia,
930 4094 1156 4148 quiuqemt,
1180 4093 1302 4148 quin-

65 4166 261 4222 quaginta
294 4165 442 4219 (Num.
484 4179 533 4218 ιι,
570 4166 655 4223 52).
694 4167 746 4210 Et
781 4167 864 4211 iste
884 4166 1055 4223 quidem
1077 4179 1297 4219 numerus,

69 4236 178 4280 sicut
195 4237 248 4281 de
264 4237 507 4283 Levitarum
526 4252 707 4283 numero
728 4240 934 4290 diximus,
961 4239 1014 4282 ad
1032 4239 1177 4283 lideles
1194 4239 1301 4283 Novi

66 4306 325 4355 Testamenti
359 4312 492 4355 laicos
510 4312 709 4369 pertinet,
740 4313 813 4369 qui
837 4311 1041 4355 nimirum
1066 4311 1302 4367 spirituali-

69 4385 134 4424 ter
169 4391 368 4428 sexcenta
391 4385 475 4427 tria
501 4386 633 4428 millia
657 4391 757 4429 sunt
787 4401 796 4427 z
821 4385 921 4441 quia
943 4389 985 4429 et
1003 4388 1163 4428 rectam
1186 4397 1301 4427 nunc

68 4461 224 4502 sancta:
247 4456 468 4501 Trinitatis
494 4457 632 4512 tidem,
660 4464 700 4503 et
719 4459 875 4503 bonam
899 4458 941 4502 in
966 4455 1182 4515 praesenti,
1208 4467 1302 4512 quae

1378 3508 1692 3552 examinentur
1738 3502 1985 3548 Secundum
2021 3500 2213 3552 molum,
2250 3499 2338 3542 sive
2371 3506 2615 3541 mensuram

1376 3581 1543 3637 justitia
1567 3577 1894 3626 determinatur,
1920 3586 2018 3617 cum
2040 3571 2238 3615 videlicet
2261 3568 2460 3625 quaelihet
2489 3566 2616 3622 culpa
2636 3599 2639 3602 ,

1378 3665 1537 3708 congrat
1547 3665 1595 3695 a.
1617 3655 1658 3694 ct
1680 3650 1760 3693 sihi
1783 3646 2055 3692 contetiienti
2079 3655 2205 3700 poena
2223 3642 2449 3691 multatur,
2470 3645 2515 3682 ut
2537 3650 2618 3682 nec

1379 3728 1472 3782 prix
1477 3731 1573 3769 atus
1609 3735 1727 3767 amor
1751 3722 1793 3764 in
1811 3720 1999 3765 vindicta
2023 3717 2238 3773 aequitatis
2260 3713 2420 3769 aliquid
2444 3713 2616 3757 subtra

1380 3802 1470 3852 liat,
1505 3801 1644 3853 neque
1675 3783 1820 3839 odium
1842 3794 2053 3849 privatum
2077 3789 2251 3844 adjiciat
2274 3787 2427 3830 debitae
2458 3785 2617 3828 severi-

1379 3879 1407 3916 t:
1410 3873 1471 3916 iti.
1514 3869 1757 3915 Secundum
1796 3868 1963 3915 locum,
2005 3870 2046 3908 et
2101 3859 2271 3916 tempus
2309 3857 2619 3903 determinatur

1376 3944 1562 4002 iustitia,
1595 3943 1630 3987 si
1654 3942 1726 3984 ulii
1752 3946 1794 3984 et
1817 3937 1987 3995 quando
2012 3936 2230 3984 convenit,
2257 3931 2468 3987 judicium
2491 3942 2615 3974 exer-

1381 4025 1516 4069 cetur,
1539 4023 1582 4059 et
1604 4013 1878 4070 prosequitur
1900 4007 2093 4054 veritatis
2117 4005 2345 4050 sententia.
2371 4001 2632 4046 Secundum>

1381 4092 1510 4148 igitur
1535 4097 1762 4144 personam
1783 4082 1949 4140 justitia
1969 4081 2172 4130 violatur,
2189 4078 2225 4121 si
2245 4077 2375 4134 Judex
2398 4074 2615 4119 saecularis

1382 4161 1426 4208 in
1473 4159 1783 4206 ecclesiaticam
1823 4164 2049 4211 personam
2087 4163 2259 4194 manum
2300 4149 2505 4198 mitteret3
2547 4143 2616 4189 sc·-

1382 4234 1566 4278 cundum
1604 4241 1805 4277 causam,
1848 4227 1883 4270 si
1927 4223 2216 4268 ecclesiastica
2254 4221 2421 4275 negotia
2455 4230 2575 4260 exam
2593 4239 2614 4249 ··

1382 4304 1522 4350 nanda
1551 4303 1815 4357 susciperet;
1842 4296 2077 4342 secundum
2098 4303 2361 4342 mensuram,
2380 4290 2416 4334 si
2440 4289 2614 4331 menda-

1382 4380 1497 4422 cium
1522 4377 1587 4420 vel
1609 4371 1880 4418 meledictum
1904 4367 2142 4424 suspendiov
2156 4366 2325 4422 puniret
2345 4378 2355 4415 ;
2378 4362 2612 4407 secundnm

1383 4455 1542 4504 locum,
1579 4449 1617 4494 si
1639 4449 1731 4492 loca
1754 4456 1883 4490 sacra.
1898 4444 2056 4489 violare
2079 4443 2369 4506 praesumeret,
2396 4441 2437 4479 et
2458 4435 2609 4486 conlui,-
