<?xml version="1.0" encoding="UTF-8"?>
<!DOCTYPE html PUBLIC "-//W3C//DTD XHTML 1.0 Transitional//EN"
    "http://www.w3.org/TR/xhtml1/DTD/xhtml1-transitional.dtd">
<html xmlns="http://www.w3.org/1999/xhtml" xml:lang="en" lang="en">
 <head>
  <title>
</title>
<meta http-equiv="Content-Type" content="text/html;charset=utf-8" />
  <meta name='ocr-system' content='tesseract 3.04.00' />
  <meta name='ocr-capabilities' content='ocr_page ocr_carea ocr_par ocr_line ocrx_word'/>
</head>
<body>
  <div class='ocr_page' id='page_1' title='image "./patrologiaecursu00hammuoft_0055.png"; bbox 0 0 2924 4588; ppageno 0'>
   <div class='ocr_carea' id='block_1_1' title="bbox 145 86 2704 271">
    <p class='ocr_par' dir='ltr' id='par_1_1' title="bbox 145 86 2704 271">
     <span class='ocr_line' id='line_1_1' title="bbox 145 86 2704 170; baseline 0.027 -44"><span class='ocrx_word' id='word_1_1' title='bbox 145 103 203 164; x_wconf 58' lang='lat'><strong>93</strong></span> <span class='ocrx_word' id='word_1_2' title='bbox 1061 86 1366 158; x_wconf 63' lang='lat' dir='ltr'><strong>scariones.</strong></span> <span class='ocrx_word' id='word_1_3' title='bbox 1401 137 1454 150; x_wconf 53' lang='grc'><strong>.-</strong></span> <span class='ocrx_word' id='word_1_4' title='bbox 1476 93 1792 162; x_wconf 60' lang='lat' dir='ltr'><strong>remmio.</strong></span> <span class='ocrx_word' id='word_1_5' title='bbox 2650 126 2704 170; x_wconf 73' lang='lat'><strong>⁹⁴</strong></span> 
     </span>
     <span class='ocr_line' id='line_1_2' title="bbox 147 194 2702 271; baseline 0.018 -15"><span class='ocrx_word' id='word_1_6' title='bbox 147 210 318 262; x_wconf 82' lang='lat' dir='ltr'><strong>eru&#39;mi,</strong></span> <span class='ocrx_word' id='word_1_7' title='bbox 334 221 413 254; x_wconf 90' lang='lat' dir='ltr'><strong>nec</strong></span> <span class='ocrx_word' id='word_1_8' title='bbox 436 207 667 260; x_wconf 83' lang='lat' dir='ltr'><strong>immerito,</strong></span> <span class='ocrx_word' id='word_1_9' title='bbox 690 207 793 259; x_wconf 88' lang='lat' dir='ltr'><strong>illis,</strong></span> <span class='ocrx_word' id='word_1_10' title='bbox 815 207 887 264; x_wconf 76' lang='lat' dir='ltr'><strong>qui</strong></span> <span class='ocrx_word' id='word_1_11' title='bbox 905 194 958 250; x_wconf 85' lang='lat' dir='ltr'><strong>ad</strong></span> <span class='ocrx_word' id='word_1_12' title='bbox 981 219 1055 251; x_wconf 89' lang='lat' dir='ltr'><strong>eas</strong></span> <span class='ocrx_word' id='word_1_13' title='bbox 1072 219 1160 250; x_wconf 88' lang='lat' dir='ltr'><strong>non</strong></span> <span class='ocrx_word' id='word_1_14' title='bbox 1180 212 1270 250; x_wconf 84' lang='lat' dir='ltr'><strong>tam</strong></span> <span class='ocrx_word' id='word_1_15' title='bbox 1293 218 1388 251; x_wconf 85' lang='lat' dir='ltr'><strong>cre·</strong></span> <span class='ocrx_word' id='word_1_16' title='bbox 1409 211 1450 257; x_wconf 75' lang='lat' dir='ltr'>A</span> <span class='ocrx_word' id='word_1_17' title='bbox 1469 221 1607 259; x_wconf 55' lang='lat' dir='ltr'><strong>must&amp;</strong></span> <span class='ocrx_word' id='word_1_18' title='bbox 1626 210 1740 265; x_wconf 57' lang='lat'><strong>4³⁰⁶</strong></span> <span class='ocrx_word' id='word_1_19' title='bbox 1766 209 1809 252; x_wconf 60' lang='lat' dir='ltr'><strong>id</strong></span> <span class='ocrx_word' id='word_1_20' title='bbox 1833 210 1963 254; x_wconf 47' lang='lat' dir='ltr'><strong>‘⁷²¹‘st</strong></span> <span class='ocrx_word' id='word_1_21' title='bbox 1979 211 2102 256; x_wconf 58' lang='lat' dir='ltr'>V⁰b³³</span> <span class='ocrx_word' id='word_1_22' title='bbox 2123 218 2268 269; x_wconf 51' lang='lat' dir='ltr'><strong>putem</strong></span> <span class='ocrx_word' id='word_1_23' title='bbox 2288 215 2606 271; x_wconf 53' lang='lat' dir='ltr'><strong>necessarium³</strong></span> <span class='ocrx_word' id='word_1_24' title='bbox 2629 218 2702 261; x_wconf 57' lang='lat' dir='ltr'><strong>sed</strong></span> 
     </span>
    </p>
   </div>
   <div class='ocr_carea' id='block_1_2' title="bbox 141 278 1389 1273">
    <p class='ocr_par' dir='ltr' id='par_1_2' title="bbox 141 278 1389 1273">
     <span class='ocr_line' id='line_1_3' title="bbox 147 278 1388 340; baseline -0.008 -10"><span class='ocrx_word' id='word_1_25' title='bbox 147 288 226 330; x_wconf 74' lang='lat' dir='ltr'><strong>bro</strong></span> <span class='ocrx_word' id='word_1_26' title='bbox 248 295 379 340; x_wconf 88' lang='lat' dir='ltr'><strong>quam</strong></span> <span class='ocrx_word' id='word_1_27' title='bbox 399 282 560 338; x_wconf 75' lang='lat' dir='ltr'><strong>iugiter</strong></span> <span class='ocrx_word' id='word_1_28' title='bbox 591 279 756 330; x_wconf 85' lang='lat' dir='ltr'><strong>sedent,</strong></span> <span class='ocrx_word' id='word_1_29' title='bbox 788 278 1024 334; x_wconf 87' lang='lat' dir='ltr'><strong>insipidum</strong></span> <span class='ocrx_word' id='word_1_30' title='bbox 1064 290 1170 330; x_wconf 81' lang='lat' dir='ltr'><strong>meac</strong></span> <span class='ocrx_word' id='word_1_31' title='bbox 1203 291 1388 335; x_wconf 86' lang='lat' dir='ltr'><strong>pauper-</strong></span> 
     </span>
     <span class='ocr_line' id='line_1_4' title="bbox 145 350 1389 410; baseline -0.006 -11"><span class='ocrx_word' id='word_1_32' title='bbox 145 356 247 399; x_wconf 87' lang='lat' dir='ltr'><strong>tatis</strong></span> <span class='ocrx_word' id='word_1_33' title='bbox 277 354 372 396; x_wconf 85' lang='lat' dir='ltr'><strong>olus</strong></span> <span class='ocrx_word' id='word_1_34' title='bbox 405 363 636 408; x_wconf 89' lang='lat' dir='ltr'><strong>apponere,</strong></span> <span class='ocrx_word' id='word_1_35' title='bbox 658 357 713 410; x_wconf 34' lang='lat'><strong>1⁸²</strong></span> <span class='ocrx_word' id='word_1_36' title='bbox 736 350 849 394; x_wconf 88' lang='lat' dir='ltr'><strong>inter</strong></span> <span class='ocrx_word' id='word_1_37' title='bbox 882 355 1100 408; x_wconf 73' lang='lat' dir='ltr'><strong>torrentes</strong></span> <span class='ocrx_word' id='word_1_38' title='bbox 1136 350 1389 405; x_wconf 80' lang='lat' dir='ltr'><strong>limpidissi-</strong></span> 
     </span>
     <span class='ocr_line' id='line_1_5' title="bbox 146 413 1386 478; baseline -0.006 -7"><span class='ocrx_word' id='word_1_39' title='bbox 146 440 241 474; x_wconf 89' lang='lat' dir='ltr'><strong>mos</strong></span> <span class='ocrx_word' id='word_1_40' title='bbox 265 427 448 468; x_wconf 78' lang='lat' dir='ltr'>lutosam</span> <span class='ocrx_word' id='word_1_41' title='bbox 473 413 671 478; x_wconf 82' lang='lat' dir='ltr'>paludem</span> <span class='ocrx_word' id='word_1_42' title='bbox 695 433 834 464; x_wconf 87' lang='lat' dir='ltr'><strong>meam</strong></span> <span class='ocrx_word' id='word_1_43' title='bbox 861 421 1105 477; x_wconf 89' lang='lat' dir='ltr'><strong>propinare.</strong></span> <span class='ocrx_word' id='word_1_44' title='bbox 1135 420 1241 474; x_wconf 84' lang='lat' dir='ltr'><strong>Quis</strong></span> <span class='ocrx_word' id='word_1_45' title='bbox 1272 419 1386 466; x_wconf 89' lang='lat' dir='ltr'><strong>enim</strong></span> 
     </span>
     <span class='ocr_line' id='line_1_6' title="bbox 147 484 1387 548; baseline -0.005 -8"><span class='ocrx_word' id='word_1_46' title='bbox 147 497 206 547; x_wconf 87' lang='lat' dir='ltr'><strong>id,</strong></span> <span class='ocrx_word' id='word_1_47' title='bbox 229 507 306 538; x_wconf 93' lang='lat' dir='ltr'><strong>nec</strong></span> <span class='ocrx_word' id='word_1_48' title='bbox 339 493 514 548; x_wconf 88' lang='lat' dir='ltr'><strong>injuste,</strong></span> <span class='ocrx_word' id='word_1_49' title='bbox 554 505 643 535; x_wconf 84' lang='lat' dir='ltr'><strong>non</strong></span> <span class='ocrx_word' id='word_1_50' title='bbox 670 484 787 535; x_wconf 89' lang='lat' dir='ltr'><strong>omni</strong></span> <span class='ocrx_word' id='word_1_51' title='bbox 821 498 1017 535; x_wconf 76' lang='lat' dir='ltr'>censeret</span> <span class='ocrx_word' id='word_1_52' title='bbox 1049 493 1387 536; x_wconf 85' lang='lat' dir='ltr'><strong>subsannatione</strong></span> 
     </span>
     <span class='ocr_line' id='line_1_7' title="bbox 145 556 1388 625; baseline -0.003 -14"><span class='ocrx_word' id='word_1_53' title='bbox 145 567 348 623; x_wconf 78' lang='lat' dir='ltr'><strong>dignum?</strong></span> <span class='ocrx_word' id='word_1_54' title='bbox 368 577 499 625; x_wconf 82' lang='lat' dir='ltr'><strong>unum</strong></span> <span class='ocrx_word' id='word_1_55' title='bbox 523 564 681 620; x_wconf 88' lang='lat' dir='ltr'><strong>quippe</strong></span> <span class='ocrx_word' id='word_1_56' title='bbox 702 575 752 607; x_wconf 87' lang='lat' dir='ltr'><strong>ac</strong></span> <span class='ocrx_word' id='word_1_57' title='bbox 768 556 882 607; x_wconf 85' lang='lat' dir='ltr'><strong>idem</strong></span> <span class='ocrx_word' id='word_1_58' title='bbox 907 563 1018 607; x_wconf 81' lang='lat' dir='ltr'><strong>soret</strong></span> <span class='ocrx_word' id='word_1_59' title='bbox 1039 577 1089 607; x_wconf 99' lang='grc'><strong>30</strong></span> <span class='ocrx_word' id='word_1_60' title='bbox 1105 565 1142 608; x_wconf 89' lang='grc'><strong>51</strong></span> <span class='ocrx_word' id='word_1_61' title='bbox 1158 564 1274 619; x_wconf 82' lang='lat' dir='ltr'>talpa</span> <span class='ocrx_word' id='word_1_62' title='bbox 1296 564 1388 607; x_wconf 78' lang='lat' dir='ltr'><strong>sus-</strong></span> 
     </span>
     <span class='ocr_line' id='line_1_8' title="bbox 147 625 1388 698; baseline -0.002 -15"><span class='ocrx_word' id='word_1_63' title='bbox 147 639 327 689; x_wconf 68' lang='grc'><strong>1001005,</strong></span> <span class='ocrx_word' id='word_1_64' title='bbox 353 642 394 681; x_wconf 86' lang='lat' dir='ltr'><strong>et</strong></span> <span class='ocrx_word' id='word_1_65' title='bbox 416 648 537 698; x_wconf 64' lang='lat' dir='ltr'><strong>caeca</strong></span> <span class='ocrx_word' id='word_1_66' title='bbox 561 636 698 692; x_wconf 83' lang='lat' dir='ltr'><strong>magis</strong></span> <span class='ocrx_word' id='word_1_67' title='bbox 720 647 850 694; x_wconf 87' lang='lat' dir='ltr'><strong>quam</strong></span> <span class='ocrx_word' id='word_1_68' title='bbox 883 642 1041 679; x_wconf 82' lang='lat' dir='ltr'><strong>caecata</strong></span> <span class='ocrx_word' id='word_1_69' title='bbox 1075 625 1228 692; x_wconf 88' lang='lat' dir='ltr'><strong>aquilae</strong></span> <span class='ocrx_word' id='word_1_70' title='bbox 1250 649 1296 680; x_wconf 87' lang='lat' dir='ltr'><strong>se</strong></span> <span class='ocrx_word' id='word_1_71' title='bbox 1319 637 1388 696; x_wconf 86' lang='lat' dir='ltr'><strong>in-</strong></span> 
     </span>
     <span class='ocr_line' id='line_1_9' title="bbox 145 705 1386 770; baseline 0.001 -15"><span class='ocrx_word' id='word_1_72' title='bbox 145 717 310 770; x_wconf 80' lang='lat' dir='ltr'><strong>gereret</strong></span> <span class='ocrx_word' id='word_1_73' title='bbox 335 711 513 760; x_wconf 79' lang='lat' dir='ltr'><strong>volanti,</strong></span> <span class='ocrx_word' id='word_1_74' title='bbox 541 716 588 754; x_wconf 87' lang='lat' dir='ltr'><strong>ut</strong></span> <span class='ocrx_word' id='word_1_75' title='bbox 612 705 694 754; x_wconf 88' lang='lat' dir='ltr'><strong>soli</strong></span> <span class='ocrx_word' id='word_1_76' title='bbox 729 722 827 754; x_wconf 87' lang='lat' dir='ltr'><strong>cum</strong></span> <span class='ocrx_word' id='word_1_77' title='bbox 851 723 902 754; x_wconf 87' lang='lat' dir='ltr'><strong>ea</strong></span> <span class='ocrx_word' id='word_1_78' title='bbox 924 711 1059 755; x_wconf 87' lang='lat' dir='ltr'><strong>radiis</strong></span> <span class='ocrx_word' id='word_1_79' title='bbox 1094 724 1181 754; x_wconf 84' lang='lat' dir='ltr'><strong>non</strong></span> <span class='ocrx_word' id='word_1_80' title='bbox 1214 713 1386 757; x_wconf 85' lang='lat' dir='ltr'><strong>intuens</strong></span> 
     </span>
     <span class='ocr_line' id='line_1_10' title="bbox 145 783 1384 840; baseline -0.001 -10"><span class='ocrx_word' id='word_1_81' title='bbox 145 785 323 830; x_wconf 73' lang='lat' dir='ltr'><strong>inferret</strong></span> <span class='ocrx_word' id='word_1_82' title='bbox 344 785 535 829; x_wconf 87' lang='lat' dir='ltr'><strong>obtutus.</strong></span> <span class='ocrx_word' id='word_1_83' title='bbox 571 783 694 837; x_wconf 78' lang='lat' dir='ltr'><strong>Quod</strong></span> <span class='ocrx_word' id='word_1_84' title='bbox 717 783 821 828; x_wconf 89' lang='lat' dir='ltr'><strong>mihi</strong></span> <span class='ocrx_word' id='word_1_85' title='bbox 846 784 891 826; x_wconf 90' lang='lat' dir='ltr'><strong>in</strong></span> <span class='ocrx_word' id='word_1_86' title='bbox 925 785 1150 828; x_wconf 88' lang='lat' dir='ltr'><strong>sentiendo</strong></span> <span class='ocrx_word' id='word_1_87' title='bbox 1187 797 1384 840; x_wconf 81' lang='lat' dir='ltr'>acumen,</span> 
     </span>
     <span class='ocr_line' id='line_1_11' title="bbox 143 854 1387 915; baseline 0.001 -14"><span class='ocrx_word' id='word_1_88' title='bbox 143 857 294 914; x_wconf 76' lang='lat' dir='ltr'><strong>quisve</strong></span> <span class='ocrx_word' id='word_1_89' title='bbox 317 856 434 899; x_wconf 79' lang='lat' dir='ltr'><strong>nitor</strong></span> <span class='ocrx_word' id='word_1_90' title='bbox 454 856 499 899; x_wconf 91' lang='lat' dir='ltr'><strong>in</strong></span> <span class='ocrx_word' id='word_1_91' title='bbox 516 854 790 915; x_wconf 75' lang='lat' dir='ltr'><strong>proferendo,</strong></span> <span class='ocrx_word' id='word_1_92' title='bbox 816 868 963 911; x_wconf 83' lang='lat' dir='ltr'><strong>quaeve</strong></span> <span class='ocrx_word' id='word_1_93' title='bbox 987 856 1031 899; x_wconf 89' lang='lat' dir='ltr'><strong>in</strong></span> <span class='ocrx_word' id='word_1_94' title='bbox 1055 858 1387 903; x_wconf 84' lang='lat' dir='ltr'><strong>conversatione</strong></span> 
     </span>
     <span class='ocr_line' id='line_1_12' title="bbox 143 927 1387 987; baseline 0 -15"><span class='ocrx_word' id='word_1_95' title='bbox 143 928 369 987; x_wconf 78' lang='lat' dir='ltr'><strong>perfectio,</strong></span> <span class='ocrx_word' id='word_1_96' title='bbox 406 933 452 971; x_wconf 89' lang='lat' dir='ltr'><strong>ut</strong></span> <span class='ocrx_word' id='word_1_97' title='bbox 487 928 723 983; x_wconf 83' lang='lat' dir='ltr'>quidquam</span> <span class='ocrx_word' id='word_1_98' title='bbox 760 927 1061 983; x_wconf 89' lang='lat' dir='ltr'><strong>apponendum</strong></span> <span class='ocrx_word' id='word_1_99' title='bbox 1105 928 1302 973; x_wconf 87' lang='lat' dir='ltr'><strong>delicatis</strong></span> <span class='ocrx_word' id='word_1_100' title='bbox 1337 941 1387 972; x_wconf 91' lang='lat' dir='ltr'><strong>ac</strong></span> 
     </span>
     <span class='ocr_line' id='line_1_13' title="bbox 142 1000 1387 1058; baseline -0.002 -12"><span class='ocrx_word' id='word_1_101' title='bbox 142 1001 331 1058; x_wconf 78' lang='lat' dir='ltr'><strong>cpiosis</strong></span> <span class='ocrx_word' id='word_1_102' title='bbox 348 1001 391 1043; x_wconf 91' lang='lat' dir='ltr'><strong>in</strong></span> <span class='ocrx_word' id='word_1_103' title='bbox 409 1000 578 1044; x_wconf 88' lang='lat' dir='ltr'><strong>deliciis</strong></span> <span class='ocrx_word' id='word_1_104' title='bbox 599 1000 693 1048; x_wconf 87' lang='lat' dir='ltr'><strong>suis</strong></span> <span class='ocrx_word' id='word_1_105' title='bbox 721 1000 774 1047; x_wconf 88' lang='lat' dir='ltr'><strong>de</strong></span> <span class='ocrx_word' id='word_1_106' title='bbox 799 1012 928 1045; x_wconf 85' lang='lat' dir='ltr'><strong>sacco</strong></span> <span class='ocrx_word' id='word_1_107' title='bbox 955 1012 1053 1044; x_wconf 89' lang='lat' dir='ltr'><strong>meo</strong></span> <span class='ocrx_word' id='word_1_108' title='bbox 1080 1000 1254 1048; x_wconf 83' lang='lat' dir='ltr'><strong>cilicino</strong></span> <span class='ocrx_word' id='word_1_109' title='bbox 1278 1013 1387 1057; x_wconf 82' lang='lat' dir='ltr'><strong>prae-</strong></span> 
     </span>
     <span class='ocr_line' id='line_1_14' title="bbox 143 1072 1383 1129; baseline -0.002 -11"><span class='ocrx_word' id='word_1_110' title='bbox 143 1073 385 1119; x_wconf 77' lang='lat' dir='ltr'><strong>sumerem?</strong></span> <span class='ocrx_word' id='word_1_111' title='bbox 405 1072 495 1116; x_wconf 85' lang='lat' dir='ltr'><strong>Hoe</strong></span> <span class='ocrx_word' id='word_1_112' title='bbox 519 1078 663 1117; x_wconf 88' lang='lat' dir='ltr'><strong>autem</strong></span> <span class='ocrx_word' id='word_1_113' title='bbox 687 1084 836 1117; x_wconf 87' lang='lat' dir='ltr'><strong>eorum</strong></span> <span class='ocrx_word' id='word_1_114' title='bbox 856 1073 1031 1129; x_wconf 84' lang='lat' dir='ltr'>proprie</span> <span class='ocrx_word' id='word_1_115' title='bbox 1053 1074 1276 1129; x_wconf 87' lang='lat' dir='ltr'><strong>proprium</strong></span> <span class='ocrx_word' id='word_1_116' title='bbox 1302 1079 1383 1124; x_wconf 83' lang='lat' dir='ltr'><strong>est,</strong></span> 
     </span>
     <span class='ocr_line' id='line_1_15' title="bbox 143 1144 1387 1203; baseline -0.001 -14"><span class='ocrx_word' id='word_1_117' title='bbox 143 1146 283 1203; x_wconf 19' lang='lat' dir='ltr'><strong>quallis</strong></span> <span class='ocrx_word' id='word_1_118' title='bbox 305 1158 392 1189; x_wconf 89' lang='lat' dir='ltr'><strong>non</strong></span> <span class='ocrx_word' id='word_1_119' title='bbox 424 1159 517 1189; x_wconf 89' lang='lat' dir='ltr'><strong>sum</strong></span> <span class='ocrx_word' id='word_1_120' title='bbox 541 1157 621 1200; x_wconf 83' lang='lat' dir='ltr'><strong>ego</strong></span> <span class='ocrx_word' id='word_1_121' title='bbox 642 1160 651 1188; x_wconf 87' lang='lat'>:</span> <span class='ocrx_word' id='word_1_122' title='bbox 678 1157 787 1200; x_wconf 88' lang='lat' dir='ltr'><strong>quos</strong></span> <span class='ocrx_word' id='word_1_123' title='bbox 808 1150 849 1189; x_wconf 86' lang='lat' dir='ltr'><strong>et</strong></span> <span class='ocrx_word' id='word_1_124' title='bbox 879 1144 1120 1200; x_wconf 77' lang='lat' dir='ltr'><strong>praedivites</strong></span> <span class='ocrx_word' id='word_1_125' title='bbox 1144 1145 1285 1188; x_wconf 82' lang='lat' dir='ltr'><strong>reddit</strong></span> <span class='ocrx_word' id='word_1_126' title='bbox 1310 1157 1387 1188; x_wconf 87' lang='lat' dir='ltr'><strong>au-</strong></span> 
     </span>
     <span class='ocr_line' id='line_1_16' title="bbox 141 1213 1387 1273; baseline -0.003 -10"><span class='ocrx_word' id='word_1_127' title='bbox 141 1231 238 1270; x_wconf 89' lang='lat' dir='ltr'><strong>rum</strong></span> <span class='ocrx_word' id='word_1_128' title='bbox 263 1219 309 1262; x_wconf 91' lang='lat' dir='ltr'><strong>in</strong></span> <span class='ocrx_word' id='word_1_129' title='bbox 331 1218 534 1261; x_wconf 77' lang='lat' dir='ltr'>acumine</span> <span class='ocrx_word' id='word_1_130' title='bbox 558 1213 736 1273; x_wconf 87' lang='lat' dir='ltr'><strong>ingenii,</strong></span> <span class='ocrx_word' id='word_1_131' title='bbox 760 1223 804 1260; x_wconf 89' lang='lat' dir='ltr'><strong>et</strong></span> <span class='ocrx_word' id='word_1_132' title='bbox 832 1217 975 1260; x_wconf 81' lang='lat' dir='ltr'><strong>claros</strong></span> <span class='ocrx_word' id='word_1_133' title='bbox 997 1222 1221 1272; x_wconf 81' lang='lat' dir='ltr'><strong>argentum</strong></span> <span class='ocrx_word' id='word_1_134' title='bbox 1255 1218 1297 1259; x_wconf 89' lang='lat' dir='ltr'><strong>in</strong></span> <span class='ocrx_word' id='word_1_135' title='bbox 1319 1217 1387 1259; x_wconf 88' lang='lat' dir='ltr'><strong>ni·</strong></span> 
     </span>
    </p>
   </div>
   <div class='ocr_carea' id='block_1_3' title="bbox 139 1270 1443 1345">
    <p class='ocr_par' dir='ltr' id='par_1_3' title="bbox 139 1270 1443 1345">
     <span class='ocr_line' id='line_1_17' title="bbox 139 1270 1443 1345; baseline -0.003 -11"><span class='ocrx_word' id='word_1_136' title='bbox 139 1296 235 1338; x_wconf 79' lang='lat' dir='ltr'><strong>tore</strong></span> <span class='ocrx_word' id='word_1_137' title='bbox 256 1288 432 1345; x_wconf 82' lang='lat' dir='ltr'><strong>eloquii,</strong></span> <span class='ocrx_word' id='word_1_138' title='bbox 460 1295 503 1332; x_wconf 88' lang='lat' dir='ltr'><strong>et</strong></span> <span class='ocrx_word' id='word_1_139' title='bbox 522 1294 698 1332; x_wconf 84' lang='lat' dir='ltr'><strong>ornatos</strong></span> <span class='ocrx_word' id='word_1_140' title='bbox 716 1286 883 1343; x_wconf 82' lang='lat' dir='ltr'><strong>lapides</strong></span> <span class='ocrx_word' id='word_1_141' title='bbox 905 1288 1084 1343; x_wconf 78' lang='lat' dir='ltr'>pretiosi</span> <span class='ocrx_word' id='word_1_142' title='bbox 1109 1287 1151 1330; x_wconf 92' lang='lat' dir='ltr'><strong>in</strong></span> <span class='ocrx_word' id='word_1_143' title='bbox 1185 1288 1270 1330; x_wconf 83' lang='lat' dir='ltr'><strong>vita</strong></span> <span class='ocrx_word' id='word_1_144' title='bbox 1293 1289 1383 1330; x_wconf 85' lang='lat' dir='ltr'><strong>lau·</strong></span> <span class='ocrx_word' id='word_1_145' title='bbox 1412 1270 1443 1313; x_wconf 77' lang='grc' dir='ltr'><strong>Β</strong></span> 
     </span>
    </p>
   </div>
   <div class='ocr_carea' id='block_1_4' title="bbox 129 1350 1384 3372">
    <p class='ocr_par' dir='ltr' id='par_1_4' title="bbox 136 1350 1384 1854">
     <span class='ocr_line' id='line_1_18' title="bbox 141 1350 1384 1421; baseline -0.002 -15"><span class='ocrx_word' id='word_1_146' title='bbox 141 1362 287 1421; x_wconf 85' lang='lat' dir='ltr'><strong>dabili.</strong></span> <span class='ocrx_word' id='word_1_147' title='bbox 311 1361 394 1405; x_wconf 91' lang='lat' dir='ltr'><strong>Sed</strong></span> <span class='ocrx_word' id='word_1_148' title='bbox 414 1356 512 1406; x_wconf 86' lang='lat' dir='ltr'><strong>talis</strong></span> <span class='ocrx_word' id='word_1_149' title='bbox 550 1372 630 1417; x_wconf 83' lang='lat' dir='ltr'><strong>ego</strong></span> <span class='ocrx_word' id='word_1_150' title='bbox 651 1350 736 1404; x_wconf 84' lang='lat' dir='ltr'><strong>non</strong></span> <span class='ocrx_word' id='word_1_151' title='bbox 774 1372 887 1405; x_wconf 86' lang='lat' dir='ltr'><strong>sum.</strong></span> <span class='ocrx_word' id='word_1_152' title='bbox 915 1359 1000 1403; x_wconf 88' lang='lat' dir='ltr'><strong>Sed</strong></span> <span class='ocrx_word' id='word_1_153' title='bbox 1015 1373 1195 1417; x_wconf 85' lang='lat' dir='ltr'>pauper,</span> <span class='ocrx_word' id='word_1_154' title='bbox 1222 1361 1384 1404; x_wconf 88' lang='lat' dir='ltr'><strong>obseu-</strong></span> 
     </span>
     <span class='ocr_line' id='line_1_19' title="bbox 138 1421 1384 1494; baseline -0.002 -14"><span class='ocrx_word' id='word_1_155' title='bbox 138 1448 217 1494; x_wconf 54' lang='grc'><strong>005</strong></span> <span class='ocrx_word' id='word_1_156' title='bbox 250 1421 294 1479; x_wconf 79' lang='lat' dir='ltr'><strong>et</strong></span> <span class='ocrx_word' id='word_1_157' title='bbox 327 1434 573 1487; x_wconf 88' lang='lat' dir='ltr'><strong>indecorus,</strong></span> <span class='ocrx_word' id='word_1_158' title='bbox 615 1438 767 1489; x_wconf 77' lang='lat' dir='ltr'>utpote</span> <span class='ocrx_word' id='word_1_159' title='bbox 802 1432 873 1477; x_wconf 85' lang='grc'><strong>001</strong></span> <span class='ocrx_word' id='word_1_160' title='bbox 897 1433 1017 1484; x_wconf 81' lang='lat' dir='ltr'><strong>deest</strong></span> <span class='ocrx_word' id='word_1_161' title='bbox 1038 1439 1081 1478; x_wconf 89' lang='lat' dir='ltr'><strong>et</strong></span> <span class='ocrx_word' id='word_1_162' title='bbox 1108 1431 1384 1488; x_wconf 81' lang='lat' dir='ltr'>profunditas</span> 
     </span>
     <span class='ocr_line' id='line_1_20' title="bbox 141 1503 1380 1564; baseline -0.002 -13"><span class='ocrx_word' id='word_1_163' title='bbox 141 1507 378 1564; x_wconf 77' lang='lat' dir='ltr'><strong>sapientiae,</strong></span> <span class='ocrx_word' id='word_1_164' title='bbox 407 1511 450 1549; x_wconf 88' lang='lat' dir='ltr'><strong>et</strong></span> <span class='ocrx_word' id='word_1_165' title='bbox 489 1503 629 1562; x_wconf 76' lang='lat' dir='ltr'><strong>fulgor</strong></span> <span class='ocrx_word' id='word_1_166' title='bbox 659 1505 931 1561; x_wconf 86' lang='lat' dir='ltr'><strong>eloquentiae,</strong></span> <span class='ocrx_word' id='word_1_167' title='bbox 970 1508 1013 1548; x_wconf 85' lang='lat' dir='ltr'><strong>et</strong></span> <span class='ocrx_word' id='word_1_168' title='bbox 1044 1505 1244 1557; x_wconf 86' lang='lat' dir='ltr'><strong>meritum</strong></span> <span class='ocrx_word' id='word_1_169' title='bbox 1268 1505 1380 1548; x_wconf 73' lang='lat' dir='ltr'><strong>vitae.</strong></span> 
     </span>
     <span class='ocr_line' id='line_1_21' title="bbox 138 1577 1384 1634; baseline -0.001 -11"><span class='ocrx_word' id='word_1_170' title='bbox 138 1577 188 1623; x_wconf 87' lang='lat' dir='ltr'><strong>ln</strong></span> <span class='ocrx_word' id='word_1_171' title='bbox 211 1579 279 1623; x_wconf 85' lang='lat' dir='ltr'><strong>his</strong></span> <span class='ocrx_word' id='word_1_172' title='bbox 304 1579 448 1634; x_wconf 86' lang='lat' dir='ltr'><strong>itaque</strong></span> <span class='ocrx_word' id='word_1_173' title='bbox 472 1584 515 1621; x_wconf 90' lang='lat' dir='ltr'><strong>et</strong></span> <span class='ocrx_word' id='word_1_174' title='bbox 541 1577 789 1634; x_wconf 80' lang='lat' dir='ltr'><strong>hujusmodi</strong></span> <span class='ocrx_word' id='word_1_175' title='bbox 819 1577 1041 1622; x_wconf 80' lang='lat' dir='ltr'>excusatio</span> <span class='ocrx_word' id='word_1_176' title='bbox 1061 1590 1174 1628; x_wconf 88' lang='lat' dir='ltr'><strong>mea,</strong></span> <span class='ocrx_word' id='word_1_177' title='bbox 1197 1591 1278 1622; x_wconf 90' lang='lat' dir='ltr'><strong>nee</strong></span> <span class='ocrx_word' id='word_1_178' title='bbox 1309 1590 1384 1634; x_wconf 89' lang='lat' dir='ltr'><strong>pe-</strong></span> 
     </span>
     <span class='ocr_line' id='line_1_22' title="bbox 136 1647 1379 1709; baseline -0.002 -15"><span class='ocrx_word' id='word_1_179' title='bbox 136 1651 313 1702; x_wconf 73' lang='lat' dir='ltr'><strong>titiones</strong></span> <span class='ocrx_word' id='word_1_180' title='bbox 349 1648 402 1702; x_wconf 82' lang='lat' dir='ltr'><strong>ad</strong></span> <span class='ocrx_word' id='word_1_181' title='bbox 427 1647 742 1701; x_wconf 82' lang='lat' dir='ltr'><strong>exaudiendum</strong></span> <span class='ocrx_word' id='word_1_182' title='bbox 775 1649 1007 1699; x_wconf 84' lang='lat' dir='ltr'><strong>admittens</strong></span> <span class='ocrx_word' id='word_1_183' title='bbox 1044 1647 1122 1706; x_wconf 78' lang='lat' dir='ltr'><strong>[al.</strong></span> <span class='ocrx_word' id='word_1_184' title='bbox 1156 1649 1379 1709; x_wconf 83' lang='lat' dir='ltr'><strong>admittit],</strong></span> 
     </span>
     <span class='ocr_line' id='line_1_23' title="bbox 138 1721 1379 1783; baseline 0.001 -15"><span class='ocrx_word' id='word_1_185' title='bbox 138 1736 219 1768; x_wconf 85' lang='lat' dir='ltr'><strong>nec</strong></span> <span class='ocrx_word' id='word_1_186' title='bbox 247 1721 555 1780; x_wconf 67' lang='lat' dir='ltr'><strong>praeceptiones</strong></span> <span class='ocrx_word' id='word_1_187' title='bbox 585 1721 641 1766; x_wconf 85' lang='lat' dir='ltr'><strong>ad</strong></span> <span class='ocrx_word' id='word_1_188' title='bbox 677 1722 944 1779; x_wconf 85' lang='lat' dir='ltr'><strong>implendum</strong></span> <span class='ocrx_word' id='word_1_189' title='bbox 978 1724 1268 1780; x_wconf 86' lang='lat' dir='ltr'><strong>complectens</strong></span> <span class='ocrx_word' id='word_1_190' title='bbox 1302 1722 1379 1783; x_wconf 83' lang='lat' dir='ltr'><strong>[al.</strong></span> 
     </span>
     <span class='ocr_line' id='line_1_24' title="bbox 138 1795 471 1854; baseline -0.003 -15"><span class='ocrx_word' id='word_1_191' title='bbox 138 1795 471 1854; x_wconf 57' lang='lat' dir='ltr'><strong>complectitur}</strong></span> 
     </span>
    </p>

    <p class='ocr_par' dir='ltr' id='par_1_5' title="bbox 129 1867 1380 3304">
     <span class='ocr_line' id='line_1_25' title="bbox 194 1867 1379 1928; baseline 0.003 -17"><span class='ocrx_word' id='word_1_192' title='bbox 194 1867 260 1912; x_wconf 82' lang='lat' dir='ltr'><strong>vl.</strong></span> <span class='ocrx_word' id='word_1_193' title='bbox 286 1868 463 1924; x_wconf 80' lang='lat' dir='ltr'><strong>Superat</strong></span> <span class='ocrx_word' id='word_1_194' title='bbox 490 1873 531 1912; x_wconf 76' lang='lat' dir='ltr'><strong>et</strong></span> <span class='ocrx_word' id='word_1_195' title='bbox 561 1868 839 1925; x_wconf 73' lang='lat' dir='ltr'><strong>praecipientis</strong></span> <span class='ocrx_word' id='word_1_196' title='bbox 870 1870 1101 1928; x_wconf 71' lang='lat' dir='ltr'><strong>auctoritas</strong></span> <span class='ocrx_word' id='word_1_197' title='bbox 1135 1877 1174 1913; x_wconf 77' lang='lat' dir='ltr'><strong>et</strong></span> <span class='ocrx_word' id='word_1_198' title='bbox 1205 1870 1379 1927; x_wconf 74' lang='lat' dir='ltr'><strong>petentis</strong></span> 
     </span>
     <span class='ocr_line' id='line_1_26' title="bbox 139 1937 1380 2000; baseline 0.002 -16"><span class='ocrx_word' id='word_1_199' title='bbox 139 1937 338 2000; x_wconf 74' lang='lat' dir='ltr'><strong>charitas.</strong></span> <span class='ocrx_word' id='word_1_200' title='bbox 373 1941 586 1985; x_wconf 84' lang='lat' dir='ltr'><strong>Caeterum</strong></span> <span class='ocrx_word' id='word_1_201' title='bbox 613 1940 726 1985; x_wconf 90' lang='lat' dir='ltr'><strong>sicut</strong></span> <span class='ocrx_word' id='word_1_202' title='bbox 749 1941 981 1997; x_wconf 89' lang='lat' dir='ltr'><strong>aliquando</strong></span> <span class='ocrx_word' id='word_1_203' title='bbox 1008 1941 1210 1987; x_wconf 85' lang='lat' dir='ltr'><strong>iortassis</strong></span> <span class='ocrx_word' id='word_1_204' title='bbox 1249 1955 1380 1987; x_wconf 82' lang='lat' dir='ltr'><strong>excu-</strong></span> 
     </span>
     <span class='ocr_line' id='line_1_27' title="bbox 138 2014 1380 2071; baseline 0 -11"><span class='ocrx_word' id='word_1_205' title='bbox 138 2027 237 2060; x_wconf 79' lang='lat' dir='ltr'><strong>sare</strong></span> <span class='ocrx_word' id='word_1_206' title='bbox 257 2027 325 2060; x_wconf 88' lang='lat' dir='ltr'><strong>me</strong></span> <span class='ocrx_word' id='word_1_207' title='bbox 349 2014 506 2066; x_wconf 84' lang='lat' dir='ltr'><strong>decuit,</strong></span> <span class='ocrx_word' id='word_1_208' title='bbox 549 2014 612 2059; x_wconf 89' lang='lat' dir='ltr'><strong>sic</strong></span> <span class='ocrx_word' id='word_1_209' title='bbox 636 2015 788 2070; x_wconf 89' lang='lat' dir='ltr'><strong>procul</strong></span> <span class='ocrx_word' id='word_1_210' title='bbox 813 2014 944 2058; x_wconf 89' lang='lat' dir='ltr'><strong>dubio</strong></span> <span class='ocrx_word' id='word_1_211' title='bbox 975 2027 1144 2071; x_wconf 86' lang='lat' dir='ltr'><strong>semper</strong></span> <span class='ocrx_word' id='word_1_212' title='bbox 1176 2029 1380 2060; x_wconf 87' lang='lat' dir='ltr'><strong>recusare</strong></span> 
     </span>
     <span class='ocr_line' id='line_1_28' title="bbox 134 2085 1379 2143; baseline 0.004 -15"><span class='ocrx_word' id='word_1_213' title='bbox 134 2085 244 2139; x_wconf 72' lang='lat' dir='ltr'><strong>mihi</strong></span> <span class='ocrx_word' id='word_1_214' title='bbox 278 2099 365 2130; x_wconf 90' lang='lat' dir='ltr'><strong>non</strong></span> <span class='ocrx_word' id='word_1_215' title='bbox 399 2086 538 2137; x_wconf 90' lang='lat' dir='ltr'><strong>licuit,</strong></span> <span class='ocrx_word' id='word_1_216' title='bbox 577 2086 680 2143; x_wconf 79' lang='lat' dir='ltr'><strong>quia</strong></span> <span class='ocrx_word' id='word_1_217' title='bbox 715 2099 804 2138; x_wconf 86' lang='lat' dir='ltr'><strong>non</strong></span> <span class='ocrx_word' id='word_1_218' title='bbox 837 2086 982 2131; x_wconf 88' lang='lat' dir='ltr'><strong>minus</strong></span> <span class='ocrx_word' id='word_1_219' title='bbox 1018 2088 1272 2137; x_wconf 76' lang='lat' dir='ltr'><strong>damnabile.</strong></span> <span class='ocrx_word' id='word_1_220' title='bbox 1297 2089 1379 2134; x_wconf 89' lang='lat' dir='ltr'><strong>boc</strong></span> 
     </span>
     <span class='ocr_line' id='line_1_29' title="bbox 133 2158 1377 2216; baseline 0.001 -12"><span class='ocrx_word' id='word_1_221' title='bbox 133 2158 438 2204; x_wconf 64' lang='lat' dir='ltr'><strong>obstinationis</strong></span> <span class='ocrx_word' id='word_1_222' title='bbox 463 2192 474 2211; x_wconf 93' lang='lat'><strong>,</strong></span> <span class='ocrx_word' id='word_1_223' title='bbox 513 2158 554 2214; x_wconf 75' lang='grc'>3</span> <span class='ocrx_word' id='word_1_224' title='bbox 587 2171 717 2214; x_wconf 88' lang='lat' dir='ltr'><strong>quam</strong></span> <span class='ocrx_word' id='word_1_225' title='bbox 757 2159 875 2214; x_wconf 73' lang='lat' dir='ltr'><strong>istud¹</strong></span> <span class='ocrx_word' id='word_1_226' title='bbox 903 2159 1108 2204; x_wconf 84' lang='lat' dir='ltr'><strong>indicium</strong></span> <span class='ocrx_word' id='word_1_227' title='bbox 1141 2160 1377 2216; x_wconf 87' lang='lat' dir='ltr'><strong>probabilis</strong></span> 
     </span>
     <span class='ocr_line' id='line_1_30' title="bbox 135 2229 1377 2291; baseline 0.002 -17"><span class='ocrx_word' id='word_1_228' title='bbox 135 2230 246 2275; x_wconf 72' lang='lat' dir='ltr'><strong>foret</strong></span> <span class='ocrx_word' id='word_1_229' title='bbox 266 2232 536 2275; x_wconf 87' lang='lat' dir='ltr'><strong>humilitatis.</strong></span> <span class='ocrx_word' id='word_1_230' title='bbox 560 2229 606 2274; x_wconf 88' lang='lat' dir='ltr'><strong>Id</strong></span> <span class='ocrx_word' id='word_1_231' title='bbox 630 2231 788 2291; x_wconf 86' lang='lat' dir='ltr'><strong>quippe</strong></span> <span class='ocrx_word' id='word_1_232' title='bbox 819 2231 938 2276; x_wconf 88' lang='lat' dir='ltr'><strong>dedit</strong></span> <span class='ocrx_word' id='word_1_233' title='bbox 960 2232 1185 2277; x_wconf 69' lang='lat' dir='ltr'><strong>tolerabile</strong></span> <span class='ocrx_word' id='word_1_234' title='bbox 1211 2235 1377 2278; x_wconf 86' lang='lat' dir='ltr'><strong>exorati</strong></span> 
     </span>
     <span class='ocr_line' id='line_1_31' title="bbox 134 2304 1378 2361; baseline 0.002 -13"><span class='ocrx_word' id='word_1_235' title='bbox 134 2316 186 2354; x_wconf 83' lang='lat' dir='ltr'><strong>ac</strong></span> <span class='ocrx_word' id='word_1_236' title='bbox 203 2304 316 2361; x_wconf 75' lang='lat' dir='ltr'><strong>iussi</strong></span> <span class='ocrx_word' id='word_1_237' title='bbox 335 2305 581 2358; x_wconf 81' lang='lat' dir='ltr'><strong>bumilitas3</strong></span> <span class='ocrx_word' id='word_1_238' title='bbox 607 2305 688 2348; x_wconf 89' lang='lat' dir='ltr'><strong>hoc</strong></span> <span class='ocrx_word' id='word_1_239' title='bbox 706 2309 848 2348; x_wconf 88' lang='lat' dir='ltr'><strong>autem</strong></span> <span class='ocrx_word' id='word_1_240' title='bbox 876 2305 1027 2361; x_wconf 88' lang='lat' dir='ltr'><strong>procul</strong></span> <span class='ocrx_word' id='word_1_241' title='bbox 1049 2305 1208 2361; x_wconf 89' lang='lat' dir='ltr'><strong>pellere</strong></span> <span class='ocrx_word' id='word_1_242' title='bbox 1228 2305 1378 2350; x_wconf 87' lang='lat' dir='ltr'><strong>habuit</strong></span> 
     </span>
     <span class='ocr_line' id='line_1_32' title="bbox 133 2376 1378 2434; baseline 0.002 -14"><span class='ocrx_word' id='word_1_243' title='bbox 133 2381 175 2420; x_wconf 86' lang='lat' dir='ltr'><strong>et</strong></span> <span class='ocrx_word' id='word_1_244' title='bbox 194 2377 383 2421; x_wconf 79' lang='lat' dir='ltr'><strong>ebaritas</strong></span> <span class='ocrx_word' id='word_1_245' title='bbox 404 2383 569 2433; x_wconf 85' lang='lat' dir='ltr'><strong>petens,</strong></span> <span class='ocrx_word' id='word_1_246' title='bbox 596 2383 638 2421; x_wconf 90' lang='lat' dir='ltr'><strong>et</strong></span> <span class='ocrx_word' id='word_1_247' title='bbox 661 2377 897 2421; x_wconf 85' lang='lat' dir='ltr'><strong>auctoritas</strong></span> <span class='ocrx_word' id='word_1_248' title='bbox 925 2377 1100 2432; x_wconf 82' lang='lat' dir='ltr'><strong>jubens.</strong></span> <span class='ocrx_word' id='word_1_249' title='bbox 1124 2376 1186 2420; x_wconf 87' lang='lat' dir='ltr'><strong>lta</strong></span> <span class='ocrx_word' id='word_1_250' title='bbox 1207 2391 1378 2434; x_wconf 87' lang='lat' dir='ltr'><strong>quoque</strong></span> 
     </span>
     <span class='ocr_line' id='line_1_33' title="bbox 135 2449 1376 2507; baseline 0.003 -14"><span class='ocrx_word' id='word_1_251' title='bbox 135 2461 210 2506; x_wconf 83' lang='lat' dir='ltr'><strong>per</strong></span> <span class='ocrx_word' id='word_1_252' title='bbox 231 2450 374 2494; x_wconf 86' lang='lat' dir='ltr'><strong>omnia</strong></span> <span class='ocrx_word' id='word_1_253' title='bbox 401 2450 562 2493; x_wconf 78' lang='lat' dir='ltr'><strong>factum</strong></span> <span class='ocrx_word' id='word_1_254' title='bbox 591 2455 673 2495; x_wconf 89' lang='lat' dir='ltr'><strong>est.</strong></span> <span class='ocrx_word' id='word_1_255' title='bbox 698 2449 920 2507; x_wconf 81' lang='lat' dir='ltr'><strong>Magisque</strong></span> <span class='ocrx_word' id='word_1_256' title='bbox 948 2451 1140 2507; x_wconf 71' lang='lat' dir='ltr'><strong>iudicavi</strong></span> <span class='ocrx_word' id='word_1_257' title='bbox 1169 2458 1376 2497; x_wconf 86' lang='lat' dir='ltr'><strong>cruentas</strong></span> 
     </span>
     <span class='ocr_line' id='line_1_34' title="bbox 133 2521 1375 2579; baseline 0.002 -14"><span class='ocrx_word' id='word_1_258' title='bbox 133 2521 176 2565; x_wconf 84' lang='lat' dir='ltr'><strong>in</strong></span> <span class='ocrx_word' id='word_1_259' title='bbox 202 2534 270 2567; x_wconf 81' lang='lat' dir='ltr'><strong>me</strong></span> <span class='ocrx_word' id='word_1_260' title='bbox 291 2522 611 2566; x_wconf 79' lang='lat' dir='ltr'><strong>detrahentium</strong></span> <span class='ocrx_word' id='word_1_261' title='bbox 635 2522 863 2566; x_wconf 84' lang='lat' dir='ltr'><strong>admittere</strong></span> <span class='ocrx_word' id='word_1_262' title='bbox 884 2535 1055 2572; x_wconf 88' lang='lat' dir='ltr'><strong>manus,</strong></span> <span class='ocrx_word' id='word_1_263' title='bbox 1073 2535 1199 2579; x_wconf 86' lang='lat' dir='ltr'><strong>quam</strong></span> <span class='ocrx_word' id='word_1_264' title='bbox 1224 2524 1375 2567; x_wconf 83' lang='lat' dir='ltr'><strong>volun·</strong></span> 
     </span>
     <span class='ocr_line' id='line_1_35' title="bbox 135 2595 1378 2652; baseline 0.002 -15"><span class='ocrx_word' id='word_1_265' title='bbox 135 2595 294 2640; x_wconf 84' lang='lat' dir='ltr'><strong>tatibus</strong></span> <span class='ocrx_word' id='word_1_266' title='bbox 319 2609 466 2639; x_wconf 88' lang='lat' dir='ltr'><strong>eorum</strong></span> <span class='ocrx_word' id='word_1_267' title='bbox 493 2596 734 2643; x_wconf 84' lang='lat' dir='ltr'><strong>resistendo</strong></span> <span class='ocrx_word' id='word_1_268' title='bbox 755 2596 820 2639; x_wconf 79' lang='lat' dir='ltr'><strong>vel</strong></span> <span class='ocrx_word' id='word_1_269' title='bbox 846 2596 1031 2639; x_wconf 85' lang='lat' dir='ltr'><strong>sociales</strong></span> <span class='ocrx_word' id='word_1_270' title='bbox 1054 2609 1155 2652; x_wconf 84' lang='lat' dir='ltr'><strong>erga</strong></span> <span class='ocrx_word' id='word_1_271' title='bbox 1179 2609 1378 2652; x_wconf 85' lang='lat' dir='ltr'><strong>coaequa-</strong></span> 
     </span>
     <span class='ocr_line' id='line_1_36' title="bbox 131 2667 1370 2725; baseline 0.001 -13"><span class='ocrx_word' id='word_1_272' title='bbox 131 2667 211 2719; x_wconf 86' lang='lat' dir='ltr'><strong>les,</strong></span> <span class='ocrx_word' id='word_1_273' title='bbox 233 2669 298 2712; x_wconf 74' lang='lat' dir='ltr'><strong>vel</strong></span> <span class='ocrx_word' id='word_1_274' title='bbox 323 2669 474 2714; x_wconf 78' lang='lat' dir='ltr'><strong>filiales</strong></span> <span class='ocrx_word' id='word_1_275' title='bbox 492 2682 594 2725; x_wconf 82' lang='lat' dir='ltr'><strong>erga</strong></span> <span class='ocrx_word' id='word_1_276' title='bbox 619 2669 865 2724; x_wconf 85' lang='lat' dir='ltr'><strong>superiores</strong></span> <span class='ocrx_word' id='word_1_277' title='bbox 889 2682 975 2712; x_wconf 89' lang='lat' dir='ltr'><strong>non</strong></span> <span class='ocrx_word' id='word_1_278' title='bbox 993 2669 1155 2712; x_wconf 84' lang='lat' dir='ltr'><strong>habere</strong></span> <span class='ocrx_word' id='word_1_279' title='bbox 1178 2668 1370 2714; x_wconf 82' lang='lat' dir='ltr'><strong>aflectus.</strong></span> 
     </span>
     <span class='ocr_line' id='line_1_37' title="bbox 132 2739 1375 2797; baseline 0.002 -16"><span class='ocrx_word' id='word_1_280' title='bbox 132 2739 348 2784; x_wconf 76' lang='lat' dir='ltr'><strong>Attractus</strong></span> <span class='ocrx_word' id='word_1_281' title='bbox 371 2740 500 2797; x_wconf 82' lang='lat' dir='ltr'><strong>igitur</strong></span> <span class='ocrx_word' id='word_1_282' title='bbox 523 2745 565 2784; x_wconf 90' lang='lat' dir='ltr'><strong>et</strong></span> <span class='ocrx_word' id='word_1_283' title='bbox 593 2740 809 2791; x_wconf 85' lang='lat' dir='ltr'><strong>devictus,</strong></span> <span class='ocrx_word' id='word_1_284' title='bbox 845 2740 1105 2795; x_wconf 81' lang='lat' dir='ltr'><strong>jactansque</strong></span> <span class='ocrx_word' id='word_1_285' title='bbox 1139 2740 1375 2795; x_wconf 82' lang='lat' dir='ltr'><strong>cogitatum</strong></span> 
     </span>
     <span class='ocr_line' id='line_1_38' title="bbox 131 2812 1370 2869; baseline -0.002 -13"><span class='ocrx_word' id='word_1_286' title='bbox 131 2824 270 2856; x_wconf 87' lang='lat' dir='ltr'><strong>meum</strong></span> <span class='ocrx_word' id='word_1_287' title='bbox 295 2813 340 2856; x_wconf 88' lang='lat' dir='ltr'><strong>in</strong></span> <span class='ocrx_word' id='word_1_288' title='bbox 359 2813 559 2864; x_wconf 86' lang='lat' dir='ltr'><strong>Domino,</strong></span> <span class='ocrx_word' id='word_1_289' title='bbox 594 2812 811 2868; x_wconf 86' lang='lat' dir='ltr'><strong>applicare</strong></span> <span class='ocrx_word' id='word_1_290' title='bbox 847 2813 958 2869; x_wconf 85' lang='lat' dir='ltr'><strong>coepi</strong></span> <span class='ocrx_word' id='word_1_291' title='bbox 986 2812 1132 2856; x_wconf 88' lang='lat' dir='ltr'><strong>studio</strong></span> <span class='ocrx_word' id='word_1_292' title='bbox 1154 2812 1370 2862; x_wconf 87' lang='lat' dir='ltr'><strong>animum,</strong></span> 
     </span>
     <span class='ocr_line' id='line_1_39' title="bbox 131 2882 1372 2941; baseline -0.003 -13"><span class='ocrx_word' id='word_1_293' title='bbox 131 2889 174 2928; x_wconf 89' lang='lat' dir='ltr'><strong>et</strong></span> <span class='ocrx_word' id='word_1_294' title='bbox 197 2884 364 2927; x_wconf 87' lang='lat' dir='ltr'><strong>calamo</strong></span> <span class='ocrx_word' id='word_1_295' title='bbox 400 2897 571 2927; x_wconf 86' lang='lat' dir='ltr'><strong>manum</strong></span> <span class='ocrx_word' id='word_1_296' title='bbox 601 2882 740 2941; x_wconf 77' lang='lat' dir='ltr'><strong>(Psal.</strong></span> <span class='ocrx_word' id='word_1_297' title='bbox 773 2897 889 2935; x_wconf 57' lang='grc' dir='ltr'><strong>κων,</strong></span> <span class='ocrx_word' id='word_1_298' title='bbox 915 2883 978 2941; x_wconf 72' lang='lat'><strong>2),</strong></span> <span class='ocrx_word' id='word_1_299' title='bbox 1002 2892 1043 2927; x_wconf 89' lang='lat' dir='ltr'><strong>et</strong></span> <span class='ocrx_word' id='word_1_300' title='bbox 1070 2895 1165 2939; x_wconf 80' lang='lat' dir='ltr'><strong>quae</strong></span> <span class='ocrx_word' id='word_1_301' title='bbox 1200 2882 1372 2926; x_wconf 82' lang='lat' dir='ltr'><strong>interim</strong></span> 
     </span>
     <span class='ocr_line' id='line_1_40' title="bbox 131 2955 1372 3013; baseline 0.001 -16"><span class='ocrx_word' id='word_1_302' title='bbox 131 2967 208 3011; x_wconf 93' lang='lat' dir='ltr'><strong>pro</strong></span> <span class='ocrx_word' id='word_1_303' title='bbox 226 2958 433 3012; x_wconf 87' lang='lat' dir='ltr'><strong>temporis</strong></span> <span class='ocrx_word' id='word_1_304' title='bbox 457 2959 757 3013; x_wconf 81' lang='lat' dir='ltr'><strong>congruentia,</strong></span> <span class='ocrx_word' id='word_1_305' title='bbox 781 2969 830 2999; x_wconf 90' lang='lat' dir='ltr'><strong>ac</strong></span> <span class='ocrx_word' id='word_1_306' title='bbox 851 2956 936 2999; x_wconf 89' lang='lat' dir='ltr'><strong>loci</strong></span> <span class='ocrx_word' id='word_1_307' title='bbox 961 2955 1282 3012; x_wconf 83' lang='lat' dir='ltr'><strong>opportunitate</strong></span> <span class='ocrx_word' id='word_1_308' title='bbox 1298 2967 1372 2998; x_wconf 90' lang='lat' dir='ltr'><strong>oc-</strong></span> 
     </span>
     <span class='ocr_line' id='line_1_41' title="bbox 131 3027 1372 3086; baseline -0.001 -15"><span class='ocrx_word' id='word_1_309' title='bbox 131 3039 306 3073; x_wconf 87' lang='lat' dir='ltr'><strong>currere</strong></span> <span class='ocrx_word' id='word_1_310' title='bbox 329 3027 528 3086; x_wconf 84' lang='lat' dir='ltr'><strong>poterant</strong></span> <span class='ocrx_word' id='word_1_311' title='bbox 561 3030 733 3084; x_wconf 83' lang='lat' dir='ltr'><strong>litteris,</strong></span> <span class='ocrx_word' id='word_1_312' title='bbox 759 3035 845 3072; x_wconf 89' lang='lat' dir='ltr'><strong>tam</strong></span> <span class='ocrx_word' id='word_1_313' title='bbox 864 3042 959 3086; x_wconf 85' lang='lat' dir='ltr'><strong>quae</strong></span> <span class='ocrx_word' id='word_1_314' title='bbox 988 3029 1030 3071; x_wconf 90' lang='lat' dir='ltr'><strong>in</strong></span> <span class='ocrx_word' id='word_1_315' title='bbox 1053 3029 1226 3085; x_wconf 86' lang='lat' dir='ltr'><strong>publico</strong></span> <span class='ocrx_word' id='word_1_316' title='bbox 1246 3033 1372 3071; x_wconf 88' lang='lat' dir='ltr'><strong>antea</strong></span> 
     </span>
     <span class='ocr_line' id='line_1_42' title="bbox 130 3099 1373 3156; baseline 0 -14"><span class='ocrx_word' id='word_1_317' title='bbox 130 3099 339 3151; x_wconf 83' lang='lat' dir='ltr'><strong>dixeram,</strong></span> <span class='ocrx_word' id='word_1_318' title='bbox 364 3106 580 3156; x_wconf 87' lang='lat' dir='ltr'><strong>repetens,</strong></span> <span class='ocrx_word' id='word_1_319' title='bbox 607 3112 734 3156; x_wconf 87' lang='lat' dir='ltr'><strong>quam</strong></span> <span class='ocrx_word' id='word_1_320' title='bbox 753 3112 848 3156; x_wconf 80' lang='lat' dir='ltr'><strong>quae</strong></span> <span class='ocrx_word' id='word_1_321' title='bbox 878 3099 1063 3143; x_wconf 86' lang='lat' dir='ltr'><strong>necdum</strong></span> <span class='ocrx_word' id='word_1_322' title='bbox 1087 3112 1232 3143; x_wconf 89' lang='lat' dir='ltr'><strong>coram</strong></span> <span class='ocrx_word' id='word_1_323' title='bbox 1255 3099 1373 3143; x_wconf 82' lang='lat' dir='ltr'><strong>dixe-</strong></span> 
     </span>
     <span class='ocr_line' id='line_1_43' title="bbox 130 3173 1372 3230; baseline 0.001 -16"><span class='ocrx_word' id='word_1_324' title='bbox 130 3183 222 3214; x_wconf 87' lang='lat' dir='ltr'><strong>ram</strong></span> <span class='ocrx_word' id='word_1_325' title='bbox 257 3173 551 3229; x_wconf 87' lang='lat' dir='ltr'><strong>superaddens</strong></span> <span class='ocrx_word' id='word_1_326' title='bbox 580 3174 796 3230; x_wconf 81' lang='lat' dir='ltr'><strong>expressi,</strong></span> <span class='ocrx_word' id='word_1_327' title='bbox 821 3178 863 3216; x_wconf 88' lang='lat' dir='ltr'><strong>et</strong></span> <span class='ocrx_word' id='word_1_328' title='bbox 890 3184 1093 3229; x_wconf 87' lang='lat' dir='ltr'><strong>expressa</strong></span> <span class='ocrx_word' id='word_1_329' title='bbox 1120 3180 1273 3218; x_wconf 84' lang='lat' dir='ltr'><strong>vestrae</strong></span> <span class='ocrx_word' id='word_1_330' title='bbox 1294 3185 1372 3228; x_wconf 87' lang='lat' dir='ltr'><strong>po-</strong></span> 
     </span>
     <span class='ocr_line' id='line_1_44' title="bbox 129 3245 1107 3304; baseline 0.002 -16"><span class='ocrx_word' id='word_1_331' title='bbox 129 3246 343 3289; x_wconf 87' lang='lat' dir='ltr'><strong>tissimum</strong></span> <span class='ocrx_word' id='word_1_332' title='bbox 370 3246 595 3291; x_wconf 76' lang='lat' dir='ltr'><strong>charitatis</strong></span> <span class='ocrx_word' id='word_1_333' title='bbox 614 3245 852 3304; x_wconf 75' lang='lat' dir='ltr'><strong>sinceritati</strong></span> <span class='ocrx_word' id='word_1_334' title='bbox 870 3245 1107 3290; x_wconf 83' lang='lat' dir='ltr'><strong>transmisi.</strong></span> 
     </span>
    </p>

    <p class='ocr_par' dir='ltr' id='par_1_6' title="bbox 184 3314 1367 3372">
     <span class='ocr_line' id='line_1_45' title="bbox 184 3314 1367 3372; baseline 0 -14"><span class='ocrx_word' id='word_1_335' title='bbox 184 3315 270 3359; x_wconf 82' lang='lat' dir='ltr'><strong>vn.</strong></span> <span class='ocrx_word' id='word_1_336' title='bbox 303 3315 344 3357; x_wconf 91' lang='lat' dir='ltr'><em>N</em></span> <span class='ocrx_word' id='word_1_337' title='bbox 348 3315 568 3372; x_wconf 63' lang='lat' dir='ltr'><strong>aucupatio</strong></span> <span class='ocrx_word' id='word_1_338' title='bbox 589 3317 738 3371; x_wconf 77' lang='lat' dir='ltr'><strong>operis,</strong></span> <span class='ocrx_word' id='word_1_339' title='bbox 753 3323 792 3358; x_wconf 84' lang='lat' dir='ltr'><strong>et</strong></span> <span class='ocrx_word' id='word_1_340' title='bbox 808 3314 1021 3372; x_wconf 74' lang='lat' dir='ltr'><strong>suiipsius.</strong></span> <span class='ocrx_word' id='word_1_341' title='bbox 1042 3314 1175 3358; x_wconf 82' lang='lat' dir='ltr'><strong>Vobis</strong></span> <span class='ocrx_word' id='word_1_342' title='bbox 1193 3315 1340 3370; x_wconf 89' lang='lat' dir='ltr'><strong>utique</strong></span> <span class='ocrx_word' id='word_1_343' title='bbox 1354 3347 1367 3367; x_wconf 86' lang='lat'><strong>,</strong></span> 
     </span>
    </p>
   </div>
   <div class='ocr_carea' id='block_1_5' title="bbox 1458 283 2706 2364">
    <p class='ocr_par' dir='ltr' id='par_1_7' title="bbox 1462 283 2706 1567">
     <span class='ocr_line' id='line_1_46' title="bbox 1468 283 2702 347; baseline 0.006 -22"><span class='ocrx_word' id='word_1_344' title='bbox 1468 289 1514 325; x_wconf 75' lang='lat' dir='ltr'><strong>ut</strong></span> <span class='ocrx_word' id='word_1_345' title='bbox 1551 289 1605 325; x_wconf 81' lang='lat' dir='ltr'><strong>ex</strong></span> <span class='ocrx_word' id='word_1_346' title='bbox 1650 283 1981 328; x_wconf 85' lang='lat' dir='ltr'><strong>transmissione</strong></span> <span class='ocrx_word' id='word_1_347' title='bbox 2017 285 2235 341; x_wconf 87' lang='lat' dir='ltr'><strong>conjiciat,</strong></span> <span class='ocrx_word' id='word_1_348' title='bbox 2283 293 2409 342; x_wconf 86' lang='lat' dir='ltr'><strong>atque</strong></span> <span class='ocrx_word' id='word_1_349' title='bbox 2443 289 2702 347; x_wconf 85' lang='lat' dir='ltr'><strong>perpendat;</strong></span> 
     </span>
     <span class='ocr_line' id='line_1_47' title="bbox 1466 354 2706 411; baseline 0.007 -15"><span class='ocrx_word' id='word_1_350' title='bbox 1466 366 1592 409; x_wconf 88' lang='lat' dir='ltr'><strong>quem</strong></span> <span class='ocrx_word' id='word_1_351' title='bbox 1611 354 1833 409; x_wconf 82' lang='lat' dir='ltr'><strong>qualemve</strong></span> <span class='ocrx_word' id='word_1_352' title='bbox 1850 369 1951 411; x_wconf 87' lang='lat' dir='ltr'><strong>erga</strong></span> <span class='ocrx_word' id='word_1_353' title='bbox 1968 369 2045 401; x_wconf 86' lang='lat' dir='ltr'><strong>vos</strong></span> <span class='ocrx_word' id='word_1_354' title='bbox 2081 358 2261 401; x_wconf 81' lang='lat' dir='ltr'><strong>habeam</strong></span> <span class='ocrx_word' id='word_1_355' title='bbox 2300 360 2343 401; x_wconf 91' lang='lat' dir='ltr'><strong>in</strong></span> <span class='ocrx_word' id='word_1_356' title='bbox 2373 358 2553 403; x_wconf 88' lang='lat' dir='ltr'><strong>Domino</strong></span> <span class='ocrx_word' id='word_1_357' title='bbox 2578 361 2706 405; x_wconf 75' lang='lat' dir='ltr'><strong>affec·</strong></span> 
     </span>
     <span class='ocr_line' id='line_1_48' title="bbox 1466 425 2701 486; baseline 0.006 -18"><span class='ocrx_word' id='word_1_358' title='bbox 1466 431 1574 469; x_wconf 87' lang='lat' dir='ltr'><strong>tum.</strong></span> <span class='ocrx_word' id='word_1_359' title='bbox 1599 425 1735 469; x_wconf 88' lang='lat' dir='ltr'><strong>Totus</strong></span> <span class='ocrx_word' id='word_1_360' title='bbox 1763 426 1920 482; x_wconf 76' lang='lat' dir='ltr'><strong>quippe</strong></span> <span class='ocrx_word' id='word_1_361' title='bbox 1941 440 2124 483; x_wconf 85' lang='lat' dir='ltr'><strong>semper,</strong></span> <span class='ocrx_word' id='word_1_362' title='bbox 2159 435 2201 472; x_wconf 92' lang='lat' dir='ltr'><strong>et</strong></span> <span class='ocrx_word' id='word_1_363' title='bbox 2224 428 2397 486; x_wconf 85' lang='lat' dir='ltr'><strong>ubique,</strong></span> <span class='ocrx_word' id='word_1_364' title='bbox 2416 438 2457 475; x_wconf 90' lang='lat' dir='ltr'><strong>et</strong></span> <span class='ocrx_word' id='word_1_365' title='bbox 2481 432 2534 475; x_wconf 86' lang='lat' dir='ltr'><strong>ad</strong></span> <span class='ocrx_word' id='word_1_366' title='bbox 2559 435 2701 476; x_wconf 91' lang='lat' dir='ltr'><strong>omnia</strong></span> 
     </span>
     <span class='ocr_line' id='line_1_49' title="bbox 1466 486 2704 552; baseline 0.006 -12"><span class='ocrx_word' id='word_1_367' title='bbox 1466 498 1722 552; x_wconf 78' lang='lat' dir='ltr'><strong>inquantum</strong></span> <span class='ocrx_word' id='word_1_368' title='bbox 1763 504 1805 540; x_wconf 88' lang='lat' dir='ltr'><strong>et</strong></span> <span class='ocrx_word' id='word_1_369' title='bbox 1843 486 2023 543; x_wconf 77' lang='lat' dir='ltr'><strong>scientia</strong></span> <span class='ocrx_word' id='word_1_370' title='bbox 2051 512 2195 551; x_wconf 87' lang='lat' dir='ltr'><strong>nosse,</strong></span> <span class='ocrx_word' id='word_1_371' title='bbox 2235 506 2278 544; x_wconf 89' lang='lat' dir='ltr'><strong>et</strong></span> <span class='ocrx_word' id='word_1_372' title='bbox 2310 501 2489 545; x_wconf 78' lang='lat' dir='ltr'><strong>facultas</strong></span> <span class='ocrx_word' id='word_1_373' title='bbox 2524 505 2704 547; x_wconf 86' lang='lat' dir='ltr'><strong>contulit</strong></span> 
     </span>
     <span class='ocr_line' id='line_1_50' title="bbox 1467 568 2702 628; baseline 0.005 -17"><span class='ocrx_word' id='word_1_374' title='bbox 1467 581 1622 624; x_wconf 73' lang='lat' dir='ltr'><strong>posse,</strong></span> <span class='ocrx_word' id='word_1_375' title='bbox 1644 570 1686 611; x_wconf 85' lang='lat' dir='ltr'><strong>in</strong></span> <span class='ocrx_word' id='word_1_376' title='bbox 1710 568 1884 612; x_wconf 81' lang='lat' dir='ltr'><strong>Christo</strong></span> <span class='ocrx_word' id='word_1_377' title='bbox 1909 573 2049 617; x_wconf 85' lang='lat' dir='ltr'><strong>vester</strong></span> <span class='ocrx_word' id='word_1_378' title='bbox 2071 584 2166 614; x_wconf 88' lang='lat' dir='ltr'><strong>sum</strong></span> <span class='ocrx_word' id='word_1_379' title='bbox 2182 604 2194 623; x_wconf 85' lang='lat'><strong>,</strong></span> <span class='ocrx_word' id='word_1_380' title='bbox 2222 573 2258 615; x_wconf 88' lang='lat' dir='ltr'><strong>si</strong></span> <span class='ocrx_word' id='word_1_381' title='bbox 2281 573 2385 628; x_wconf 87' lang='lat' dir='ltr'><strong>quid</strong></span> <span class='ocrx_word' id='word_1_382' title='bbox 2424 579 2565 618; x_wconf 88' lang='lat' dir='ltr'><strong>tamen</strong></span> <span class='ocrx_word' id='word_1_383' title='bbox 2590 587 2702 622; x_wconf 80' lang='lat' dir='ltr'><strong>sum.</strong></span> 
     </span>
     <span class='ocr_line' id='line_1_51' title="bbox 1469 641 2704 703; baseline 0.006 -19"><span class='ocrx_word' id='word_1_384' title='bbox 1469 641 1623 685; x_wconf 87' lang='lat' dir='ltr'><strong>Vester</strong></span> <span class='ocrx_word' id='word_1_385' title='bbox 1643 643 1818 698; x_wconf 80' lang='lat' dir='ltr'><strong>utique3</strong></span> <span class='ocrx_word' id='word_1_386' title='bbox 1856 650 2013 695; x_wconf 70' lang='lat' dir='ltr'><strong>vester,</strong></span> <span class='ocrx_word' id='word_1_387' title='bbox 2039 644 2230 700; x_wconf 82' lang='lat' dir='ltr'><strong>inquam,</strong></span> <span class='ocrx_word' id='word_1_388' title='bbox 2267 646 2311 694; x_wconf 82' lang='lat' dir='ltr'><strong>in</strong></span> <span class='ocrx_word' id='word_1_389' title='bbox 2336 647 2543 703; x_wconf 86' lang='lat' dir='ltr'><strong>obsequio</strong></span> <span class='ocrx_word' id='word_1_390' title='bbox 2565 648 2704 692; x_wconf 79' lang='lat' dir='ltr'><strong>famu-</strong></span> 
     </span>
     <span class='ocr_line' id='line_1_52' title="bbox 1466 713 2701 776; baseline 0.007 -20"><span class='ocrx_word' id='word_1_391' title='bbox 1466 715 1551 765; x_wconf 87' lang='lat' dir='ltr'><strong>lus,</strong></span> <span class='ocrx_word' id='word_1_392' title='bbox 1578 716 1621 757; x_wconf 89' lang='lat' dir='ltr'><strong>in</strong></span> <span class='ocrx_word' id='word_1_393' title='bbox 1644 714 1850 759; x_wconf 75' lang='lat' dir='ltr'><strong>beneficio</strong></span> <span class='ocrx_word' id='word_1_394' title='bbox 1874 713 2101 767; x_wconf 78' lang='lat' dir='ltr'><strong>obnoxius,</strong></span> <span class='ocrx_word' id='word_1_395' title='bbox 2128 717 2172 759; x_wconf 84' lang='lat' dir='ltr'><strong>in</strong></span> <span class='ocrx_word' id='word_1_396' title='bbox 2194 718 2432 763; x_wconf 86' lang='lat' dir='ltr'><strong>eruditione</strong></span> <span class='ocrx_word' id='word_1_397' title='bbox 2449 721 2701 776; x_wconf 85' lang='lat' dir='ltr'><strong>discipulus,</strong></span> 
     </span>
     <span class='ocr_line' id='line_1_53' title="bbox 1466 786 2704 843; baseline 0.006 -15"><span class='ocrx_word' id='word_1_398' title='bbox 1466 786 1511 829; x_wconf 87' lang='lat' dir='ltr'><strong>in</strong></span> <span class='ocrx_word' id='word_1_399' title='bbox 1535 786 1765 842; x_wconf 87' lang='lat' dir='ltr'><strong>adoptione</strong></span> <span class='ocrx_word' id='word_1_400' title='bbox 1790 787 1919 839; x_wconf 83' lang='lat' dir='ltr'><strong>tilius,</strong></span> <span class='ocrx_word' id='word_1_401' title='bbox 1950 788 1992 830; x_wconf 91' lang='lat' dir='ltr'><strong>in</strong></span> <span class='ocrx_word' id='word_1_402' title='bbox 2013 799 2117 843; x_wconf 89' lang='lat' dir='ltr'><strong>pace</strong></span> <span class='ocrx_word' id='word_1_403' title='bbox 2140 790 2352 833; x_wconf 85' lang='lat' dir='ltr'><strong>catholica</strong></span> <span class='ocrx_word' id='word_1_404' title='bbox 2387 793 2547 838; x_wconf 77' lang='lat' dir='ltr'><strong>socius,</strong></span> <span class='ocrx_word' id='word_1_405' title='bbox 2574 793 2615 835; x_wconf 91' lang='lat' dir='ltr'><strong>in</strong></span> <span class='ocrx_word' id='word_1_406' title='bbox 2638 794 2704 836; x_wconf 84' lang='lat' dir='ltr'><strong>di-</strong></span> 
     </span>
     <span class='ocr_line' id='line_1_54' title="bbox 1473 859 2705 922; baseline 0.005 -21"><span class='ocrx_word' id='word_1_407' title='bbox 1473 859 1656 902; x_wconf 86' lang='lat' dir='ltr'><strong>lectione</strong></span> <span class='ocrx_word' id='word_1_408' title='bbox 1679 859 1872 912; x_wconf 90' lang='lat' dir='ltr'><strong>amicus;</strong></span> <span class='ocrx_word' id='word_1_409' title='bbox 1893 860 1938 902; x_wconf 91' lang='lat' dir='ltr'><strong>in</strong></span> <span class='ocrx_word' id='word_1_410' title='bbox 1960 859 2055 922; x_wconf 89' lang='lat' dir='ltr'><strong>ipso</strong></span> <span class='ocrx_word' id='word_1_411' title='bbox 2079 861 2278 917; x_wconf 84' lang='lat' dir='ltr'><strong>denique,</strong></span> <span class='ocrx_word' id='word_1_412' title='bbox 2304 863 2380 918; x_wconf 87' lang='lat' dir='ltr'><strong>qui</strong></span> <span class='ocrx_word' id='word_1_413' title='bbox 2409 862 2615 908; x_wconf 89' lang='lat' dir='ltr'><strong>Dominus</strong></span> <span class='ocrx_word' id='word_1_414' title='bbox 2637 870 2705 909; x_wconf 85' lang='lat' dir='ltr'><strong>est</strong></span> 
     </span>
     <span class='ocr_line' id='line_1_55' title="bbox 1466 931 2704 992; baseline 0.002 -17"><span class='ocrx_word' id='word_1_415' title='bbox 1466 931 1796 984; x_wconf 79' lang='lat' dir='ltr'><strong>dominantium,</strong></span> <span class='ocrx_word' id='word_1_416' title='bbox 1816 944 2067 978; x_wconf 87' lang='lat' dir='ltr'><strong>conservus.</strong></span> <span class='ocrx_word' id='word_1_417' title='bbox 2085 933 2148 977; x_wconf 86' lang='lat' dir='ltr'><strong>An</strong></span> <span class='ocrx_word' id='word_1_418' title='bbox 2170 933 2285 977; x_wconf 89' lang='lat' dir='ltr'><strong>istud</strong></span> <span class='ocrx_word' id='word_1_419' title='bbox 2301 937 2397 990; x_wconf 89' lang='lat' dir='ltr'><strong>quis</strong></span> <span class='ocrx_word' id='word_1_420' title='bbox 2411 941 2573 980; x_wconf 87' lang='lat' dir='ltr'><strong>asserat</strong></span> <span class='ocrx_word' id='word_1_421' title='bbox 2585 949 2704 992; x_wconf 82' lang='lat' dir='ltr'><strong>mag-</strong></span> 
     </span>
     <span class='ocr_line' id='line_1_56' title="bbox 1466 1004 2702 1065; baseline 0.004 -17"><span class='ocrx_word' id='word_1_422' title='bbox 1466 1018 1587 1057; x_wconf 87' lang='lat' dir='ltr'><strong>num,</strong></span> <span class='ocrx_word' id='word_1_423' title='bbox 1612 1004 1728 1062; x_wconf 83' lang='lat' dir='ltr'><strong>quod</strong></span> <span class='ocrx_word' id='word_1_424' title='bbox 1755 1019 1824 1051; x_wconf 89' lang='lat' dir='ltr'><strong>me</strong></span> <span class='ocrx_word' id='word_1_425' title='bbox 1847 1019 1900 1050; x_wconf 83' lang='lat' dir='ltr'><strong>ex</strong></span> <span class='ocrx_word' id='word_1_426' title='bbox 1924 1011 2014 1050; x_wconf 92' lang='lat' dir='ltr'><strong>toto</strong></span> <span class='ocrx_word' id='word_1_427' title='bbox 2038 1019 2188 1052; x_wconf 86' lang='lat' dir='ltr'><strong>assero</strong></span> <span class='ocrx_word' id='word_1_428' title='bbox 2210 1009 2433 1051; x_wconf 80' lang='lat' dir='ltr'><strong>vestrum?</strong></span> <span class='ocrx_word' id='word_1_429' title='bbox 2451 1008 2538 1065; x_wconf 78' lang='lat' dir='ltr'><strong>Ego</strong></span> <span class='ocrx_word' id='word_1_430' title='bbox 2562 1016 2702 1053; x_wconf 88' lang='lat' dir='ltr'><strong>autem</strong></span> 
     </span>
     <span class='ocr_line' id='line_1_57' title="bbox 1466 1077 2705 1136; baseline 0.002 -15"><span class='ocrx_word' id='word_1_431' title='bbox 1466 1091 1552 1121; x_wconf 86' lang='lat' dir='ltr'><strong>non</strong></span> <span class='ocrx_word' id='word_1_432' title='bbox 1570 1077 1939 1122; x_wconf 86' lang='lat' dir='ltr'><strong>contradicerem:</strong></span> <span class='ocrx_word' id='word_1_433' title='bbox 1980 1079 2016 1122; x_wconf 90' lang='lat' dir='ltr'><strong>si</strong></span> <span class='ocrx_word' id='word_1_434' title='bbox 2056 1078 2149 1135; x_wconf 82' lang='lat' dir='ltr'><strong>ipse</strong></span> <span class='ocrx_word' id='word_1_435' title='bbox 2179 1092 2360 1136; x_wconf 82' lang='lat' dir='ltr'><strong>magnus</strong></span> <span class='ocrx_word' id='word_1_436' title='bbox 2391 1092 2550 1128; x_wconf 82' lang='lat' dir='ltr'><strong>essem.</strong></span> <span class='ocrx_word' id='word_1_437' title='bbox 2582 1080 2705 1127; x_wconf 78' lang='lat' dir='ltr'><strong>Nune</strong></span> 
     </span>
     <span class='ocr_line' id='line_1_58' title="bbox 1466 1151 2701 1207; baseline 0.002 -15"><span class='ocrx_word' id='word_1_438' title='bbox 1466 1163 1568 1194; x_wconf 84' lang='lat' dir='ltr'><strong>vero</strong></span> <span class='ocrx_word' id='word_1_439' title='bbox 1591 1163 1680 1193; x_wconf 90' lang='lat' dir='ltr'><strong>non</strong></span> <span class='ocrx_word' id='word_1_440' title='bbox 1704 1163 1771 1194; x_wconf 89' lang='lat' dir='ltr'><strong>me</strong></span> <span class='ocrx_word' id='word_1_441' title='bbox 1787 1151 2040 1195; x_wconf 82' lang='lat' dir='ltr'><strong>existimans</strong></span> <span class='ocrx_word' id='word_1_442' title='bbox 2052 1164 2148 1195; x_wconf 89' lang='lat' dir='ltr'><strong>esse</strong></span> <span class='ocrx_word' id='word_1_443' title='bbox 2171 1151 2449 1207; x_wconf 86' lang='lat' dir='ltr'><strong>aliquid,cum</strong></span> <span class='ocrx_word' id='word_1_444' title='bbox 2474 1152 2580 1195; x_wconf 86' lang='lat' dir='ltr'><strong>nihil</strong></span> <span class='ocrx_word' id='word_1_445' title='bbox 2603 1154 2701 1205; x_wconf 75' lang='lat' dir='ltr'><strong>sim,</strong></span> 
     </span>
     <span class='ocr_line' id='line_1_59' title="bbox 1465 1215 2704 1281; baseline 0.004 -16"><span class='ocrx_word' id='word_1_446' title='bbox 1465 1236 1520 1266; x_wconf 90' lang='lat' dir='ltr'><strong>ne</strong></span> <span class='ocrx_word' id='word_1_447' title='bbox 1538 1223 1631 1278; x_wconf 91' lang='lat' dir='ltr'><strong>ipse</strong></span> <span class='ocrx_word' id='word_1_448' title='bbox 1654 1235 1723 1267; x_wconf 88' lang='lat' dir='ltr'><strong>me</strong></span> <span class='ocrx_word' id='word_1_449' title='bbox 1745 1223 1946 1268; x_wconf 85' lang='lat' dir='ltr'><strong>seducam</strong></span> <span class='ocrx_word' id='word_1_450' title='bbox 1973 1215 2084 1279; x_wconf 83' lang='lat' dir='ltr'><strong>(Gal.</strong></span> <span class='ocrx_word' id='word_1_451' title='bbox 2112 1237 2172 1281; x_wconf 66' lang='lat' dir='ltr'><strong>ri,</strong></span> <span class='ocrx_word' id='word_1_452' title='bbox 2195 1224 2236 1280; x_wconf 79' lang='lat'><strong>5)</strong></span> <span class='ocrx_word' id='word_1_453' title='bbox 2253 1257 2264 1275; x_wconf 94' lang='lat'>‚</span> <span class='ocrx_word' id='word_1_454' title='bbox 2298 1224 2371 1267; x_wconf 88' lang='lat' dir='ltr'><strong>sed</strong></span> <span class='ocrx_word' id='word_1_455' title='bbox 2390 1226 2532 1280; x_wconf 89' lang='lat' dir='ltr'><strong>potius</strong></span> <span class='ocrx_word' id='word_1_456' title='bbox 2561 1225 2704 1270; x_wconf 79' lang='lat' dir='ltr'><strong>solens</strong></span> 
     </span>
     <span class='ocr_line' id='line_1_60' title="bbox 1465 1296 2701 1354; baseline 0.002 -15"><span class='ocrx_word' id='word_1_457' title='bbox 1465 1296 1569 1352; x_wconf 89' lang='lat' dir='ltr'><strong>quid</strong></span> <span class='ocrx_word' id='word_1_458' title='bbox 1584 1296 1696 1339; x_wconf 86' lang='lat' dir='ltr'><strong>desit</strong></span> <span class='ocrx_word' id='word_1_459' title='bbox 1712 1296 1832 1346; x_wconf 86' lang='lat' dir='ltr'><strong>mihi,</strong></span> <span class='ocrx_word' id='word_1_460' title='bbox 1854 1309 1940 1339; x_wconf 87' lang='lat' dir='ltr'><strong>non</strong></span> <span class='ocrx_word' id='word_1_461' title='bbox 1959 1298 2100 1352; x_wconf 84' lang='lat' dir='ltr'><strong>magni</strong></span> <span class='ocrx_word' id='word_1_462' title='bbox 2125 1297 2283 1354; x_wconf 85' lang='lat' dir='ltr'><strong>aliquid</strong></span> <span class='ocrx_word' id='word_1_463' title='bbox 2304 1311 2371 1341; x_wconf 89' lang='lat' dir='ltr'><strong>me</strong></span> <span class='ocrx_word' id='word_1_464' title='bbox 2394 1310 2518 1354; x_wconf 79' lang='lat' dir='ltr'><strong>agere</strong></span> <span class='ocrx_word' id='word_1_465' title='bbox 2528 1298 2701 1354; x_wconf 89' lang='lat' dir='ltr'><strong>deputo,</strong></span> 
     </span>
     <span class='ocr_line' id='line_1_61' title="bbox 1465 1367 2704 1424; baseline 0.002 -14"><span class='ocrx_word' id='word_1_466' title='bbox 1465 1367 1593 1410; x_wconf 87' lang='lat' dir='ltr'><strong>etiam</strong></span> <span class='ocrx_word' id='word_1_467' title='bbox 1613 1378 1712 1409; x_wconf 91' lang='lat' dir='ltr'><strong>eum</strong></span> <span class='ocrx_word' id='word_1_468' title='bbox 1731 1379 1797 1410; x_wconf 89' lang='lat' dir='ltr'><strong>me</strong></span> <span class='ocrx_word' id='word_1_469' title='bbox 1823 1379 1873 1410; x_wconf 83' lang='lat' dir='ltr'><strong>cx</strong></span> <span class='ocrx_word' id='word_1_470' title='bbox 1896 1372 1985 1410; x_wconf 85' lang='lat' dir='ltr'><strong>toto</strong></span> <span class='ocrx_word' id='word_1_471' title='bbox 2011 1367 2064 1410; x_wconf 88' lang='lat' dir='ltr'><strong>ad</strong></span> <span class='ocrx_word' id='word_1_472' title='bbox 2082 1367 2311 1410; x_wconf 87' lang='lat' dir='ltr'><strong>amandum</strong></span> <span class='ocrx_word' id='word_1_473' title='bbox 2329 1369 2483 1424; x_wconf 84' lang='lat' dir='ltr'><strong>colligo</strong></span> <span class='ocrx_word' id='word_1_474' title='bbox 2502 1383 2514 1422; x_wconf 86' lang='grc'><strong>;</strong></span> <span class='ocrx_word' id='word_1_475' title='bbox 2536 1369 2610 1424; x_wconf 86' lang='lat' dir='ltr'><strong>qui</strong></span> <span class='ocrx_word' id='word_1_476' title='bbox 2635 1380 2704 1413; x_wconf 84' lang='lat' dir='ltr'><strong>me</strong></span> 
     </span>
     <span class='ocr_line' id='line_1_62' title="bbox 1463 1435 2704 1493; baseline 0.004 -12"><span class='ocrx_word' id='word_1_477' title='bbox 1463 1439 1680 1481; x_wconf 83' lang='lat' dir='ltr'><strong>tantillum</strong></span> <span class='ocrx_word' id='word_1_478' title='bbox 1718 1444 1759 1481; x_wconf 90' lang='lat' dir='ltr'><strong>et</strong></span> <span class='ocrx_word' id='word_1_479' title='bbox 1794 1439 1940 1491; x_wconf 86' lang='lat' dir='ltr'><strong>talem,</strong></span> <span class='ocrx_word' id='word_1_480' title='bbox 1965 1451 1989 1480; x_wconf 86' lang='lat' dir='ltr'><strong>a</strong></span> <span class='ocrx_word' id='word_1_481' title='bbox 2010 1440 2142 1482; x_wconf 87' lang='lat' dir='ltr'><strong>tantis</strong></span> <span class='ocrx_word' id='word_1_482' title='bbox 2182 1451 2231 1482; x_wconf 88' lang='grc'><strong>30</strong></span> <span class='ocrx_word' id='word_1_483' title='bbox 2254 1440 2429 1493; x_wconf 87' lang='lat' dir='ltr'><strong>talibus,</strong></span> <span class='ocrx_word' id='word_1_484' title='bbox 2461 1435 2625 1484; x_wconf 87' lang='lat' dir='ltr'><strong>tantum</strong></span> <span class='ocrx_word' id='word_1_485' title='bbox 2652 1453 2704 1486; x_wconf 84' lang='lat' dir='ltr'><strong>ac</strong></span> 
     </span>
     <span class='ocr_line' id='line_1_63' title="bbox 1462 1510 2550 1567; baseline 0.001 -13"><span class='ocrx_word' id='word_1_486' title='bbox 1462 1510 1764 1564; x_wconf 36' lang='lat' dir='ltr'><strong>taliter-amari</strong></span> <span class='ocrx_word' id='word_1_487' title='bbox 1787 1522 1874 1554; x_wconf 89' lang='lat' dir='ltr'><strong>non</strong></span> <span class='ocrx_word' id='word_1_488' title='bbox 1899 1511 2066 1567; x_wconf 85' lang='lat' dir='ltr'><strong>ignoro.</strong></span> <span class='ocrx_word' id='word_1_489' title='bbox 2548 1553 2550 1555; x_wconf 84' lang='grc'><em>,</em></span> 
     </span>
    </p>

    <p class='ocr_par' dir='ltr' id='par_1_8' title="bbox 1458 1581 2701 2364">
     <span class='ocr_line' id='line_1_64' title="bbox 1518 1581 2689 1638; baseline 0.004 -15"><span class='ocrx_word' id='word_1_490' title='bbox 1518 1581 1624 1625; x_wconf 80' lang='lat' dir='ltr'><strong>vul.</strong></span> <span class='ocrx_word' id='word_1_491' title='bbox 1651 1582 1827 1626; x_wconf 79' lang='lat' dir='ltr'><strong>Dilectio</strong></span> <span class='ocrx_word' id='word_1_492' title='bbox 1867 1583 1956 1625; x_wconf 78' lang='lat' dir='ltr'><strong>sine</strong></span> <span class='ocrx_word' id='word_1_493' title='bbox 1986 1583 2167 1638; x_wconf 76' lang='lat' dir='ltr'><strong>fictione,</strong></span> <span class='ocrx_word' id='word_1_494' title='bbox 2190 1590 2229 1626; x_wconf 80' lang='lat' dir='ltr'><strong>et</strong></span> <span class='ocrx_word' id='word_1_495' title='bbox 2253 1582 2542 1638; x_wconf 79' lang='lat' dir='ltr'><strong>beneficiorum</strong></span> <span class='ocrx_word' id='word_1_496' title='bbox 2587 1598 2689 1628; x_wconf 47' lang='lat' dir='ltr'><strong>recen</strong></span> 
     </span>
     <span class='ocr_line' id='line_1_65' title="bbox 1461 1651 2701 1712; baseline 0.005 -16"><span class='ocrx_word' id='word_1_497' title='bbox 1461 1651 1591 1710; x_wconf 58' lang='lat' dir='ltr'><strong>(mitio</strong></span> <span class='ocrx_word' id='word_1_498' title='bbox 1615 1653 1704 1696; x_wconf 81' lang='lat' dir='ltr'><strong>sine</strong></span> <span class='ocrx_word' id='word_1_499' title='bbox 1735 1653 1991 1697; x_wconf 77' lang='lat' dir='ltr'><strong>adulatione.</strong></span> <span class='ocrx_word' id='word_1_500' title='bbox 2021 1652 2227 1710; x_wconf 84' lang='lat' dir='ltr'><strong>Cogitans</strong></span> <span class='ocrx_word' id='word_1_501' title='bbox 2249 1654 2459 1711; x_wconf 75' lang='lat' dir='ltr'><strong>siquidem</strong></span> <span class='ocrx_word' id='word_1_502' title='bbox 2491 1657 2603 1712; x_wconf 86' lang='lat' dir='ltr'><strong>apud</strong></span> <span class='ocrx_word' id='word_1_503' title='bbox 2633 1669 2701 1706; x_wconf 78' lang='lat' dir='ltr'><strong>me</strong></span> 
     </span>
     <span class='ocr_line' id='line_1_66' title="bbox 1461 1726 2699 1785; baseline 0.004 -16"><span class='ocrx_word' id='word_1_504' title='bbox 1461 1731 1504 1770; x_wconf 85' lang='lat' dir='ltr'><strong>et</strong></span> <span class='ocrx_word' id='word_1_505' title='bbox 1535 1726 1797 1781; x_wconf 82' lang='lat' dir='ltr'><strong>recogitans,</strong></span> <span class='ocrx_word' id='word_1_506' title='bbox 1832 1726 2012 1770; x_wconf 71' lang='lat' dir='ltr'><strong>volvens</strong></span> <span class='ocrx_word' id='word_1_507' title='bbox 2045 1739 2096 1770; x_wconf 87' lang='lat' dir='ltr'><strong>ac</strong></span> <span class='ocrx_word' id='word_1_508' title='bbox 2120 1727 2361 1780; x_wconf 78' lang='lat' dir='ltr'><strong>revolvens,</strong></span> <span class='ocrx_word' id='word_1_509' title='bbox 2393 1728 2435 1771; x_wconf 90' lang='grc'><strong>10</strong></span> <span class='ocrx_word' id='word_1_510' title='bbox 2458 1734 2634 1785; x_wconf 87' lang='lat' dir='ltr'><strong>quanto,</strong></span> <span class='ocrx_word' id='word_1_511' title='bbox 2659 1734 2699 1774; x_wconf 83' lang='lat' dir='ltr'><strong>et</strong></span> 
     </span>
     <span class='ocr_line' id='line_1_67' title="bbox 1461 1798 2698 1857; baseline 0.003 -16"><span class='ocrx_word' id='word_1_512' title='bbox 1461 1799 1578 1855; x_wconf 86' lang='lat' dir='ltr'><strong>quali</strong></span> <span class='ocrx_word' id='word_1_513' title='bbox 1600 1810 1668 1842; x_wconf 89' lang='lat' dir='ltr'><strong>me</strong></span> <span class='ocrx_word' id='word_1_514' title='bbox 1699 1798 1744 1842; x_wconf 91' lang='lat' dir='ltr'><strong>in</strong></span> <span class='ocrx_word' id='word_1_515' title='bbox 1778 1798 1961 1843; x_wconf 89' lang='lat' dir='ltr'><strong>Domino</strong></span> <span class='ocrx_word' id='word_1_516' title='bbox 1992 1801 2336 1857; x_wconf 87' lang='lat' dir='ltr'><strong>complectamini</strong></span> <span class='ocrx_word' id='word_1_517' title='bbox 2380 1801 2532 1846; x_wconf 78' lang='lat' dir='ltr'><strong>affectu</strong></span> <span class='ocrx_word' id='word_1_518' title='bbox 2554 1834 2565 1855; x_wconf 93' lang='lat'><strong>,</strong></span> <span class='ocrx_word' id='word_1_519' title='bbox 2597 1803 2698 1846; x_wconf 85' lang='lat' dir='ltr'><strong>dum</strong></span> 
     </span>
     <span class='ocr_line' id='line_1_68' title="bbox 1460 1871 2700 1932; baseline 0.002 -17"><span class='ocrx_word' id='word_1_520' title='bbox 1460 1872 1561 1925; x_wconf 89' lang='lat' dir='ltr'><strong>hinc</strong></span> <span class='ocrx_word' id='word_1_521' title='bbox 1579 1883 1647 1914; x_wconf 92' lang='lat' dir='ltr'><strong>me</strong></span> <span class='ocrx_word' id='word_1_522' title='bbox 1671 1871 1884 1928; x_wconf 80' lang='lat' dir='ltr'><strong>praevideo</strong></span> <span class='ocrx_word' id='word_1_523' title='bbox 1922 1878 2010 1916; x_wconf 85' lang='lat' dir='ltr'><strong>tam</strong></span> <span class='ocrx_word' id='word_1_524' title='bbox 2038 1874 2276 1932; x_wconf 77' lang='lat' dir='ltr'><strong>indignum,</strong></span> <span class='ocrx_word' id='word_1_525' title='bbox 2300 1874 2400 1917; x_wconf 87' lang='lat' dir='ltr'><strong>hinc</strong></span> <span class='ocrx_word' id='word_1_526' title='bbox 2435 1880 2575 1917; x_wconf 87' lang='lat' dir='ltr'><strong>autem</strong></span> <span class='ocrx_word' id='word_1_527' title='bbox 2593 1875 2700 1917; x_wconf 89' lang='lat' dir='ltr'><strong>tanti</strong></span> 
     </span>
     <span class='ocr_line' id='line_1_69' title="bbox 1459 1944 2699 2002; baseline 0.002 -14"><span class='ocrx_word' id='word_1_528' title='bbox 1459 1944 1572 2002; x_wconf 89' lang='lat' dir='ltr'><strong>apud</strong></span> <span class='ocrx_word' id='word_1_529' title='bbox 1591 1956 1668 1988; x_wconf 91' lang='lat' dir='ltr'><strong>vos</strong></span> <span class='ocrx_word' id='word_1_530' title='bbox 1708 1945 1938 1990; x_wconf 85' lang='lat' dir='ltr'><strong>habitum:</strong></span> <span class='ocrx_word' id='word_1_531' title='bbox 1981 1959 2112 2002; x_wconf 90' lang='lat' dir='ltr'><strong>super</strong></span> <span class='ocrx_word' id='word_1_532' title='bbox 2148 1946 2438 1990; x_wconf 82' lang='lat' dir='ltr'><strong>inaestimabili</strong></span> <span class='ocrx_word' id='word_1_533' title='bbox 2471 1946 2550 1989; x_wconf 87' lang='lat' dir='ltr'><strong>hac</strong></span> <span class='ocrx_word' id='word_1_534' title='bbox 2592 1947 2699 1995; x_wconf 83' lang='lat' dir='ltr'><strong>dile·</strong></span> 
     </span>
     <span class='ocr_line' id='line_1_70' title="bbox 1459 2018 2676 2075; baseline 0.001 -14"><span class='ocrx_word' id='word_1_535' title='bbox 1459 2018 1602 2061; x_wconf 90' lang='lat' dir='ltr'><strong>ctione</strong></span> <span class='ocrx_word' id='word_1_536' title='bbox 1620 2022 1760 2061; x_wconf 84' lang='lat' dir='ltr'><strong>vestra</strong></span> <span class='ocrx_word' id='word_1_537' title='bbox 1776 2018 2003 2071; x_wconf 87' lang='lat' dir='ltr'><strong>erubesco,</strong></span> <span class='ocrx_word' id='word_1_538' title='bbox 2036 2020 2190 2070; x_wconf 78' lang='lat' dir='ltr'><strong>fateor,</strong></span> <span class='ocrx_word' id='word_1_539' title='bbox 2203 2019 2528 2075; x_wconf 78' lang='lat' dir='ltr'><strong>obstupescens,</strong></span> <span class='ocrx_word' id='word_1_540' title='bbox 2558 2025 2600 2062; x_wconf 90' lang='lat' dir='ltr'><strong>et</strong></span> <span class='ocrx_word' id='word_1_541' title='bbox 2621 2019 2676 2062; x_wconf 93' lang='lat' dir='ltr'><strong>ob</strong></span> 
     </span>
     <span class='ocr_line' id='line_1_71' title="bbox 1459 2090 2696 2146; baseline 0 -12"><span class='ocrx_word' id='word_1_542' title='bbox 1459 2096 1660 2145; x_wconf 84' lang='lat' dir='ltr'><strong>stupesco</strong></span> <span class='ocrx_word' id='word_1_543' title='bbox 1681 2090 1956 2134; x_wconf 85' lang='lat' dir='ltr'><strong>erubescens.</strong></span> <span class='ocrx_word' id='word_1_544' title='bbox 1971 2090 2117 2146; x_wconf 85' lang='lat' dir='ltr'><strong>Neque</strong></span> <span class='ocrx_word' id='word_1_545' title='bbox 2135 2091 2248 2134; x_wconf 88' lang='lat' dir='ltr'><strong>enim</strong></span> <span class='ocrx_word' id='word_1_546' title='bbox 2269 2090 2312 2133; x_wconf 90' lang='lat' dir='ltr'><strong>in</strong></span> <span class='ocrx_word' id='word_1_547' title='bbox 2330 2091 2472 2142; x_wconf 84' lang='lat' dir='ltr'><strong>corde,</strong></span> <span class='ocrx_word' id='word_1_548' title='bbox 2484 2096 2527 2134; x_wconf 90' lang='lat' dir='ltr'><strong>et</strong></span> <span class='ocrx_word' id='word_1_549' title='bbox 2549 2091 2696 2145; x_wconf 86' lang='lat' dir='ltr'><strong>corde,</strong></span> 
     </span>
     <span class='ocr_line' id='line_1_72' title="bbox 1460 2149 2695 2218; baseline 0.002 -15"><span class='ocrx_word' id='word_1_550' title='bbox 1460 2160 1535 2204; x_wconf 87' lang='lat' dir='ltr'><strong>sed</strong></span> <span class='ocrx_word' id='word_1_551' title='bbox 1552 2172 1698 2203; x_wconf 91' lang='lat' dir='ltr'><strong>coram</strong></span> <span class='ocrx_word' id='word_1_552' title='bbox 1728 2159 1831 2212; x_wconf 86' lang='lat' dir='ltr'><strong>Deo,</strong></span> <span class='ocrx_word' id='word_1_553' title='bbox 1867 2161 1912 2204; x_wconf 89' lang='lat' dir='ltr'><strong>in</strong></span> <span class='ocrx_word' id='word_1_554' title='bbox 1945 2160 2135 2211; x_wconf 91' lang='lat' dir='ltr'><strong>Christo,</strong></span> <span class='ocrx_word' id='word_1_555' title='bbox 2176 2161 2358 2218; x_wconf 89' lang='lat' dir='ltr'><strong>loquor:</strong></span> <span class='ocrx_word' id='word_1_556' title='bbox 2399 2149 2695 2210; x_wconf 71' lang='lat' dir='ltr'><strong>Testimonium</strong></span> 
     </span>
     <span class='ocr_line' id='line_1_73' title="bbox 1458 2226 2695 2289; baseline 0 -13"><span class='ocrx_word' id='word_1_557' title='bbox 1458 2233 1559 2278; x_wconf 73' lang='lat' dir='ltr'><strong>milii</strong></span> <span class='ocrx_word' id='word_1_558' title='bbox 1593 2233 1826 2288; x_wconf 74' lang='lat' dir='ltr'><strong>perhibente</strong></span> <span class='ocrx_word' id='word_1_559' title='bbox 1868 2235 2120 2277; x_wconf 75' lang='lat' dir='ltr'><strong>conscientia</strong></span> <span class='ocrx_word' id='word_1_560' title='bbox 2156 2247 2264 2286; x_wconf 85' lang='lat' dir='ltr'><strong>mea,</strong></span> <span class='ocrx_word' id='word_1_561' title='bbox 2294 2235 2337 2277; x_wconf 78' lang='lat' dir='ltr'><strong>in</strong></span> <span class='ocrx_word' id='word_1_562' title='bbox 2361 2226 2528 2289; x_wconf 67' lang='lat' dir='ltr'><strong>“Spiritu</strong></span> <span class='ocrx_word' id='word_1_563' title='bbox 2553 2242 2695 2281; x_wconf 74' lang='lat' dir='ltr'><strong>sancte</strong></span> 
     </span>
     <span class='ocr_line' id='line_1_74' title="bbox 1459 2305 2695 2364; baseline 0.001 -16"><span class='ocrx_word' id='word_1_564' title='bbox 1459 2305 1597 2364; x_wconf 79' lang='lat' dir='ltr'><strong>(Rom.</strong></span> <span class='ocrx_word' id='word_1_565' title='bbox 1619 2319 1679 2359; x_wconf 77' lang='lat' dir='ltr'><strong>rx,</strong></span> <span class='ocrx_word' id='word_1_566' title='bbox 1703 2307 1745 2363; x_wconf 80' lang='lat'><strong>1)</strong></span> <span class='ocrx_word' id='word_1_567' title='bbox 1762 2338 1774 2358; x_wconf 96' lang='lat'><strong>,</strong></span> <span class='ocrx_word' id='word_1_568' title='bbox 1807 2319 1934 2362; x_wconf 83' lang='lat' dir='ltr'><strong>quem</strong></span> <span class='ocrx_word' id='word_1_569' title='bbox 1961 2306 2004 2349; x_wconf 90' lang='lat' dir='ltr'><strong>in</strong></span> <span class='ocrx_word' id='word_1_570' title='bbox 2028 2307 2205 2350; x_wconf 84' lang='lat' dir='ltr'><strong>veritate</strong></span> <span class='ocrx_word' id='word_1_571' title='bbox 2242 2305 2367 2349; x_wconf 73' lang='lat' dir='ltr'><strong>video</strong></span> <span class='ocrx_word' id='word_1_572' title='bbox 2386 2338 2396 2357; x_wconf 93' lang='lat'>‚</span> <span class='ocrx_word' id='word_1_573' title='bbox 2435 2307 2695 2362; x_wconf 82' lang='lat' dir='ltr'><strong>qualemque</strong></span> 
     </span>
    </p>
   </div>
   <div class='ocr_carea' id='block_1_6' title="bbox 1417 2367 2691 2432">
    <p class='ocr_par' dir='ltr' id='par_1_9' title="bbox 1417 2367 2691 2432">
     <span class='ocr_line' id='line_1_75' title="bbox 1417 2367 2691 2432; baseline 0 -10"><span class='ocrx_word' id='word_1_574' title='bbox 1417 2367 1434 2382; x_wconf 67' lang='lat'><strong><em>¹</em></strong></span> <span class='ocrx_word' id='word_1_575' title='bbox 1457 2392 1526 2422; x_wconf 88' lang='lat' dir='ltr'><strong>me</strong></span> <span class='ocrx_word' id='word_1_576' title='bbox 1547 2391 1622 2422; x_wconf 89' lang='lat' dir='ltr'><strong>ore</strong></span> <span class='ocrx_word' id='word_1_577' title='bbox 1648 2378 1871 2431; x_wconf 82' lang='lat' dir='ltr'><strong>confiteor,</strong></span> <span class='ocrx_word' id='word_1_578' title='bbox 1908 2378 2036 2422; x_wconf 88' lang='lat' dir='ltr'><strong>talem</strong></span> <span class='ocrx_word' id='word_1_579' title='bbox 2064 2384 2105 2423; x_wconf 89' lang='lat' dir='ltr'><strong>et</strong></span> <span class='ocrx_word' id='word_1_580' title='bbox 2133 2379 2175 2421; x_wconf 91' lang='lat' dir='ltr'><strong>in</strong></span> <span class='ocrx_word' id='word_1_581' title='bbox 2199 2378 2328 2422; x_wconf 90' lang='lat' dir='ltr'><strong>corde</strong></span> <span class='ocrx_word' id='word_1_582' title='bbox 2351 2379 2520 2423; x_wconf 86' lang='lat' dir='ltr'><strong>intueor</strong></span> <span class='ocrx_word' id='word_1_583' title='bbox 2536 2394 2547 2432; x_wconf 93' lang='lat'>;</span> <span class='ocrx_word' id='word_1_584' title='bbox 2565 2379 2691 2423; x_wconf 84' lang='lat' dir='ltr'><strong>vilem</strong></span> 
     </span>
    </p>
   </div>
   <div class='ocr_carea' id='block_1_7' title="bbox 1449 2451 2695 3375">
    <p class='ocr_par' dir='ltr' id='par_1_10' title="bbox 1449 2451 2695 3375">
     <span class='ocr_line' id='line_1_76' title="bbox 1455 2451 2695 2504; baseline 0.002 -10"><span class='ocrx_word' id='word_1_585' title='bbox 1455 2464 1524 2495; x_wconf 86' lang='lat' dir='ltr'><strong>me</strong></span> <span class='ocrx_word' id='word_1_586' title='bbox 1551 2451 1731 2504; x_wconf 76' lang='lat' dir='ltr'><strong>faciens,</strong></span> <span class='ocrx_word' id='word_1_587' title='bbox 1758 2457 1801 2496; x_wconf 88' lang='lat' dir='ltr'><strong>et</strong></span> <span class='ocrx_word' id='word_1_588' title='bbox 1832 2451 1877 2494; x_wconf 87' lang='lat' dir='ltr'><strong>in</strong></span> <span class='ocrx_word' id='word_1_589' title='bbox 1910 2452 2049 2496; x_wconf 87' lang='lat' dir='ltr'><strong>oculis</strong></span> <span class='ocrx_word' id='word_1_590' title='bbox 2071 2452 2352 2495; x_wconf 89' lang='lat' dir='ltr'><strong>nihilominus</strong></span> <span class='ocrx_word' id='word_1_591' title='bbox 2382 2452 2489 2497; x_wconf 90' lang='lat' dir='ltr'><strong>meis</strong></span> <span class='ocrx_word' id='word_1_592' title='bbox 2521 2452 2695 2497; x_wconf 78' lang='lat' dir='ltr'><strong>humilis</strong></span> 
     </span>
     <span class='ocr_line' id='line_1_77' title="bbox 1456 2520 2695 2580; baseline 0 -13"><span class='ocrx_word' id='word_1_593' title='bbox 1456 2523 1663 2567; x_wconf 72' lang='lat' dir='ltr'><strong>existens.</strong></span> <span class='ocrx_word' id='word_1_594' title='bbox 1688 2521 1771 2567; x_wconf 91' lang='lat' dir='ltr'><strong>Sed</strong></span> <span class='ocrx_word' id='word_1_595' title='bbox 1788 2534 1868 2566; x_wconf 87' lang='lat' dir='ltr'><strong>nec</strong></span> <span class='ocrx_word' id='word_1_596' title='bbox 1887 2520 1941 2565; x_wconf 82' lang='lat' dir='ltr'><strong>ad</strong></span> <span class='ocrx_word' id='word_1_597' title='bbox 1972 2522 2218 2579; x_wconf 86' lang='lat' dir='ltr'><strong>lingendum</strong></span> <span class='ocrx_word' id='word_1_598' title='bbox 2259 2523 2445 2579; x_wconf 83' lang='lat' dir='ltr'><strong>linguam</strong></span> <span class='ocrx_word' id='word_1_599' title='bbox 2480 2523 2586 2566; x_wconf 86' lang='lat' dir='ltr'><strong>mihi</strong></span> <span class='ocrx_word' id='word_1_600' title='bbox 2620 2535 2695 2580; x_wconf 72' lang='lat' dir='ltr'><strong>vas·-</strong></span> 
     </span>
     <span class='ocr_line' id='line_1_78' title="bbox 1456 2593 2693 2638; baseline 0.001 -1"><span class='ocrx_word' id='word_1_601' title='bbox 1456 2607 1580 2638; x_wconf 88' lang='lat' dir='ltr'><strong>sumo</strong></span> <span class='ocrx_word' id='word_1_602' title='bbox 1605 2595 1805 2638; x_wconf 89' lang='lat' dir='ltr'><strong>caninam</strong></span> <span class='ocrx_word' id='word_1_603' title='bbox 1829 2594 1875 2637; x_wconf 86' lang='lat' dir='ltr'><strong>in</strong></span> <span class='ocrx_word' id='word_1_604' title='bbox 1891 2594 2187 2638; x_wconf 84' lang='lat' dir='ltr'><strong>recordatione</strong></span> <span class='ocrx_word' id='word_1_605' title='bbox 2226 2605 2276 2636; x_wconf 91' lang='lat' dir='ltr'><strong>ac</strong></span> <span class='ocrx_word' id='word_1_606' title='bbox 2314 2593 2589 2638; x_wconf 86' lang='lat' dir='ltr'><strong>confessione</strong></span> <span class='ocrx_word' id='word_1_607' title='bbox 2619 2607 2693 2638; x_wconf 84' lang='lat' dir='ltr'><strong>eo·-</strong></span> 
     </span>
     <span class='ocr_line' id='line_1_79' title="bbox 1454 2667 2693 2723; baseline 0.002 -14"><span class='ocrx_word' id='word_1_608' title='bbox 1454 2679 1567 2717; x_wconf 89' lang='lat' dir='ltr'><strong>rum,</strong></span> <span class='ocrx_word' id='word_1_609' title='bbox 1593 2679 1687 2723; x_wconf 89' lang='lat' dir='ltr'><strong>quac</strong></span> <span class='ocrx_word' id='word_1_610' title='bbox 1709 2667 1813 2709; x_wconf 85' lang='lat' dir='ltr'><strong>mibi</strong></span> <span class='ocrx_word' id='word_1_611' title='bbox 1837 2679 1861 2709; x_wconf 86' lang='lat' dir='ltr'><strong>a</strong></span> <span class='ocrx_word' id='word_1_612' title='bbox 1884 2667 2006 2710; x_wconf 84' lang='lat' dir='ltr'><strong>vobis</strong></span> <span class='ocrx_word' id='word_1_613' title='bbox 2029 2671 2116 2708; x_wconf 87' lang='lat' dir='ltr'><strong>tam</strong></span> <span class='ocrx_word' id='word_1_614' title='bbox 2136 2667 2310 2722; x_wconf 75' lang='lat' dir='ltr'><strong>copiose</strong></span> <span class='ocrx_word' id='word_1_615' title='bbox 2325 2667 2481 2710; x_wconf 85' lang='lat' dir='ltr'><strong>collata</strong></span> <span class='ocrx_word' id='word_1_616' title='bbox 2503 2671 2603 2710; x_wconf 87' lang='lat' dir='ltr'><strong>sunt</strong></span> <span class='ocrx_word' id='word_1_617' title='bbox 2617 2667 2693 2711; x_wconf 80' lang='lat' dir='ltr'><strong>bc-</strong></span> 
     </span>
     <span class='ocr_line' id='line_1_80' title="bbox 1454 2736 2691 2795; baseline 0.001 -13"><span class='ocrx_word' id='word_1_618' title='bbox 1454 2740 1723 2791; x_wconf 80' lang='lat' dir='ltr'><strong>neficiorum,</strong></span> <span class='ocrx_word' id='word_1_619' title='bbox 1744 2738 1908 2794; x_wconf 81' lang='lat' dir='ltr'><strong>agendo</strong></span> <span class='ocrx_word' id='word_1_620' title='bbox 1932 2739 2094 2795; x_wconf 82' lang='lat' dir='ltr'><strong>gratias</strong></span> <span class='ocrx_word' id='word_1_621' title='bbox 2130 2751 2278 2783; x_wconf 84' lang='lat' dir='ltr'><strong>vocem</strong></span> <span class='ocrx_word' id='word_1_622' title='bbox 2313 2739 2452 2783; x_wconf 89' lang='lat' dir='ltr'><strong>laudis</strong></span> <span class='ocrx_word' id='word_1_623' title='bbox 2474 2736 2691 2788; x_wconf 65' lang='lat' dir='ltr'><strong>emittens,</strong></span> 
     </span>
     <span class='ocr_line' id='line_1_81' title="bbox 1452 2811 2686 2870; baseline -0.002 -14"><span class='ocrx_word' id='word_1_624' title='bbox 1452 2812 1545 2856; x_wconf 89' lang='lat' dir='ltr'><strong>Non</strong></span> <span class='ocrx_word' id='word_1_625' title='bbox 1565 2819 1707 2856; x_wconf 87' lang='lat' dir='ltr'><strong>autem</strong></span> <span class='ocrx_word' id='word_1_626' title='bbox 1734 2811 1808 2870; x_wconf 85' lang='lat' dir='ltr'><strong>[al.</strong></span> <span class='ocrx_word' id='word_1_627' title='bbox 1834 2811 2028 2869; x_wconf 89' lang='lat' dir='ltr'><strong>inquam]</strong></span> <span class='ocrx_word' id='word_1_628' title='bbox 2050 2812 2145 2855; x_wconf 91' lang='lat' dir='ltr'><strong>oleo</strong></span> <span class='ocrx_word' id='word_1_629' title='bbox 2163 2818 2355 2855; x_wconf 85' lang='lat' dir='ltr'><strong>vestrum</strong></span> <span class='ocrx_word' id='word_1_630' title='bbox 2375 2817 2505 2868; x_wconf 86' lang='lat' dir='ltr'><strong>caput</strong></span> <span class='ocrx_word' id='word_1_631' title='bbox 2527 2811 2686 2868; x_wconf 83' lang='lat' dir='ltr'><strong>impin-</strong></span> 
     </span>
     <span class='ocr_line' id='line_1_82' title="bbox 1453 2883 2693 2941; baseline -0.001 -14"><span class='ocrx_word' id='word_1_632' title='bbox 1453 2898 1560 2941; x_wconf 81' lang='lat' dir='ltr'><strong>guo,</strong></span> <span class='ocrx_word' id='word_1_633' title='bbox 1594 2897 1770 2929; x_wconf 87' lang='lat' dir='ltr'><strong>succum</strong></span> <span class='ocrx_word' id='word_1_634' title='bbox 1816 2883 2076 2927; x_wconf 85' lang='lat' dir='ltr'><strong>adulationis</strong></span> <span class='ocrx_word' id='word_1_635' title='bbox 2119 2884 2363 2927; x_wconf 88' lang='lat' dir='ltr'><strong>admittens.</strong></span> <span class='ocrx_word' id='word_1_636' title='bbox 2406 2883 2511 2936; x_wconf 86' lang='lat' dir='ltr'><strong>Quis</strong></span> <span class='ocrx_word' id='word_1_637' title='bbox 2547 2884 2693 2939; x_wconf 72' lang='lat' dir='ltr'><strong>itaque</strong></span> 
     </span>
     <span class='ocr_line' id='line_1_83' title="bbox 1451 2955 2690 3012; baseline -0.002 -13"><span class='ocrx_word' id='word_1_638' title='bbox 1451 2969 1547 3012; x_wconf 84' lang='lat' dir='ltr'><strong>ego,</strong></span> <span class='ocrx_word' id='word_1_639' title='bbox 1573 2962 1647 2999; x_wconf 88' lang='lat' dir='ltr'><strong>aut</strong></span> <span class='ocrx_word' id='word_1_640' title='bbox 1668 2956 1809 3012; x_wconf 87' lang='lat' dir='ltr'><strong>qualis</strong></span> <span class='ocrx_word' id='word_1_641' title='bbox 1831 2968 1925 3012; x_wconf 87' lang='lat' dir='ltr'><strong>eg0‚</strong></span> <span class='ocrx_word' id='word_1_642' title='bbox 1958 2956 2024 2999; x_wconf 89' lang='lat' dir='ltr'><strong>vel</strong></span> <span class='ocrx_word' id='word_1_643' title='bbox 2060 2967 2155 3011; x_wconf 88' lang='lat' dir='ltr'><strong>quae</strong></span> <span class='ocrx_word' id='word_1_644' title='bbox 2184 2955 2336 2999; x_wconf 89' lang='lat' dir='ltr'><strong>domus</strong></span> <span class='ocrx_word' id='word_1_645' title='bbox 2363 2957 2499 3011; x_wconf 85' lang='lat' dir='ltr'><strong>patris</strong></span> <span class='ocrx_word' id='word_1_646' title='bbox 2522 2955 2604 2998; x_wconf 80' lang='lat' dir='ltr'><strong>mei</strong></span> <span class='ocrx_word' id='word_1_647' title='bbox 2626 2959 2690 3011; x_wconf 85' lang='lat' dir='ltr'><strong>(ut</strong></span> 
     </span>
     <span class='ocr_line' id='line_1_84' title="bbox 1451 3026 2690 3087; baseline -0.002 -16"><span class='ocrx_word' id='word_1_648' title='bbox 1451 3029 1624 3084; x_wconf 90' lang='lat' dir='ltr'><strong>quidam</strong></span> <span class='ocrx_word' id='word_1_649' title='bbox 1649 3028 1708 3071; x_wconf 87' lang='lat' dir='ltr'><strong>ait</strong></span> <span class='ocrx_word' id='word_1_650' title='bbox 1731 3026 1801 3086; x_wconf 83' lang='grc' dir='ltr'><strong>[ΙΙ</strong></span> <span class='ocrx_word' id='word_1_651' title='bbox 1820 3027 1919 3084; x_wconf 74' lang='lat' dir='ltr'><strong>Req.</strong></span> <span class='ocrx_word' id='word_1_652' title='bbox 1944 3040 2023 3080; x_wconf 79' lang='lat' dir='ltr'><strong>vn,</strong></span> <span class='ocrx_word' id='word_1_653' title='bbox 2049 3027 2148 3087; x_wconf 75' lang='grc'><strong>18])</strong></span> <span class='ocrx_word' id='word_1_654' title='bbox 2172 3029 2216 3070; x_wconf 89' lang='grc'><strong>10</strong></span> <span class='ocrx_word' id='word_1_655' title='bbox 2242 3027 2386 3079; x_wconf 86' lang='lat' dir='ltr'><strong>lsrael,</strong></span> <span class='ocrx_word' id='word_1_656' title='bbox 2412 3031 2461 3070; x_wconf 84' lang='lat' dir='ltr'><strong>ut</strong></span> <span class='ocrx_word' id='word_1_657' title='bbox 2496 3026 2600 3069; x_wconf 85' lang='lat' dir='ltr'><strong>mihi</strong></span> <span class='ocrx_word' id='word_1_658' title='bbox 2622 3033 2690 3069; x_wconf 89' lang='lat' dir='ltr'><strong>ta-</strong></span> 
     </span>
     <span class='ocr_line' id='line_1_85' title="bbox 1451 3100 2688 3157; baseline 0 -13"><span class='ocrx_word' id='word_1_659' title='bbox 1451 3102 1552 3152; x_wconf 85' lang='lat' dir='ltr'><strong>lem,</strong></span> <span class='ocrx_word' id='word_1_660' title='bbox 1590 3113 1716 3157; x_wconf 89' lang='lat' dir='ltr'><strong>quam</strong></span> <span class='ocrx_word' id='word_1_661' title='bbox 1758 3101 1991 3146; x_wconf 76' lang='lat' dir='ltr'><strong>fructuosis</strong></span> <span class='ocrx_word' id='word_1_662' title='bbox 2021 3101 2330 3145; x_wconf 87' lang='lat' dir='ltr'><strong>comitantibus</strong></span> <span class='ocrx_word' id='word_1_663' title='bbox 2368 3100 2606 3151; x_wconf 79' lang='lat' dir='ltr'><strong>aflectibus,</strong></span> <span class='ocrx_word' id='word_1_664' title='bbox 2646 3106 2688 3144; x_wconf 82' lang='lat' dir='ltr'><strong>et</strong></span> 
     </span>
     <span class='ocr_line' id='line_1_86' title="bbox 1450 3173 2686 3231; baseline -0.002 -12"><span class='ocrx_word' id='word_1_665' title='bbox 1450 3174 1623 3231; x_wconf 89' lang='lat' dir='ltr'><strong>quidem</strong></span> <span class='ocrx_word' id='word_1_666' title='bbox 1670 3175 1968 3231; x_wconf 85' lang='lat' dir='ltr'><strong>copiosissime</strong></span> <span class='ocrx_word' id='word_1_667' title='bbox 1995 3181 2139 3218; x_wconf 86' lang='lat' dir='ltr'><strong>vestra</strong></span> <span class='ocrx_word' id='word_1_668' title='bbox 2175 3174 2218 3217; x_wconf 87' lang='lat' dir='ltr'><strong>in</strong></span> <span class='ocrx_word' id='word_1_669' title='bbox 2258 3174 2386 3217; x_wconf 89' lang='lat' dir='ltr'><strong>domo</strong></span> <span class='ocrx_word' id='word_1_670' title='bbox 2429 3173 2686 3217; x_wconf 81' lang='lat' dir='ltr'><strong>universitas</strong></span> 
     </span>
     <span class='ocr_line' id='line_1_87' title="bbox 1451 3244 2686 3304; baseline -0.003 -13"><span class='ocrx_word' id='word_1_671' title='bbox 1451 3249 1630 3291; x_wconf 73' lang='lat' dir='ltr'><strong>sinceras</strong></span> <span class='ocrx_word' id='word_1_672' title='bbox 1646 3246 1690 3304; x_wconf 67' lang='grc'>4</span> <span class='ocrx_word' id='word_1_673' title='bbox 1705 3246 1914 3303; x_wconf 82' lang='lat' dir='ltr'><strong>largiatur</strong></span> <span class='ocrx_word' id='word_1_674' title='bbox 1928 3247 2170 3290; x_wconf 86' lang='lat' dir='ltr'><strong>dilectionis</strong></span> <span class='ocrx_word' id='word_1_675' title='bbox 2187 3246 2414 3290; x_wconf 77' lang='lat' dir='ltr'><strong>affectum?</strong></span> <span class='ocrx_word' id='word_1_676' title='bbox 2438 3244 2686 3303; x_wconf 59' lang='grc'><strong>001510310-</strong></span> 
     </span>
     <span class='ocr_line' id='line_1_88' title="bbox 1449 3316 2683 3375; baseline -0.004 -13"><span class='ocrx_word' id='word_1_677' title='bbox 1449 3331 1557 3371; x_wconf 88' lang='lat' dir='ltr'><strong>rem,</strong></span> <span class='ocrx_word' id='word_1_678' title='bbox 1582 3331 1710 3374; x_wconf 90' lang='lat' dir='ltr'><strong>quam</strong></span> <span class='ocrx_word' id='word_1_679' title='bbox 1731 3328 1825 3375; x_wconf 76' lang='lat' dir='ltr'><strong>ego,</strong></span> <span class='ocrx_word' id='word_1_680' title='bbox 1858 3318 2021 3362; x_wconf 86' lang='lat' dir='ltr'><strong>invenit</strong></span> <span class='ocrx_word' id='word_1_681' title='bbox 2054 3319 2232 3375; x_wconf 85' lang='lat' dir='ltr'><strong>gratiam</strong></span> <span class='ocrx_word' id='word_1_682' title='bbox 2251 3318 2296 3360; x_wconf 84' lang='lat' dir='ltr'><strong>in</strong></span> <span class='ocrx_word' id='word_1_683' title='bbox 2319 3317 2457 3362; x_wconf 87' lang='lat' dir='ltr'><strong>oculis</strong></span> <span class='ocrx_word' id='word_1_684' title='bbox 2491 3316 2683 3360; x_wconf 87' lang='lat' dir='ltr'><strong>omnium</strong></span> 
     </span>
    </p>
   </div>
   <div class='ocr_carea' id='block_1_8' title="bbox 129 3382 2686 3452">
    <p class='ocr_par' dir='ltr' id='par_1_11' title="bbox 129 3382 2686 3452">
     <span class='ocr_line' id='line_1_89' title="bbox 129 3382 2686 3452; baseline 0.001 -21"><span class='ocrx_word' id='word_1_685' title='bbox 129 3388 268 3444; x_wconf 67' lang='lat' dir='ltr'><strong>robis,</strong></span> <span class='ocrx_word' id='word_1_686' title='bbox 296 3382 484 3445; x_wconf 75' lang='lat' dir='ltr'><strong>inquam,</strong></span> <span class='ocrx_word' id='word_1_687' title='bbox 516 3401 541 3432; x_wconf 93' lang='lat'>0</span> <span class='ocrx_word' id='word_1_688' title='bbox 561 3389 642 3432; x_wconf 87' lang='lat' dir='ltr'><strong>viri</strong></span> <span class='ocrx_word' id='word_1_689' title='bbox 671 3389 894 3432; x_wconf 82' lang='lat' dir='ltr'><strong>reverendi</strong></span> <span class='ocrx_word' id='word_1_690' title='bbox 916 3390 1097 3432; x_wconf 82' lang='lat' dir='ltr'><strong>sincerae</strong></span> <span class='ocrx_word' id='word_1_691' title='bbox 1127 3387 1370 3452; x_wconf 82' lang='lat' dir='ltr'><strong>dilectionis</strong></span> <span class='ocrx_word' id='word_1_692' title='bbox 1395 3410 1429 3452; x_wconf 77' lang='lat' dir='ltr'>D</span> <span class='ocrx_word' id='word_1_693' title='bbox 1451 3389 1678 3433; x_wconf 80' lang='lat' dir='ltr'><strong>vestrum?</strong></span> <span class='ocrx_word' id='word_1_694' title='bbox 1697 3394 1755 3440; x_wconf 83' lang='lat' dir='ltr'><strong>et,</strong></span> <span class='ocrx_word' id='word_1_695' title='bbox 1781 3395 1827 3431; x_wconf 78' lang='lat' dir='ltr'><strong>nt</strong></span> <span class='ocrx_word' id='word_1_696' title='bbox 1849 3389 2012 3445; x_wconf 88' lang='lat' dir='ltr'><strong>aliquid</strong></span> <span class='ocrx_word' id='word_1_697' title='bbox 2037 3389 2220 3444; x_wconf 87' lang='lat' dir='ltr'><strong>amplius</strong></span> <span class='ocrx_word' id='word_1_698' title='bbox 2244 3387 2419 3431; x_wconf 81' lang='lat' dir='ltr'><strong>addam:</strong></span> <span class='ocrx_word' id='word_1_699' title='bbox 2448 3387 2686 3443; x_wconf 79' lang='lat' dir='ltr'><strong>quisetiam</strong></span> 
     </span>
    </p>
   </div>
   <div class='ocr_carea' id='block_1_9' title="bbox 130 3459 1371 4457">
    <p class='ocr_par' dir='ltr' id='par_1_12' title="bbox 130 3459 1371 4457">
     <span class='ocr_line' id='line_1_90' title="bbox 135 3459 1371 3518; baseline 0.002 -16"><span class='ocrx_word' id='word_1_700' title='bbox 135 3462 246 3506; x_wconf 86' lang='lat' dir='ltr'><strong>ulnis</strong></span> <span class='ocrx_word' id='word_1_701' title='bbox 267 3462 312 3508; x_wconf 71' lang='lat' dir='ltr'><strong>ia</strong></span> <span class='ocrx_word' id='word_1_702' title='bbox 336 3459 510 3506; x_wconf 84' lang='lat' dir='ltr'><strong>Christo</strong></span> <span class='ocrx_word' id='word_1_703' title='bbox 544 3461 872 3517; x_wconf 85' lang='lat' dir='ltr'><strong>complectendi,</strong></span> <span class='ocrx_word' id='word_1_704' title='bbox 897 3462 978 3508; x_wconf 79' lang='lat' dir='ltr'><strong>hoc</strong></span> <span class='ocrx_word' id='word_1_705' title='bbox 1000 3461 1243 3518; x_wconf 85' lang='lat' dir='ltr'><strong>specialiter</strong></span> <span class='ocrx_word' id='word_1_706' title='bbox 1263 3474 1371 3517; x_wconf 89' lang='lat' dir='ltr'><strong>opu-</strong></span> 
     </span>
     <span class='ocr_line' id='line_1_91' title="bbox 131 3528 1369 3592; baseline -0.001 -16"><span class='ocrx_word' id='word_1_707' title='bbox 131 3528 297 3576; x_wconf 87' lang='lat' dir='ltr'><strong>sculum</strong></span> <span class='ocrx_word' id='word_1_708' title='bbox 331 3534 506 3592; x_wconf 81' lang='lat' dir='ltr'><strong>dignum</strong></span> <span class='ocrx_word' id='word_1_709' title='bbox 544 3533 648 3580; x_wconf 82' lang='lat' dir='ltr'><strong>duxi</strong></span> <span class='ocrx_word' id='word_1_710' title='bbox 686 3533 1011 3585; x_wconf 84' lang='lat' dir='ltr'><strong>destinandum,</strong></span> <span class='ocrx_word' id='word_1_711' title='bbox 1033 3545 1141 3590; x_wconf 88' lang='lat' dir='ltr'><strong>quos</strong></span> <span class='ocrx_word' id='word_1_712' title='bbox 1175 3533 1285 3575; x_wconf 83' lang='lat' dir='ltr'><strong>inter</strong></span> <span class='ocrx_word' id='word_1_713' title='bbox 1306 3532 1369 3575; x_wconf 80' lang='lat' dir='ltr'><strong>sa-</strong></span> 
     </span>
     <span class='ocr_line' id='line_1_92' title="bbox 134 3605 1368 3661; baseline -0.002 -13"><span class='ocrx_word' id='word_1_714' title='bbox 134 3607 270 3650; x_wconf 88' lang='lat' dir='ltr'><strong>mulos</strong></span> <span class='ocrx_word' id='word_1_715' title='bbox 294 3606 452 3650; x_wconf 74' lang='lat' dir='ltr'><strong>Christi</strong></span> <span class='ocrx_word' id='word_1_716' title='bbox 488 3606 734 3655; x_wconf 81' lang='lat' dir='ltr'><strong>universos,</strong></span> <span class='ocrx_word' id='word_1_717' title='bbox 773 3607 884 3649; x_wconf 87' lang='lat' dir='ltr'><strong>sicut</strong></span> <span class='ocrx_word' id='word_1_718' title='bbox 916 3605 1091 3661; x_wconf 82' lang='lat' dir='ltr'><strong>dignum</strong></span> <span class='ocrx_word' id='word_1_719' title='bbox 1129 3611 1169 3648; x_wconf 88' lang='lat' dir='ltr'><strong>et</strong></span> <span class='ocrx_word' id='word_1_720' title='bbox 1204 3605 1368 3660; x_wconf 86' lang='lat' dir='ltr'><strong>justum</strong></span> 
     </span>
     <span class='ocr_line' id='line_1_93' title="bbox 130 3679 1370 3735; baseline -0.002 -11"><span class='ocrx_word' id='word_1_721' title='bbox 130 3684 222 3730; x_wconf 86' lang='lat' dir='ltr'><strong>est,</strong></span> <span class='ocrx_word' id='word_1_722' title='bbox 249 3679 293 3722; x_wconf 90' lang='lat' dir='ltr'><strong>in</strong></span> <span class='ocrx_word' id='word_1_723' title='bbox 327 3679 462 3735; x_wconf 87' lang='lat' dir='ltr'><strong>ipsius</strong></span> <span class='ocrx_word' id='word_1_724' title='bbox 495 3680 757 3735; x_wconf 86' lang='lat' dir='ltr'><strong>complector</strong></span> <span class='ocrx_word' id='word_1_725' title='bbox 792 3679 1050 3729; x_wconf 86' lang='lat' dir='ltr'><strong>visceribus,</strong></span> <span class='ocrx_word' id='word_1_726' title='bbox 1088 3679 1192 3721; x_wconf 79' lang='lat' dir='ltr'><strong>milii</strong></span> <span class='ocrx_word' id='word_1_727' title='bbox 1223 3683 1370 3721; x_wconf 85' lang='lat' dir='ltr'><strong>tenere</strong></span> 
     </span>
     <span class='ocr_line' id='line_1_94' title="bbox 133 3750 1365 3807; baseline 0 -16"><span class='ocrx_word' id='word_1_728' title='bbox 133 3755 173 3791; x_wconf 85' lang='lat' dir='ltr'><strong>et</strong></span> <span class='ocrx_word' id='word_1_729' title='bbox 195 3751 483 3797; x_wconf 83' lang='lat' dir='ltr'><strong>insolubiliter</strong></span> <span class='ocrx_word' id='word_1_730' title='bbox 502 3753 759 3803; x_wconf 80' lang='lat' dir='ltr'><strong>contrictos,</strong></span> <span class='ocrx_word' id='word_1_731' title='bbox 776 3759 896 3807; x_wconf 78' lang='lat' dir='ltr'><strong>&#39;quos</strong></span> <span class='ocrx_word' id='word_1_732' title='bbox 924 3756 967 3795; x_wconf 86' lang='lat' dir='ltr'><strong>et</strong></span> <span class='ocrx_word' id='word_1_733' title='bbox 999 3756 1246 3794; x_wconf 86' lang='lat' dir='ltr'><strong>sanctarum</strong></span> <span class='ocrx_word' id='word_1_734' title='bbox 1274 3750 1365 3791; x_wconf 87' lang='lat' dir='ltr'><strong>uni·</strong></span> 
     </span>
     <span class='ocr_line' id='line_1_95' title="bbox 133 3822 1368 3880; baseline 0.002 -18"><span class='ocrx_word' id='word_1_735' title='bbox 133 3827 200 3864; x_wconf 90' lang='lat' dir='ltr'><strong>tor</strong></span> <span class='ocrx_word' id='word_1_736' title='bbox 222 3825 425 3867; x_wconf 87' lang='lat' dir='ltr'><strong>mentium</strong></span> <span class='ocrx_word' id='word_1_737' title='bbox 444 3823 586 3867; x_wconf 85' lang='lat' dir='ltr'><strong>Patris</strong></span> <span class='ocrx_word' id='word_1_738' title='bbox 605 3829 646 3866; x_wconf 90' lang='lat' dir='ltr'><strong>et</strong></span> <span class='ocrx_word' id='word_1_739' title='bbox 668 3824 783 3876; x_wconf 81' lang='lat' dir='ltr'><strong>Filii,</strong></span> <span class='ocrx_word' id='word_1_740' title='bbox 806 3829 848 3868; x_wconf 88' lang='lat' dir='ltr'><strong>et</strong></span> <span class='ocrx_word' id='word_1_741' title='bbox 867 3822 1052 3880; x_wconf 89' lang='lat' dir='ltr'><strong>Spiritus</strong></span> <span class='ocrx_word' id='word_1_742' title='bbox 1083 3825 1221 3866; x_wconf 87' lang='lat' dir='ltr'><strong>sancti</strong></span> <span class='ocrx_word' id='word_1_743' title='bbox 1255 3835 1368 3865; x_wconf 88' lang='lat' dir='ltr'><strong>unus</strong></span> 
     </span>
     <span class='ocr_line' id='line_1_96' title="bbox 133 3887 1362 3954; baseline 0.002 -18"><span class='ocrx_word' id='word_1_744' title='bbox 133 3894 329 3952; x_wconf 86' lang='lat' dir='ltr'><strong>idemque</strong></span> <span class='ocrx_word' id='word_1_745' title='bbox 350 3909 446 3939; x_wconf 90' lang='lat' dir='ltr'><strong>cum</strong></span> <span class='ocrx_word' id='word_1_746' title='bbox 470 3897 531 3941; x_wconf 85' lang='lat' dir='ltr'><strong>eis</strong></span> <span class='ocrx_word' id='word_1_747' title='bbox 549 3897 679 3946; x_wconf 81' lang='lat' dir='ltr'><strong>Deus,</strong></span> <span class='ocrx_word' id='word_1_748' title='bbox 707 3909 910 3954; x_wconf 85' lang='lat' dir='ltr'><strong>compage</strong></span> <span class='ocrx_word' id='word_1_749' title='bbox 940 3896 1028 3941; x_wconf 88' lang='lat' dir='ltr'><strong>veri</strong></span> <span class='ocrx_word' id='word_1_750' title='bbox 1055 3887 1214 3939; x_wconf 82' lang='lat' dir='ltr'><strong>amoris</strong></span> <span class='ocrx_word' id='word_1_751' title='bbox 1244 3896 1362 3938; x_wconf 87' lang='lat' dir='ltr'><strong>inde-</strong></span> 
     </span>
     <span class='ocr_line' id='line_1_97' title="bbox 133 3967 1365 4027; baseline 0.001 -17"><span class='ocrx_word' id='word_1_752' title='bbox 133 3967 307 4021; x_wconf 75' lang='lat' dir='ltr'><strong>ficienti,</strong></span> <span class='ocrx_word' id='word_1_753' title='bbox 349 3982 444 4014; x_wconf 90' lang='lat' dir='ltr'><strong>meo</strong></span> <span class='ocrx_word' id='word_1_754' title='bbox 469 3971 512 4013; x_wconf 87' lang='lat' dir='ltr'><strong>in</strong></span> <span class='ocrx_word' id='word_1_755' title='bbox 547 3983 593 4014; x_wconf 90' lang='lat' dir='ltr'><strong>se</strong></span> <span class='ocrx_word' id='word_1_756' title='bbox 616 3971 788 4027; x_wconf 86' lang='lat' dir='ltr'><strong>spiritui</strong></span> <span class='ocrx_word' id='word_1_757' title='bbox 827 3970 1043 4014; x_wconf 81' lang='lat' dir='ltr'><strong>concessit</strong></span> <span class='ocrx_word' id='word_1_758' title='bbox 1078 3983 1174 4014; x_wconf 86' lang='lat' dir='ltr'><strong>esse</strong></span> <span class='ocrx_word' id='word_1_759' title='bbox 1205 3970 1365 4021; x_wconf 86' lang='lat' dir='ltr'><strong>unitos,</strong></span> 
     </span>
     <span class='ocr_line' id='line_1_98' title="bbox 137 4035 1365 4103; baseline 0.001 -21"><span class='ocrx_word' id='word_1_760' title='bbox 137 4045 278 4084; x_wconf 78' lang='lat' dir='ltr'><strong>vester</strong></span> <span class='ocrx_word' id='word_1_761' title='bbox 302 4040 377 4103; x_wconf 83' lang='lat' dir='ltr'><strong>[at.</strong></span> <span class='ocrx_word' id='word_1_762' title='bbox 403 4042 614 4100; x_wconf 76' lang='lat' dir='ltr'><strong>vestrum]</strong></span> <span class='ocrx_word' id='word_1_763' title='bbox 654 4035 706 4086; x_wconf 74' lang='lat' dir='ltr'><strong>ex</strong></span> <span class='ocrx_word' id='word_1_764' title='bbox 728 4048 819 4086; x_wconf 89' lang='lat' dir='ltr'><strong>toto</strong></span> <span class='ocrx_word' id='word_1_765' title='bbox 843 4056 940 4088; x_wconf 80' lang='lat' dir='ltr'><strong>esse</strong></span> <span class='ocrx_word' id='word_1_766' title='bbox 961 4043 1158 4088; x_wconf 88' lang='lat' dir='ltr'><strong>desidero</strong></span> <span class='ocrx_word' id='word_1_767' title='bbox 1173 4075 1185 4092; x_wconf 84' lang='lat'>‚</span> <span class='ocrx_word' id='word_1_768' title='bbox 1210 4043 1244 4085; x_wconf 89' lang='lat' dir='ltr'><strong>si</strong></span> <span class='ocrx_word' id='word_1_769' title='bbox 1266 4042 1365 4098; x_wconf 83' lang='lat' dir='ltr'><strong>quid</strong></span> 
     </span>
     <span class='ocr_line' id='line_1_99' title="bbox 133 4110 1367 4171; baseline 0.002 -17"><span class='ocrx_word' id='word_1_770' title='bbox 133 4110 179 4155; x_wconf 85' lang='lat' dir='ltr'><strong>in</strong></span> <span class='ocrx_word' id='word_1_771' title='bbox 193 4113 324 4158; x_wconf 77' lang='lat' dir='ltr'><strong>verbo</strong></span> <span class='ocrx_word' id='word_1_772' title='bbox 346 4113 420 4158; x_wconf 84' lang='lat' dir='ltr'><strong>Dei</strong></span> <span class='ocrx_word' id='word_1_773' title='bbox 441 4115 564 4158; x_wconf 84' lang='lat' dir='ltr'><strong>valeo</strong></span> <span class='ocrx_word' id='word_1_774' title='bbox 584 4111 705 4167; x_wconf 56' lang='lat' dir='ltr'><strong>,imo</strong></span> <span class='ocrx_word' id='word_1_775' title='bbox 729 4116 766 4159; x_wconf 90' lang='lat' dir='ltr'><strong>si</strong></span> <span class='ocrx_word' id='word_1_776' title='bbox 790 4116 894 4171; x_wconf 85' lang='lat' dir='ltr'><strong>quid</strong></span> <span class='ocrx_word' id='word_1_777' title='bbox 930 4115 1035 4159; x_wconf 85' lang='lat' dir='ltr'><strong>mihi</strong></span> <span class='ocrx_word' id='word_1_778' title='bbox 1069 4116 1214 4159; x_wconf 86' lang='lat' dir='ltr'><strong>datum</strong></span> <span class='ocrx_word' id='word_1_779' title='bbox 1232 4119 1298 4157; x_wconf 84' lang='lat' dir='ltr'><strong>est</strong></span> <span class='ocrx_word' id='word_1_780' title='bbox 1324 4115 1367 4157; x_wconf 90' lang='lat' dir='ltr'><strong>in</strong></span> 
     </span>
     <span class='ocr_line' id='line_1_100' title="bbox 137 4183 1370 4244; baseline 0.001 -18"><span class='ocrx_word' id='word_1_781' title='bbox 137 4183 278 4240; x_wconf 84' lang='lat' dir='ltr'><strong>aliquo</strong></span> <span class='ocrx_word' id='word_1_782' title='bbox 312 4187 516 4230; x_wconf 82' lang='lat' dir='ltr'><strong>exercitio</strong></span> <span class='ocrx_word' id='word_1_783' title='bbox 549 4188 781 4243; x_wconf 88' lang='lat' dir='ltr'><strong>spirituali,</strong></span> <span class='ocrx_word' id='word_1_784' title='bbox 813 4187 930 4244; x_wconf 85' lang='lat' dir='ltr'><strong>quod</strong></span> <span class='ocrx_word' id='word_1_785' title='bbox 965 4199 1061 4233; x_wconf 91' lang='lat' dir='ltr'><strong>esse</strong></span> <span class='ocrx_word' id='word_1_786' title='bbox 1084 4187 1220 4243; x_wconf 84' lang='lat' dir='ltr'><strong>possit</strong></span> <span class='ocrx_word' id='word_1_787' title='bbox 1242 4187 1370 4230; x_wconf 65' lang='lat' dir='ltr'><strong>aediti-</strong></span> 
     </span>
     <span class='ocr_line' id='line_1_101' title="bbox 136 4254 1369 4314; baseline 0.003 -19"><span class='ocrx_word' id='word_1_788' title='bbox 136 4256 305 4298; x_wconf 82' lang='lat' dir='ltr'><strong>cationi.</strong></span> <span class='ocrx_word' id='word_1_789' title='bbox 325 4254 518 4314; x_wconf 79' lang='lat' dir='ltr'><strong>Accipiat</strong></span> <span class='ocrx_word' id='word_1_790' title='bbox 542 4260 672 4314; x_wconf 81' lang='lat' dir='ltr'><strong>igitur</strong></span> <span class='ocrx_word' id='word_1_791' title='bbox 711 4259 975 4302; x_wconf 83' lang='lat' dir='ltr'><strong>sinceritatis</strong></span> <span class='ocrx_word' id='word_1_792' title='bbox 1011 4264 1163 4302; x_wconf 87' lang='lat' dir='ltr'><strong>vestrae</strong></span> <span class='ocrx_word' id='word_1_793' title='bbox 1186 4257 1369 4299; x_wconf 83' lang='lat' dir='ltr'><strong>dulcedo</strong></span> 
     </span>
     <span class='ocr_line' id='line_1_102' title="bbox 134 4327 1367 4386; baseline 0.001 -17"><span class='ocrx_word' id='word_1_794' title='bbox 134 4335 288 4373; x_wconf 86' lang='lat' dir='ltr'><strong>munus</strong></span> <span class='ocrx_word' id='word_1_795' title='bbox 306 4329 437 4380; x_wconf 85' lang='lat' dir='ltr'><strong>istud,</strong></span> <span class='ocrx_word' id='word_1_796' title='bbox 458 4331 634 4373; x_wconf 89' lang='lat' dir='ltr'><strong>omnino</strong></span> <span class='ocrx_word' id='word_1_797' title='bbox 655 4332 825 4386; x_wconf 85' lang='lat' dir='ltr'><strong>quidem</strong></span> <span class='ocrx_word' id='word_1_798' title='bbox 850 4331 1049 4386; x_wconf 64' lang='lat' dir='ltr'><strong>exiguum</strong></span> <span class='ocrx_word' id='word_1_799' title='bbox 1067 4361 1078 4380; x_wconf 86' lang='lat'><strong>,</strong></span> <span class='ocrx_word' id='word_1_800' title='bbox 1105 4342 1190 4372; x_wconf 90' lang='lat' dir='ltr'><strong>non</strong></span> <span class='ocrx_word' id='word_1_801' title='bbox 1215 4327 1367 4384; x_wconf 81' lang='lat' dir='ltr'><strong>exigua</strong></span> 
     </span>
     <span class='ocr_line' id='line_1_103' title="bbox 133 4394 1364 4457; baseline -0.001 -12"><span class='ocrx_word' id='word_1_802' title='bbox 133 4394 294 4445; x_wconf 68' lang='lat' dir='ltr'><strong>tamen&#39;</strong></span> <span class='ocrx_word' id='word_1_803' title='bbox 317 4401 545 4447; x_wconf 82' lang='lat' dir='ltr'><strong>dilectione</strong></span> <span class='ocrx_word' id='word_1_804' title='bbox 586 4405 916 4457; x_wconf 66' lang='lat' dir='ltr'><strong>transmissumf.</strong></span> <span class='ocrx_word' id='word_1_805' title='bbox 966 4404 1209 4446; x_wconf 84' lang='lat' dir='ltr'><strong>nullatenus</strong></span> <span class='ocrx_word' id='word_1_806' title='bbox 1251 4402 1364 4445; x_wconf 71' lang='grc'><strong>30511-</strong></span> 
     </span>
    </p>
   </div>
   <div class='ocr_carea' id='block_1_10' title="bbox 1447 3460 2685 3948">
    <p class='ocr_par' dir='ltr' id='par_1_13' title="bbox 1447 3460 2685 3948">
     <span class='ocr_line' id='line_1_104' title="bbox 1452 3460 2685 3517; baseline 0 -12"><span class='ocrx_word' id='word_1_807' title='bbox 1452 3462 1651 3505; x_wconf 82' lang='lat' dir='ltr'><strong>tantam?</strong></span> <span class='ocrx_word' id='word_1_808' title='bbox 1692 3467 1735 3504; x_wconf 88' lang='lat' dir='ltr'><strong>et</strong></span> <span class='ocrx_word' id='word_1_809' title='bbox 1767 3460 1939 3517; x_wconf 87' lang='lat' dir='ltr'><strong>quidem</strong></span> <span class='ocrx_word' id='word_1_810' title='bbox 1974 3462 2031 3504; x_wconf 85' lang='lat' dir='ltr'><strong>ita</strong></span> <span class='ocrx_word' id='word_1_811' title='bbox 2066 3473 2161 3504; x_wconf 89' lang='grc'><strong>0550</strong></span> <span class='ocrx_word' id='word_1_812' title='bbox 2195 3461 2416 3503; x_wconf 83' lang='lat' dir='ltr'><strong>clamitare</strong></span> <span class='ocrx_word' id='word_1_813' title='bbox 2434 3473 2519 3510; x_wconf 83' lang='lat' dir='ltr'><strong>non</strong></span> <span class='ocrx_word' id='word_1_814' title='bbox 2543 3464 2685 3505; x_wconf 78' lang='lat' dir='ltr'><strong>cessat</strong></span> 
     </span>
     <span class='ocr_line' id='line_1_105' title="bbox 1450 3533 2682 3589; baseline -0.005 -10"><span class='ocrx_word' id='word_1_815' title='bbox 1450 3535 1620 3579; x_wconf 88' lang='lat' dir='ltr'><strong>devotio</strong></span> <span class='ocrx_word' id='word_1_816' title='bbox 1642 3534 1938 3579; x_wconf 84' lang='lat' dir='ltr'><strong>universitatis</strong></span> <span class='ocrx_word' id='word_1_817' title='bbox 1960 3538 2131 3585; x_wconf 81' lang='lat' dir='ltr'><strong>vestrae,</strong></span> <span class='ocrx_word' id='word_1_818' title='bbox 2156 3534 2269 3576; x_wconf 89' lang='lat' dir='ltr'><strong>ineo</strong></span> <span class='ocrx_word' id='word_1_819' title='bbox 2293 3533 2407 3589; x_wconf 88' lang='lat' dir='ltr'><strong>quod</strong></span> <span class='ocrx_word' id='word_1_820' title='bbox 2431 3533 2682 3588; x_wconf 71' lang='lat' dir='ltr'><strong>parvitatem</strong></span> 
     </span>
     <span class='ocr_line' id='line_1_106' title="bbox 1450 3605 2685 3661; baseline -0.004 -12"><span class='ocrx_word' id='word_1_821' title='bbox 1450 3619 1604 3660; x_wconf 87' lang='lat' dir='ltr'><strong>meam,</strong></span> <span class='ocrx_word' id='word_1_822' title='bbox 1623 3612 1666 3650; x_wconf 90' lang='lat' dir='ltr'><strong>et</strong></span> <span class='ocrx_word' id='word_1_823' title='bbox 1682 3612 1771 3649; x_wconf 86' lang='lat' dir='ltr'><strong>tam</strong></span> <span class='ocrx_word' id='word_1_824' title='bbox 1792 3607 1985 3650; x_wconf 85' lang='lat' dir='ltr'><strong>hilariter</strong></span> <span class='ocrx_word' id='word_1_825' title='bbox 2012 3605 2193 3661; x_wconf 86' lang='lat' dir='ltr'><strong>suscipit</strong></span> <span class='ocrx_word' id='word_1_826' title='bbox 2212 3605 2264 3647; x_wconf 86' lang='lat' dir='ltr'><strong>ad</strong></span> <span class='ocrx_word' id='word_1_827' title='bbox 2290 3617 2335 3648; x_wconf 87' lang='grc'><strong>50</strong></span> <span class='ocrx_word' id='word_1_828' title='bbox 2356 3605 2595 3657; x_wconf 84' lang='lat' dir='ltr'><strong>venientem</strong></span> <span class='ocrx_word' id='word_1_829' title='bbox 2612 3620 2623 3655; x_wconf 76' lang='lat'>3</span> <span class='ocrx_word' id='word_1_830' title='bbox 2643 3608 2685 3646; x_wconf 89' lang='lat' dir='ltr'><strong>et</strong></span> 
     </span>
     <span class='ocr_line' id='line_1_107' title="bbox 1448 3675 2684 3733; baseline -0.002 -12"><span class='ocrx_word' id='word_1_831' title='bbox 1448 3685 1535 3721; x_wconf 88' lang='lat' dir='ltr'><strong>tam</strong></span> <span class='ocrx_word' id='word_1_832' title='bbox 1562 3679 1630 3733; x_wconf 87' lang='lat' dir='ltr'><strong>pie.</strong></span> <span class='ocrx_word' id='word_1_833' title='bbox 1654 3683 1810 3721; x_wconf 86' lang='lat' dir='ltr'><strong>tractat</strong></span> <span class='ocrx_word' id='word_1_834' title='bbox 1832 3678 1943 3733; x_wconf 89' lang='lat' dir='ltr'><strong>apud</strong></span> <span class='ocrx_word' id='word_1_835' title='bbox 1962 3690 2008 3720; x_wconf 92' lang='grc'><strong>50</strong></span> <span class='ocrx_word' id='word_1_836' title='bbox 2033 3681 2369 3725; x_wconf 84' lang='lat' dir='ltr'><strong>commorantem</strong></span> <span class='ocrx_word' id='word_1_837' title='bbox 2387 3707 2399 3727; x_wconf 95' lang='lat'><strong>,</strong></span> <span class='ocrx_word' id='word_1_838' title='bbox 2432 3681 2474 3719; x_wconf 88' lang='lat' dir='ltr'><strong>et</strong></span> <span class='ocrx_word' id='word_1_839' title='bbox 2507 3682 2593 3718; x_wconf 89' lang='lat' dir='ltr'><strong>tam</strong></span> <span class='ocrx_word' id='word_1_840' title='bbox 2618 3675 2684 3718; x_wconf 81' lang='lat' dir='ltr'><strong>in·-</strong></span> 
     </span>
     <span class='ocr_line' id='line_1_108' title="bbox 1447 3747 2684 3800; baseline -0.003 -5"><span class='ocrx_word' id='word_1_841' title='bbox 1447 3753 1535 3795; x_wconf 86' lang='lat' dir='ltr'><strong>vita</strong></span> <span class='ocrx_word' id='word_1_842' title='bbox 1555 3752 1727 3795; x_wconf 85' lang='lat' dir='ltr'><strong>dimittit</strong></span> <span class='ocrx_word' id='word_1_843' title='bbox 1754 3765 1777 3793; x_wconf 90' lang='lat' dir='ltr'><strong>a</strong></span> <span class='ocrx_word' id='word_1_844' title='bbox 1803 3763 1849 3794; x_wconf 90' lang='lat' dir='ltr'><strong>se</strong></span> <span class='ocrx_word' id='word_1_845' title='bbox 1878 3750 2161 3794; x_wconf 86' lang='lat' dir='ltr'><strong>recedentem.</strong></span> <span class='ocrx_word' id='word_1_846' title='bbox 2186 3748 2366 3800; x_wconf 82' lang='lat' dir='ltr'><strong>Quando</strong></span> <span class='ocrx_word' id='word_1_847' title='bbox 2381 3748 2495 3791; x_wconf 88' lang='grc'><strong>00110</strong></span> <span class='ocrx_word' id='word_1_848' title='bbox 2521 3759 2606 3789; x_wconf 89' lang='lat' dir='ltr'><strong>non</strong></span> <span class='ocrx_word' id='word_1_849' title='bbox 2629 3747 2684 3792; x_wconf 82' lang='lat' dir='ltr'><strong>de</strong></span> 
     </span>
     <span class='ocr_line' id='line_1_109' title="bbox 1448 3820 2682 3879; baseline -0.007 -11"><span class='ocrx_word' id='word_1_850' title='bbox 1448 3826 1542 3879; x_wconf 81' lang='lat' dir='ltr'><strong>ejus</strong></span> <span class='ocrx_word' id='word_1_851' title='bbox 1563 3829 1741 3867; x_wconf 85' lang='lat' dir='ltr'><strong>causata</strong></span> <span class='ocrx_word' id='word_1_852' title='bbox 1760 3829 1827 3866; x_wconf 88' lang='lat' dir='ltr'><strong>cst</strong></span> <span class='ocrx_word' id='word_1_853' title='bbox 1847 3824 2057 3873; x_wconf 88' lang='lat' dir='ltr'><strong>absentia,</strong></span> <span class='ocrx_word' id='word_1_854' title='bbox 2081 3820 2232 3867; x_wconf 85' lang='lat' dir='ltr'><strong>hilaris</strong></span> <span class='ocrx_word' id='word_1_855' title='bbox 2249 3821 2399 3864; x_wconf 81' lang='lat' dir='ltr'><strong>effecta</strong></span> <span class='ocrx_word' id='word_1_856' title='bbox 2422 3820 2473 3863; x_wconf 88' lang='lat' dir='ltr'><strong>de</strong></span> <span class='ocrx_word' id='word_1_857' title='bbox 2495 3831 2682 3879; x_wconf 80' lang='lat' dir='ltr'><strong>praesen-</strong></span> 
     </span>
     <span class='ocr_line' id='line_1_110' title="bbox 1447 3891 2681 3948; baseline -0.002 -10"><span class='ocrx_word' id='word_1_858' title='bbox 1447 3897 1524 3948; x_wconf 88' lang='lat' dir='ltr'><strong>tia,</strong></span> <span class='ocrx_word' id='word_1_859' title='bbox 1562 3896 1675 3940; x_wconf 88' lang='lat' dir='ltr'><strong>sieut</strong></span> <span class='ocrx_word' id='word_1_860' title='bbox 1719 3897 1858 3939; x_wconf 86' lang='lat' dir='ltr'><strong>lactata</strong></span> <span class='ocrx_word' id='word_1_861' title='bbox 1882 3895 1934 3939; x_wconf 90' lang='lat' dir='ltr'><strong>de</strong></span> <span class='ocrx_word' id='word_1_862' title='bbox 1971 3907 2164 3947; x_wconf 86' lang='lat' dir='ltr'><strong>accessu,</strong></span> <span class='ocrx_word' id='word_1_863' title='bbox 2188 3895 2251 3938; x_wconf 91' lang='lat' dir='ltr'><strong>sic</strong></span> <span class='ocrx_word' id='word_1_864' title='bbox 2289 3901 2329 3939; x_wconf 87' lang='lat' dir='ltr'><strong>et</strong></span> <span class='ocrx_word' id='word_1_865' title='bbox 2352 3893 2605 3937; x_wconf 85' lang='lat' dir='ltr'><strong>contristata</strong></span> <span class='ocrx_word' id='word_1_866' title='bbox 2628 3891 2681 3935; x_wconf 88' lang='lat' dir='ltr'><strong>de</strong></span> 
     </span>
    </p>
   </div>
   <div class='ocr_carea' id='block_1_11' title="bbox 1446 3968 2679 4095">
    <p class='ocr_par' dir='ltr' id='par_1_14' title="bbox 1446 3968 2679 4095">
     <span class='ocr_line' id='line_1_111' title="bbox 1446 3968 1674 4013; baseline -0.009 -2"><span class='ocrx_word' id='word_1_867' title='bbox 1446 3968 1642 4013; x_wconf 87' lang='lat' dir='ltr'><strong>discessu</strong></span> <span class='ocrx_word' id='word_1_868' title='bbox 1661 3969 1674 4009; x_wconf 76' lang='lat'><em>2</em></span> 
     </span>
     <span class='ocr_line' id='line_1_112' title="bbox 1503 4029 2679 4095; baseline -0.006 -12"><span class='ocrx_word' id='word_1_869' title='bbox 1503 4040 1579 4084; x_wconf 84' lang='lat' dir='ltr'><strong>IX.</strong></span> <span class='ocrx_word' id='word_1_870' title='bbox 1606 4041 1709 4093; x_wconf 82' lang='lat' dir='ltr'><strong>Quae</strong></span> <span class='ocrx_word' id='word_1_871' title='bbox 1730 4038 1934 4094; x_wconf 65' lang='lat' dir='ltr'><strong>condigna</strong></span> <span class='ocrx_word' id='word_1_872' title='bbox 1958 4037 2242 4095; x_wconf 50' lang='lat' dir='ltr'><strong>beneficiorum</strong></span> <span class='ocrx_word' id='word_1_873' title='bbox 2268 4029 2495 4079; x_wconf 76' lang='lat' dir='ltr'><strong>retributio.</strong></span> <span class='ocrx_word' id='word_1_874' title='bbox 2516 4032 2679 4077; x_wconf 86' lang='lat' dir='ltr'><strong>Reddat</strong></span> 
     </span>
    </p>
   </div>
   <div class='ocr_carea' id='block_1_12' title="bbox 1447 4106 2678 4457">
    <p class='ocr_par' dir='ltr' id='par_1_15' title="bbox 1447 4106 2678 4457">
     <span class='ocr_line' id='line_1_113' title="bbox 1447 4106 2675 4172; baseline -0.007 -15"><span class='ocrx_word' id='word_1_875' title='bbox 1447 4115 1570 4158; x_wconf 82' lang='lat' dir='ltr'><strong>vobis</strong></span> <span class='ocrx_word' id='word_1_876' title='bbox 1619 4112 1827 4156; x_wconf 83' lang='lat' dir='ltr'><strong>Dominus</strong></span> <span class='ocrx_word' id='word_1_877' title='bbox 1861 4111 2201 4172; x_wconf 81' lang='lat' dir='ltr'><strong>vicissitudinem</strong></span> <span class='ocrx_word' id='word_1_878' title='bbox 2243 4109 2317 4166; x_wconf 87' lang='lat' dir='ltr'><strong>[al.</strong></span> <span class='ocrx_word' id='word_1_879' title='bbox 2354 4107 2507 4165; x_wconf 74' lang='lat' dir='ltr'><strong>vie-em]</strong></span> <span class='ocrx_word' id='word_1_880' title='bbox 2540 4106 2675 4157; x_wconf 86' lang='lat' dir='ltr'><strong>banc,</strong></span> 
     </span>
     <span class='ocr_line' id='line_1_114' title="bbox 1447 4182 2677 4238; baseline -0.006 -11"><span class='ocrx_word' id='word_1_881' title='bbox 1447 4185 1490 4227; x_wconf 88' lang='lat' dir='ltr'><strong>in</strong></span> <span class='ocrx_word' id='word_1_882' title='bbox 1509 4184 1635 4238; x_wconf 80' lang='lat' dir='ltr'><strong>eujus</strong></span> <span class='ocrx_word' id='word_1_883' title='bbox 1657 4187 1892 4238; x_wconf 87' lang='lat' dir='ltr'><strong>conspectu</strong></span> <span class='ocrx_word' id='word_1_884' title='bbox 1914 4182 2057 4237; x_wconf 84' lang='lat' dir='ltr'><strong>capilli</strong></span> <span class='ocrx_word' id='word_1_885' title='bbox 2094 4182 2221 4225; x_wconf 84' lang='lat' dir='ltr'><strong>etiam</strong></span> <span class='ocrx_word' id='word_1_886' title='bbox 2242 4182 2472 4223; x_wconf 76' lang='lat' dir='ltr'><strong>elector-um</strong></span> <span class='ocrx_word' id='word_1_887' title='bbox 2501 4190 2677 4220; x_wconf 88' lang='lat' dir='ltr'><strong>suorum</strong></span> 
     </span>
     <span class='ocr_line' id='line_1_115' title="bbox 1448 4248 2678 4303; baseline -0.01 -4"><span class='ocrx_word' id='word_1_888' title='bbox 1448 4256 1502 4299; x_wconf 88' lang='lat' dir='ltr'><strong>ad</strong></span> <span class='ocrx_word' id='word_1_889' title='bbox 1539 4253 1951 4303; x_wconf 79' lang='lat' dir='ltr'><strong>remunerationem,</strong></span> <span class='ocrx_word' id='word_1_890' title='bbox 2003 4258 2045 4296; x_wconf 89' lang='lat' dir='ltr'><strong>et</strong></span> <span class='ocrx_word' id='word_1_891' title='bbox 2082 4252 2292 4295; x_wconf 77' lang='lat' dir='ltr'><strong>numerati</strong></span> <span class='ocrx_word' id='word_1_892' title='bbox 2335 4256 2447 4292; x_wconf 83' lang='lat' dir='ltr'><strong>sunt.</strong></span> <span class='ocrx_word' id='word_1_893' title='bbox 2487 4248 2590 4288; x_wconf 84' lang='lat' dir='ltr'><strong>Nam</strong></span> <span class='ocrx_word' id='word_1_894' title='bbox 2631 4252 2678 4289; x_wconf 89' lang='lat' dir='ltr'><strong>ut</strong></span> 
     </span>
     <span class='ocr_line' id='line_1_116' title="bbox 1447 4318 2674 4383; baseline -0.008 -12"><span class='ocrx_word' id='word_1_895' title='bbox 1447 4328 1703 4383; x_wconf 83' lang='lat' dir='ltr'><strong>condignam</strong></span> <span class='ocrx_word' id='word_1_896' title='bbox 1738 4338 1818 4381; x_wconf 83' lang='lat' dir='ltr'><strong>ego</strong></span> <span class='ocrx_word' id='word_1_897' title='bbox 1842 4326 1963 4368; x_wconf 76' lang='lat' dir='ltr'><strong>robis</strong></span> <span class='ocrx_word' id='word_1_898' title='bbox 1995 4324 2381 4367; x_wconf 76' lang='lat' dir='ltr'><strong>remunerationem</strong></span> <span class='ocrx_word' id='word_1_899' title='bbox 2418 4318 2674 4376; x_wconf 84' lang='lat' dir='ltr'><strong>impendam,</strong></span> 
     </span>
     <span class='ocr_line' id='line_1_117' title="bbox 1449 4390 2676 4457; baseline -0.007 -14"><span class='ocrx_word' id='word_1_900' title='bbox 1449 4401 1574 4457; x_wconf 75' lang='lat' dir='ltr'><strong>longe</strong></span> <span class='ocrx_word' id='word_1_901' title='bbox 1598 4397 1893 4457; x_wconf 81' lang='lat' dir='ltr'><strong>superexcedit</strong></span> <span class='ocrx_word' id='word_1_902' title='bbox 1923 4398 2166 4454; x_wconf 83' lang='lat' dir='ltr'><strong>pauperiem</strong></span> <span class='ocrx_word' id='word_1_903' title='bbox 2194 4407 2346 4445; x_wconf 87' lang='lat' dir='ltr'><strong>meam,</strong></span> <span class='ocrx_word' id='word_1_904' title='bbox 2378 4394 2458 4441; x_wconf 85' lang='lat' dir='ltr'><strong>nisi</strong></span> <span class='ocrx_word' id='word_1_905' title='bbox 2497 4394 2605 4440; x_wconf 63' lang='lat' dir='ltr'><strong>‚l&#39;orte</strong></span> <span class='ocrx_word' id='word_1_906' title='bbox 2621 4390 2676 4435; x_wconf 75' lang='lat' dir='ltr'><strong>ad</strong></span> 
     </span>
    </p>
   </div>
  </div>
 </body>
</html>
