2924 4588
259 156 374 205 2465

1271 152 1436 197 PETRt
1462 146 1818 195 cousssronts

2718 132 2832 195 uss

256 226 387 298 suisti
413 264 490 297 cor
514 258 654 303 tuum,
675 255 723 295 ut
745 256 788 295 te
802 249 1015 306 affligeres
1031 261 1177 292 eoram
1197 246 1301 298 Deo,
1316 245 1516 291 exaudita
1539 247 1576 291 Α
1598 246 1742 302 autem
1769 241 1812 283 in
1833 238 1981 284 ludaea
2004 243 2071 283 est
2096 237 2150 281 ad
2192 235 2437 291 aquilonem
2463 236 2647 294 Syriam,
2669 238 2720 281 ad
2747 252 2835 285 me-

256 304 358 369 sunt
390 326 520 370 verba
534 310 624 375 ὼε,
645 330 687 367 et
709 335 884 380 egressa
901 329 968 367 est
987 323 1200 367 sententia
1224 333 1247 364 a
1274 320 1359 364 Deo
1372 319 1426 363 de
1439 330 1508 362 re³

255 399 346 441 ditu
367 397 534 454 populi,
556 403 599 439 et
616 392 858 439 eadenfdie
870 394 992 439 volut
1006 394 1059 437 ad
1082 402 1124 438 te
1142 395 1305 444 venire,
1325 397 1373 436 ut
1395 403 1510 435 nun-

254 472 408 514 tiarem
443 469 521 512 tibi
550 484 559 510 :
589 467 666 511 sed
691 466 894 523 prinecps
921 462 1053 520 ‘regni
1077 466 1309 510 Persarum
1348 464 1508 508 restitit

255 541 360 584 mihi
384 540 533 596 viginti
553 534 723 590 (Rbus,
749 543 790 581 et
810 549 915 583 uno.
961 538 1158 593 Cumque
1206 545 1308 580 tune
1331 536 1507 592 egrede-

254 625 341 666 rer,
381 613 581 668 apparuit
605 612 808 667 princeps
838 610 1105 661 Graecorum,
1138 610 1335 660 veniens,
1361 618 1408 652 nt
1431 608 1508 651 ad-

252 692 502 729 versaretur
534 684 723 740 principi
746 683 996 734 Persarum,
1022 688 1065 726 et
1094 682 1218 734 mihi,
1242 687 1284 725 et
1309 682 1500 736 aliquan·

252 757 387 800 tutam
410 756 492 800 feei
526 766 709 800 moram.
734 754 820 798 Sed
837 766 953 801 nune
972 756 1114 807 venio,
1140 759 1188 798 ut
1209 755 1506 800 certilieemte

251 829 305 872 de
330 828 472 872 reditu
497 828 662 883 populi,
689 834 735 871 et
758 827 803 870 in
835 827 905 871 bis
938 838 1063 870 nemo
1086 831 1154 870 est
1176 825 1282 869 mihi
1313 826 1503 881 adiutor,

253 901 336 943 nisi
363 900 538 944 Miehacl
575 900 778 955 princeps
804 906 964 944 vester.
997 915 1012 942 ι
1042 899 1130 943 Hos
1151 900 1259 943 duos
1287 899 1506 955 principes

253 971 502 1014 Graecorum
521 977 563 1015 et
581 971 834 1026 Persarum,
854 971 960 1016 dicit
983 971 1287 1029 Hieronymus.
1311 984 1410 1017 esse
1429 985 1506 1015 an-

252 1045 371 1100 gelos
397 1045 556 1096 malos,
586 1045 660 1100 qui
690 1045 876 1101 appositi
902 1052 1003 1089 sunt
1025 1048 1170 1101 regnis
1194 1047 1280 1090 illis
1303 1047 1357 1089 ad
1380 1058 1507 1090 exer-

251 1117 420 1160 citium.
447 1116 692 1160 Laborabat
715 1116 862 1172 itaque
882 1118 1062 1173 angelus
1087 1117 1330 1169 Persarum,
1350 1131 1404 1161 ne
1420 1118 1504 1163 He-

250 1186 357 1230 braei
379 1185 669 1229 liberarentur
691 1196 717 1228 a
740 1185 930 1229 dominio
946 1182 1193 1237 Persarum,
1211 1194 1300 1230 tum
1315 1187 1503 1242 quiade·

251 1258 492 1301 lectabatur
505 1257 808 1302 afflictionibus
827 1269 995 1310 eorum,
1014 1265 1106 1302 tum
1122 1266 1164 1302 ut
1186 1258 1327 1303 Persae
1339 1259 1502 1304 diutius

1590 315 1744 358 ridiem
1774 313 2007 370 AEgyptum
2026 311 2171 355 hahet.
2193 309 2269 374 ⁴De
2286 323 2420 367 regno
2443 311 2617 367 AEgypti
2642 317 2683 355 et
2703 312 2843 368 Syri-'e

1587 393 1756 430 tantum
1793 383 2072 442 prosequitur
2110 383 2275 434 Daniel,
2306 384 2408 439 quia
2435 384 2516 428 sub
2563 384 2631 427 his
2655 385 2840 428 afflictus

1585 444 1652 503 est
1684 459 1869 514 populus
1901 457 1975 502 Dei
1996 456 2208 503 vicissim.
2252 453 2388 499 Porro
2419 463 2517 511 post
2545 456 2844 500 Alexandrum

1586 532 1781 588 regnavit
1801 532 1844 574 in
1870 529 2060 591 AEgypto
2093 519 2370 578 Ptolemaeus,
2395 527 2497 584 Lagi
2537 529 2668 582 iilius,
2705 541 2728 571 a
2752 539 2844 586 quo

1586 610 1817 660 sequentes
1839 602 2159 660 reges'AEgypti
2182 600 2404 645 Ptolemaei
2424 601 2528 644 dieti
2569 608 2686 646 sunt.
2734 600 2843 647 Post

1590 677 1846 721 Ptolemaeus
1869 675 2197 731 Philadelphus,
2241 679 2340 731 post
2368 674 2622 718 Ptolemaeus
2657 673 2842 732 Everge-

1586 757 1676 800 tes,
1717 757 1816 805 post
1866 744 2124 792 Ptolemaeus
2163 747 2424 804 Philopater,
2461 752 2559 803 post
2586 747 2841 795 Ptolemaeus

1585 823 1848 879 Epiphanes.
1868 821 1913 864 ln
1941 819 2064 877 Syria
2097 826 2194 876 post
2217 820 2508 880 Alexandrum
2539 820 2731 875 regnavit
2757 818 2840 865 Se·

1584 898 1751 946 leucus,
1791 900 1888 950 post
1926 894 2170 938 Antiochus
2214 891 2409 954 Soter,·a
2439 905 2526 948 qno
2561 904 2843 939 successores

1582 968 1782 1012 Antiochi
1804 968 1906 1012 dieti
1947 972 2062 1018 sunt,
2101 956 2201 1022 post
2249 962 2486 1007 Antiochus
2532 962 2690 1014 Theos,
2722 969 2838 1020 post,

1582 1042 1822 1086 Antiochus
1845 1040 2099 1091 Callinicus,-
2136 1043 2234 1093 post
2253 1036 2491 1081 Antiochus
2515 1036 2707 1092 Magnus,
2741 1041 2840 1093 post

1582 1114 1822 1158 Antiochus
1835 1112 2098 1169 Epiphanes.
2118 1109 2264 1154 Deliis
2280 1110 2556 1166 prosequitur
2576 1110 2640 1152 rir
2657 1110 2840 1166 loquens

1584 1187 1637 1229 ad
1678 1185 1915 1239 Danielem,
1967 1184 2185 1241 incipiens
2209 1196 2232 1226 a
2259 1194 2358 1240 rege
2401 1182 2576 1239 AEgypti
2616 1183 2680 1238 sic
2707 1195 2718 1223 z
2742 1197 2758 1223 ι
2785 1181 2840 1227 Et

1584 1259 1901 1304 confortabitur
1921 1269 1996 1301 rex
2021 1257 2174 1302 austri.
2197 1275 2211 1298 ι
2239 1255 2320 1299 llic
2348 1262 2415 1301 est
2436 1255 2710 1307 Ptolemaeus,
2732 1253 2840 1313 Lagi

187 1366 189 1368 .
250 1329 490 1384 affligentes
517 1342 610 1381 eos,
634 1330 810 1387 gravius
840 1338 1084 1386 peccarent.
1107 1331 1350 1376 Laborahat
1373 1334 1500 1376 etiam
1526 1325 1559 1368 Β
1583 1332 1713 1383 tilius,
1734 1333 1840 1376 adeo
1863 1331 1989 1375 sortis
2006 1335 2053 1374 ut
2074 1328 2289 1387 Pyrrhum
2309 1342 2452 1386 regem
2468 1329 2741 1385 Epirotarum
2762 1341 2841 1374 ex·

250 1405 434 1459 angelus
455 1403 721 1459 Graecorum,
744 1410 791 1449 ut
810 1403 954 1450 Persae
979 1411 1023 1450 et
1049 1406 1278 1462 captivitas
1300 1406 1503 1452 Hebraeo-

248 1487 345 1518 rum
371 1488 424 1518 cu
446 1489 468 1516 ιι
509 1476 590 1528 eis,
617 1476 853 1522 transirent
884 1477 929 1520 in
959 1476 1200 1520 dominium
1234 1478 1504 1522 Graecorum.

248 1547 486 1604 Gregorius
510 1554 653 1592 autem
673 1550 766 1593 vult
786 1560 863 1592 eos
891 1548 1026 1594 fuisse
1049 1549 1224 1605 angelos
1250 1550 1405 1603 bonos,
1428 1551 1501 1605 qui

249 1620 502 1675 satagebant
522 1633 575 1663 ne
588 1626 674 1663 tam
693 1620 779 1664 cito
797 1620 1084 1664 liberarentur
1094 1620 1247 1675 Judaei,
1263 1629 1325 1673 nt,
1346 1623 1384 1666 si
1398 1622 1500 1678 quid

248 1693 390 1736 adbuc
421 1698 515 1735 erat
540 1693 813 1749 purgandum
832 1693 877 1735 in
901 1692 981 1745 eis,
1005 1700 1281 1749 purgaretur,
1303 1699 1346 1737 et
1368 1693 1501 1738 deco·-

247 1771 485 1821 querentur
507 1777 646 1822 usque
669 1766 723 1810 ad
750 1778 953 1823 unguem.
990 1765 1204 1810 Praeterea
1241 1767 1407 1811 addidit
1436 1769 1502 1812 vir

249 1838 323 1882 ille
347 1853 360 1882 ε
390 1852 405 1879 ι
431 1837 559 1882 Nunc
582 1845 793 1891 revertar,
819 1848 867 1883 ut
902 1840 1071 1896 praelier
1094 1839 1304 1884 adversus
1340 1842 1503 1897 princi·

246 1925 343 1967 pem
365 1910 621 1965 Persarum;
654 1922 951 1958 verumtamen
968 1914 1091 1970 prius
1115 1915 1384 1959 annuntiabo
1403 1916 1498 1968 tibi,

244 1986 358 2037 quod
374 1997 625 2040 expressum
644 1987 775 2030 estin
801 1985 1023 2042 Scriptura
1051 1988 1260 2040 veritatis,
1289 2005 1304 2030 ι
1331 1989 1384 2033 de
1397 1992 1497 2045 qui-

247 2059 433 2101 busdam
454 2058 567 2110 aliis,
610 2071 793 2114 quorum
824 2061 938 2116 geris
979 2061 1332 2106 sollicitudinem.
1363 2062 1499 2106 Porro

245 2142 268 2171 a
297 2131 435 2186 primo
460 2143 574 2175 anno
595 2131 728 2184 Darii,
750 2134 902 2177 orabat
921 2133 1076 2180 Daniel
1097 2137 1181 2191 pro
1200 2147 1268 2186 ee,
1295 2142 1342 2179 ut
1366 2141 1500 2180 staret

243 2210 286 2245 rt
307 2203 588 2248 roboraretur
599 2218 778 2261 regnum
803 2207 917 2263 ejus,
937 2215 980 2253 et
1002 2212 1213 2259 sollicitus
1226 2218 1318 2255 erat
1335 2212 1388 2256 de
1399 2224 1499 2256 suca

243 2277 494 2322 cessoribus
508 2280 630 2336 regni
643 2279 892 2334 Persarum,
907 2283 1056 2328 volens
1074 2296 1151 2330 eos
1170 2286 1299 2331 scire.
1319 2285 1379 2329 De
1395 2299 1499 2343 quo-

240 2362 340 2393 γαπ.
365 2352 715 2398 manifestatione
752 2356 949 2411 sequitur
975 2358 1145 2402 decima
1170 2359 1301 2415 visio,
1339 2359 1383 2404 in
1412 2373 1496 2418 qua

243 2426 430 2481 primum
454 2427 673 2472 inducitur
697 2427 846 2474 Daniel
871 2430 1052 2487 loquens
1079 2433 1143 2477 sie
1175 2445 1187 2475 z

591 2500 695 2546 Car.
715 2501 805 2546 xit.
832 2502 947 2546 Visio
971 2503 1151 2551 decima.

301 2587 318 2610 c
347 2571 437 2628 Ego
474 2581 616 2618 autem
658 2587 683 2618 a
724 2577 866 2632 primo
912 2589 1026 2622 anno
1044 2577 1162 2623 Darii
1181 2581 1425 2627 meditabar
1448 2582 1491 2626 in

239 2651 475 2699 conspectu
499 2645 591 2698 Dei,
612 2652 665 2690 ut
686 2647 1012 2694 confortaretur
1031 2659 1073 2695 et
1098 2653 1384 2700 roboraretur
1401 2658 1495 2714 ipse

243 2715 398 2761 Darius
419 2717 547 2773 (Dan.
575 2719 641 2775 u).
666 2736 681 2761 ι
705 2719 755 2763 Et
779 2722 928 2766 statim
948 2724 994 2767 lit
1037 2727 1346 2783 metaplasmus
1370 2762 1383 2782 ‚
1417 2732 1493 2787 qui

241 2787 447 2843 frequens
469 2795 536 2834 est
565 2791 609 2834 in
634 2792 858 2848 prophetis
875 2827 886 2846 ,
933 2802 976 2839 et
1010 2796 1306 2845 introducitur
1331 2802 1400 2846 vir
1423 2803 1493 2848 ille

241 2863 491 2916 praenetus,
518 2863 700 2920 loquens
731 2867 783 2910 ad
802 2866 1021 2914 Danielem
1047 2871 1113 2915 sie
1141 2883 1151 2912 :
1185 2887 1199 2914 ι
1216 2873 1268 2917 Et
1291 2879 1396 2919 tune
1418 2853 1493 2922 ve·

243 2934 415 2977 ritatem
469 2937 735 2982 annuntiabo
778 2939 875 2992 tibi,
905 2955 921 2982 ι
946 2942 1047 2997 quia
1082 2955 1186 2990 eece
1214 2945 1357 2991 adhue
1395 2957 1494 3005 post

243 3007 418 3050 Darium
429 3014 470 3051 et
483 3008 660 3065 Cyrum,
672 3012 746 3067 qui
761 3025 876 3056 nune
893 3022 995 3058 sunt
1007 3021 1095 3060 tres
1113 3030 1236 3074 reges
1254 3020 1432 3064 stabunt
1446 3023 1491 3067 in

240 3078 434 3131 Perside,
456 3080 694 3139 Cambyses
714 3085 898 3137 seilicet,
926 3085 1129 3133 Smerdes
1156 3089 1321 3148 Magus,
1336 3091 1491 3140 Darius

242 3151 356 3195 lilius
384 3151 627 3210 Hystaspis,
668 3163 711 3200 et
753 3164 952 3213 quartus,
976 3161 1141 3206 scilicet
1163 3162 1347 3217 Xerxes,
1376 3166 1491 3211 tilius

242 3224 359 3269 Darii
377 3239 509 3282 super
531 3240 683 3274 omnes
702 3232 800 3282 erit,
833 3239 876 3275 et
911 3233 1148 3279 concitabit
1173 3249 1326 3284 omnes
1338 3240 1491 3284 adver-

241 3309 339 3340 sum
364 3310 548 3355 regnum
571 3300 762 3348 Graectae.
791 3304 850 3349 De
872 3305 957 3350 isto
977 3306 1155 3364 legitur,
1179 3310 1282 3366 quia
1307 3323 1484 3356 succen-

241 3368 304 3411 dit
331 3371 537 3423 Athenas,
561 3379 605 3416 et
628 3374 789 3420 bellum
810 3379 961 3423 navale
984 3381 1070 3436 egit
1088 3382 1201 3436 apud
1225 3381 1486 3431 Salaminam

1585 1406 1757 1461 pulsum
1781 1405 2028 1449 restitueret
2054 1405 2099 1448 in
2116 1416 2316 1459 regnum,
2337 1408 2395 1455 et,
2417 1403 2587 1447 devicto
2600 1401 2840 1458 Demetrio,

1583 1478 1673 1520 filio
1695 1478 1920 1533 Antigoni,
1946 1477 2131 1521 Seleuco
2154 1477 2276 1532 regni
2298 1474 2364 1520 sui
2385 1483 2569 1532 partem,
2590 1488 2718 1532 quam
2748 1475 2839 1521 Ann-

1583 1551 1757 1607 tigouus
1795 1551 2032 1594 abstulerat
2062 1549 2272 1603 restituit,
2318 1549 2525 1606 Cyprum,
2565 1548 2831 1603 Pnaenicein.

1581 1630 1622 1666 et
1650 1623 1845 1678 regiones
1864 1623 2023 1666 multas
2062 1627 2104 1667 et
2129 1622 2294 1666 insulas
2319 1619 2401 1665 sibi
2435 1621 2695 1679 subjugavit.
2753 1612 2838 1667 Cui

1583 1694 1794 1737 successit
1836 1693 2095 1738 Ptolemaeus
2139 1693 2464 1748 Philadelphus,
2491 1695 2564 1750 qui
2591 1694 2758 1750 primus
2781 1693 2838 1741 ab

1582 1766 1803 1822 AEtbiopia
1836 1767 2015 1810 adduxit
2055 1767 2397 1823 quadringentos
2427 1767 2696 1823 elephantes,
2738 1772 2840 1812 tur·

1582 1853 1652 1885 res
1691 1841 1858 1897 ligneas
1873 1840 1939 1886 eis
1985 1853 2301 1898 superponenS,
2342 1843 2384 1885 in
2423 1840 2584 1897 quibus
2602 1842 2746 1897 posuit
2764 1853 2840 1885 ar·

1579 1919 1724 1959 matos
1746 1913 1802 1957 ad
1843 1913 2158 1966 dimicandum,
2205 1915 2287 1959 sub
2311 1927 2396 1971 quo
2434 1913 2549 1958 Lxx
2569 1915 2836 1972 interpretes

1581 1987 1848 2030 claruerunt.
1876 1986 1956 2030 llic
1992 1988 2197 2044 pugnavit
2236 1993 2389 2032 contra
2407 1987 2667 2032 Antiochum
2692 1987 2839 2032 Theos

1581 2074 1725 2118 regem
1754 2060 1906 2119 Syriae,
1940 2063 2017 2107 sed
2046 2070 2195 2118 postea
2234 2062 2434 2107 foederati
2465 2070 2580 2107 sunt.
2621 2062 2726 2104 Nam
2745 2062 2835 2108 An·-

1579 2136 1750 2194 tioebus
1761 2136 2076 2182 duxituxorcm
2099 2132 2366 2197 Berenieem,
2385 2135 2516 2180 liliam
2542 2135 2833 2192 Philadelphi,

1578 2209 1807 2266 repudiata
1829 2210 1966 2267 priori
1990 2221 2126 2253 uxore
2168 2204 2389 2255 Laodice:
2411 2222 2512 2266 quae
2530 2221 2631 2253 eum
2646 2208 2832 2254 redisset

1579 2284 1624 2328 in
1665 2284 1849 2340 gratiam
1892 2283 1991 2336 viri,
2021 2283 2181 2327 occidit
2228 2295 2395 2329 veneno
2444 2285 2600 2335 virum,
2627 2289 2671 2328 et
2695 2283 2831 2329 lilium

1578 2370 1707 2413 quem
1733 2363 1987 2414 susceperat
2023 2356 2076 2401 tle
2101 2356 2324 2409 Berenice,
2355 2355 2612 2400 Callinicum
2653 2369 2758 2402 vero
2779 2356 2834 2400 ti-

1578 2430 1685 2474 lium
1712 2443 1838 2474 suum
1864 2431 1967 2475 lecit
1990 2442 2134 2487 regem
2161 2429 2311 2487 Syriae.
2349 2429 2580 2486 Evergetcs
2608 2442 2726 2484 vem,
2753 2430 2831 2487 qui

1575 2504 1785 2549 successit
1801 2502 2080 2560 Philadelpho
2103 2503 2148 2546 in
2172 2503 2380 2548 ultionem
2408 2502 2614 2547 Berenice
2657 2503 2824 2550 sororis

1573 2579 1760 2624 vastavit
1787 2577 1972 2635 Syriam.
2000 2577 2086 2622 Sed
2099 2578 2247 2622 audito
2269 2576 2383 2634 quod
2406 2577 2621 2634 principes
2653 2576 2830 2635 AEgypti

1574 2655 1933 2709 conspiraverant
1956 2652 2169 2696 adversus
2205 2665 2323 2706 eum,
2352 2653 2480 2696 rediit
2514 2653 2556 2696 in
2575 2653 2829 2710 AEgyptum,

1575 2729 1753 2772 trahens
1771 2741 1918 2773 secum
1940 2728 1995 2772 de
2019 2726 2145 2785 Syria
2164 2728 2353 2784 praedam
2395 2728 2575 2771 multam
2610 2729 2759 2780 nimis,
2785 2735 2829 2773 et

1572 2801 1905 2846 simulacrorum
1929 2801 2016 2845 duo
2062 2800 2198 2845 millia
2238 2806 2442 2845 sexcenta
2470 2801 2647 2845 talenta.
2691 2799 2835 2847 Porro

1572 2876 1811 2922 Callinicus
1833 2878 1948 2922 duos
1975 2877 2091 2922 tilios
2123 2877 2318 2933 reliquit,
2346 2875 2575 2920 Seleucum
2605 2882 2649 2919 et
2672 2875 2826 2919 Antio-

1571 2951 1705 2996 chum
1733 2951 1961 3008 Magnum3
2002 2951 2078 2996 sed
2103 2950 2364 3000 Antiochus,
2391 2949 2538 2992 occiso
2562 2948 2698 2992 fratre
2727 2961 2826 3000 suu,

1570 3024 1784 3081 regnavit,
1811 3031 1853 3070 et
1867 3037 2130 3082 congressus
2148 3036 2244 3068 cum
2266 3036 2366 3080 rege
2389 3023 2561 3080 AEgypti
2577 3022 2828 3080 Philopatrc

1570 3098 1712 3142 vietus
1734 3103 1802 3142 est
1826 3131 1837 3152 ‚
1864 3110 1942 3154 per
1964 3098 2184 3142 desertum
2233 3097 2421 3155 fugiens,
2457 3105 2499 3142 et
2527 3109 2637 3154 pene
2653 3105 2821 3154 captus.

1570 3170 1808 3227 Philopatri
1850 3183 1953 3215 vero
1997 3171 2210 3216 suecessit
2255 3172 2300 3215 in
2350 3169 2538 3228 AEgypto
2577 3171 2826 3228 Epiphanes

1569 3254 1667 3300 cum
1690 3247 1806 3286 esset
1819 3251 2002 3298 qitatuor
2023 3254 2253 3296 annorum,
2273 3249 2312 3286 et
2326 3241 2711 3298 coepitAntiochus
2726 3242 2819 3290 Ma-

1568 3328 1679 3371 gnus
1698 3315 1906 3361 infestare
1928 3328 2043 3359 eum.
2073 3316 2158 3360 Sed
2201 3317 2419 3373 principes
2438 3316 2611 3374 AEgypti
2637 3317 2821 3362 dimica-

1569 3388 1674 3432 bant
1692 3402 1769 3445 pro
1791 3402 1941 3445 puero.
1971 3389 2062 3432 Suh
2088 3388 2327 3445 Epiphane‚
2353 3388 2485 3434 Onias
2504 3391 2726 3443 sacerdos,
2748 3403 2821 3435 as-

242 3444 415 3498 quando
438 3444 692 3501 Sophocles,
725 3454 768 3494 et
793 3449 1020 3507 Euripides
1056 3455 1162 3499 clari
1198 3455 1485 3512 habebantur,
1514 3463 1548 3506 D
1571 3464 1758 3518 sumptis
1790 3462 1989 3519 plurimis
2026 3461 2294 3515 Judaeoruin,
2328 3462 2438 3519 sugit
2482 3463 2529 3507 in'
2562 3463 2822 3521 AEgyptum,

239 3521 283 3557 et
312 3514 624 3564 Themistocles
644 3520 688 3563 in
712 3519 904 3566 Persian]
920 3522 1088 3580 lugiens
1104 3526 1259 3574 hausto
1279 3530 1493 3586 sanguine

239 3589 353 3631 tauri
374 3590 517 3644 periit.
551 3590 674 3638 Tune
696 3595 779 3646 vir,
793 3596 866 3651 qui
894 3597 1151 3653 loquebatur
1174 3600 1356 3653 Danieli,
1382 3615 1492 3659 prte-

241 3661 426 3706 termisit
455 3675 607 3710 omnes
643 3679 784 3723 reges,
811 3681 949 3725 usque
991 3672 1044 3715 ad
1086 3671 1377 3719 Alexandrum
1404 3675 1492 3719 Ma·

242 3746 390 3788 gnum,
430 3742 474 3780 et
504 3738 564 3780 ait
592 3753 602 3781 ε
633 3754 648 3780 ι
676 3740 831 3798 Surget
870 3754 974 3786 vero
1016 3755 1090 3789 rex
1117 3746 1262 3798 sortis,
1284 3754 1326 3792 ct
1360 3747 1491 3794 saciet

243 3806 358 3861 quod
381 3809 590 3863 placuerit
613 3813 669 3864 ei,
716 3819 759 3857 et
798 3826 896 3858 cum
928 3817 1113 3869 steterit,
1140 3827 1395 3865 conteretur
1419 3835 1489 3866 rea

240 3891 372 3934 gnum
387 3881 499 3936 ejus,
537 3894 577 3927 et
601 3885 816 3931 dividetur
850 3887 893 3931 in
923 3895 1111 3945 quatuor
1149 3899 1301 3939 ventos
1324 3895 1442 3939 ouili.
1471 3911 1486 3936 ›

242 3951 288 3995 ln
313 3952 499 4011 AEgypto
522 3960 652 4009 enim,
681 3971 775 4015 quae
796 3967 862 4004 est
886 3962 938 4006 ad
978 3963 1203 4010 meridiem
1236 3966 1403 4023 primus
1420 3980 1492 4012 re-

242 4027 388 4080 gnavit
411 4027 678 4082 Ptolemaeus,
709 4032 813 4090 Lagi
849 4033 981 4080 filius.
1026 4034 1074 4081 ln
1095 4036 1349 4084 Macedonia
1381 4039 1487 4086 Phi-

241 4098 403 4155 lippus,
423 4102 560 4157 quiet
582 4103 794 4158 Aridaeus‚
837 4108 971 4153 frater
999 4110 1248 4165 Alexandri,
1291 4126 1387 4171 quae
1420 4122 1488 4160 est

243 4170 298 4214 ad
320 4173 588 4219 occidentem
612 4174 744 4232 syriae
758 4185 801 4223 et
829 4180 1089 4237 Babyloniae,
1114 4189 1162 4228 et
1188 4186 1487 4242 superioribus

242 4241 351 4288 locis
371 4244 445 4310 qui
472 4253 574 4290 sunt
603 4247 657 4290 ad
701 4250 927 4302 orientem,
952 4253 1125 4308 praefuit
1159 4254 1383 4303 Seleucus.
1406 4243 1485 4303 Ni·-

240 4325 376 4358 canor
415 4317 642 4375 imperavit
657 4320 785 4373 Asiae,
801 4329 843 4367 et
857 4323 1012 4378 Ponto,
1029 4333 1073 4371 et
1089 4330 1256 4375 eaeteris
1277 4331 1322 4376 in
1335 4332 1485 4377 eadem

241 4386 357 4440 plaun
386 4391 641 4444 provinciis.
666 4391 909 4449 Antigonus
939 4410 1041 4442 vero
1057 4399 1109 4443 ad
1126 4404 1481 4457 septentrionem.

242 4457 293 4500 Et
312 4472 394 4505 noc
420 4463 659 4509 secundum
698 4465 816 4513 orbis
843 4467 977 4515 totius
999 4469 1147 4528 plagas
1172 4472 1375 4520 dicimus.
1399 4473 1481 4528 Qui
1567 4478 1689 4535 ponit
1730 4477 1999 4539 Porphyrius
2038 4480 2094 4525 de
2121 4479 2332 4527 Antiocho
2374 4487 2560 4526 tantum.
2595 4481 2806 4539 Exposuit
2872 4476 2894 4588 Ι

1570 3540 1612 3577 et
1635 3535 1800 3591 aceepit
1819 3547 1841 3578 a
1878 3548 1976 3591 rege
1999 3536 2220 3590 regionem
2274 3548 2371 3592 quae
2409 3535 2665 3592 Eliopoleos⁷
2690 3547 2820 3588 voca-

1570 3607 1715 3658 batur,
1747 3608 1858 3652 etin
1896 3620 1946 3652 ea
1991 3607 2208 3652 exstruxit
2249 3608 2629 3666 templum'simile
2658 3609 2824 3667 templo

1569 3678 1833 3733 Iudaeorum,
1871 3692 2072 3725 assereus
2111 3693 2159 3726 se
2208 3681 2386 3736 implere
2406 3682 2655 3726 vaticinium
2696 3681 2819 3726 isaiae

1569 3753 1801 3798 scribentis
1826 3767 1836 3795 ε
1865 3753 1991 3797 ιΕιίι
2022 3754 2158 3797 altare
2184 3752 2355 3797 Domini
2388 3754 2431 3798 in
2471 3740 2746 3811 AEgypto³,'et
2767 3755 2822 3799 ti-

1569 3827 1687 3870 tulus
1710 3827 1805 3882 ejus
1842 3827 1885 3870 in
1911 3827 2114 3871 terminis
2128 3826 2224 3882 ejus
2254 3823 2362 3883 (Isa.
2396 3826 2506 3882 xix).
2533 3841 2547 3867 ι
2595 3819 2816 3893 stactem-

1568 3897 1685 3953 plum
1711 3897 1948 3953 permansit
1967 3898 2094 3943 annis
2118 3885 2817 3956 ducentis.quinquagint'amsque
2860 3918 2862 3920 ·

1568 3970 1622 4012 ad
1645 3970 1972 4026 Vespasianum,
1995 3971 2074 4027 qui
2085 3972 2303 4016 civitatem
2340 3973 2495 4029 ipsam,
2520 3984 2617 4029 quae
2639 3971 2815 4016 diceba-

1567 4049 1638 4087 tur
1668 4041 1804 4095 Oniae‚
1834 4050 1878 4089 et
1897 4044 2104 4102 templum
2121 4045 2317 4090 funditus
2339 4046 2510 4090 evertit.
2555 4045 2695 4091 Porr'o
2722 4046 2812 4090 An-

1565 4115 1737 4160 tiochus
1756 4115 1934 4172 Magnus
1951 4116 2126 4174 reliquit
2137 4117 2249 4163 duos
2270 4118 2380 4162 tilios
2403 4117 2629 4162 Seleucum
2653 4122 2698 4162 et
2717 4105 2811 4162 An·

1564 4182 1754 4231 tiocb'nm
1771 4187 2064 4244 Epiphanem;
2100 4188 2181 4234 sed
2208 4189 2479 4247 Epiphanes„
2519 4202 2592 4246 per
2611 4189 2813 4236 fraudent

1567 4261 1706 4318 ejecto
1734 4261 1885 4316 tratre,
1906 4265 1973 4308 vel
1990 4265 2156 4316 occiso,
2175 4265 2371 4321 regnavit
2395 4265 2440 4308 in
2465 4263 2610 4321 Syria.

1622 4333 1856 4392 Hucusque
1891 4335 1945 4380 de
1975 4336 2128 4381 ordine
2150 4337 2344 4382 historiae
2367 4337 2479 4380 inter
2501 4336 2804 4395 Porphyrium,

2873 4171 2894 4180 .,

2881 4223 2892 4259 l

2882 4286 2891 4295 s

1563 4411 1607 4449 et
1629 4414 1802 4452 nostros
1832 4407 1951 4452 nulla
1973 4414 2040 4453 est
2069 4409 2288 4453 contentio
2314 4423 2324 4451 :
2356 4422 2452 4466 quae
2468 4416 2712 4466 sequuntur
2730 4423 2807 4454 ex·
2884 4403 2890 4442 3
