2924 4588
94 70 168 114 tat

783 65 853 112 DE
884 60 1216 114 ratramno
1249 63 1885 114 'MBERNACELQ-PARS
1916 70 1965 116 ll.

2583 80 2667 125 743

92 175 162 206 ma
201 160 320 218 (Luc.
345 174 401 216 x„
428 157 711 219 l),1coenobii
738 160 1079 205 obedientiarIos
1101 162 1303 218 exprimit
1325 194 1337 213 ,
1363 165 1400 209 A
1422 161 1604 205 tirtutes
1624 161 1667 204 in
1685 161 1906 218 primitiva
1930 163 2146 217 Ecclesia,
2173 166 2286 211 unde
2308 167 2399 213 haec
2427 172 2665 217 coenohita-

91 235 163 293 qui
185 233 331 279 fideles
348 245 443 278 esse
460 234 615 278 dehent
653 238 697 278 et
737 233 990 290 prudentes.
1018 231 1257 277 prudentes
1291 236 1335 277 in

91 310 395 367 acquirendis,
441 308 590 353 fideles
633 304 679 351 in
729 305 1038 363 expendendis.
1094 306 1335 351 prudentes

91 396 146 428 ne
175 395 251 428 eos
283 393 405 426 error
445 381 699 436 ignorantiae
738 378 884 427 sallat,
923 378 1071 422 fideles
1110 391 1165 422 ne
1192 379 1234 421 in
1260 378 1334 421 Dei

64 457 67 460 ’
91 455 330 501 ministerio
358 467 488 505 ,suum
529 453 689 509 aliquid
720 452 957 512 requirant.
985 451 1175 496 Lazarus
1214 463 1334 503 vero,

90 529 166 586 qui
210 527 345 572 modo
375 525 550 583 quidem
593 537 693 569 cum
739 523 923 568 Domino
969 524 1215 576 recumbit,
1260 525 1336 568 sed

90 598 306 658 quondam
331 604 548 650 mortuus,
574 605 618 641 et
639 597 958 654 quatriduanus
978 597 1024 640 in
1056 603 1337 641 monumento

18 703 25 716 .
91 671 276 723 fetebat,
317 672 504 716 novitios
533 670 731 727 designat
760 670 832 726 qui
858 670 912 713 ad
935 669 1010 713 Dei
1031 670 1078 713 in
1109 671 1196 714 vita
1219 682 1339 714 com⁴

21 736 24 793 f
90 746 210 791 muni
232 743 477 788 convivium
501 747 815 799 pervenerunt:
842 742 916 798 qui
942 743 1065 798 prius
1083 749 1224 787 tamen
1250 743 1338 799 spi-

90 817 302 865 ritualiter
320 807 523 861 exstincti
541 826 617 871 per
638 815 802 870 peccati
816 811 1146 860 delectationem
1159 827 1339 860 consen-

5 876 22 932 .⁷
90 901 188 937 sum
204 894 244 933 et
262 888 636 938 consuetudinem,
649 888 832 932 etveniae
845 887 1176 943 desperationen
1190 902 1336 933 coram

91 961 208 1015 Deo,
228 967 269 1006 et
302 961 549 1006 hominibus
577 973 650 1016 per
676 973 818 1016 pravae
854 961 953 1005 vitae
976 960 1196 1005 infamiam
1232 962 1339 1006 fete-

1 1045 19 1062 ·=
91 1036 218 1081 bant:
244 1034 318 1080 sed
338 1035 428 1091 J‘am
458 1046 483 1078 a
504 1033 689 1093 Domino
710 1035 985 1087 resuscitati,
1010 1041 1052 1079 et
1077 1036 1130 1079 ab
1151 1037 1246 1092 ejiis
1272 1037 1340 1080 di·-

90 1110 266 1171 scipulis
299 1108 427 1153 soluti
458 1107 511 1151 ad
536 1113 700 1150 tantam
738 1108 791 1152 ab
818 1109 914 1165 ipso
935 1107 1117 1153 Domino
1152 1110 1338 1166 dignita-

89 1191 172 1228 tem
196 1186 519 1238 promoventur,
547 1186 593 1223 ut
615 1193 713 1224 cum
738 1193 790 1243 eo
814 1181 1066 1226 recumbere
1089 1183 1207 1239 digni
1222 1185 1339 1235 judi-

1417 247 1540 286 rum,
1582 234 1636 278 de
1670 246 1755 292 qua
1790 236 2027 293 loquimur,
2058 241 2147 283 vita
2187 243 2413 290 exordium
2443 247 2663 303 sumpsit,

1415 304 1712 361 principaliter
1734 305 1924 351 fuerunt
1954 307 2167 366 Scriptum
2192 320 2257 357 est
2277 315 2391 358 enim
2415 313 2460 360 m
2485 318 2664 365 Actibus

1416 378 1754 433 apostolorum:
1809 378 2096 427 Multitudinis
2153 386 2408 431 credentium
2450 398 2544 434 erat
2590 406 2666 437 cor

1416 462 1545 492 unum
1560 457 1599 494 et
1629 451 1773 494 anima
1795 465 1880 496 una
1904 451 2014 511 (Act.
2037 468 2095 510 iv,
2118 457 2205 514 52).
2227 459 2338 504 Ecce
2359 463 2554 509 cordium
2573 467 2667 510 uni-

1413 528 1496 567 tas.
1524 523 1612 567 Nec
1644 536 1862 581 qnisquam
1895 540 2038 570 eorum
2058 544 2186 586 ,qua
2213 535 2478 590 possidebat,
2502 539 2665 596 aliquid

1416 608 1537 638 suum
1558 609 1646 639 esse
1679 596 1872 640 dicebat:
1902 599 1974 642 sed
2003 609 2122 644 erant
2146 603 2231 647 illis
2262 607 2401 650 omnia
2429 613 2666 656 communia

1417 666 1537 721 (ibid
1543 667 1575 724 ).
1594 668 1706 714 Ecce
1729 671 1975 716 communio
1999 677 2339 728 posscssionum.
2368 678 2426 724 De
2445 680 2513 725 his
2534 684 2666 728 etiam

1416 739 1584 785 duabus
1607 741 1842 787 virtutibus
1868 743 1986 799 ipsos
2005 745 2189 790 clericos
2221 749 2265 791 in
2287 748 2449 806 Regula
2472 753 2667 809 ipsorum

1417 809 1463 853 tt.
1505 809 1774 867 Augustinus
1814 813 2048 870 alloquitur
2083 816 2261 863 dicens:
2289 818 2391 863 ilafe
2425 831 2522 866 sum
2555 838 2663 882 quoe,

1418 890 1462 925 ut
1485 883 1722 937 observetis,
1749 888 2035 942 praecipimus,
2072 891 2114 932 in
2139 894 2391 936 monasterio
2431 898 2663 942 coustituti.

1419 956 1612 1001 Primum
1633 965 1801 1015 propter
1821 953 1932 1017 quod
1970 962 2012 1005 in
2037 976 2164 1006 unum
2197 966 2296 1008 estis
2333 971 2593 1025 cammunti,
2620 979 2666 1015 ut

1418 1035 1636 1079 unanimes
1659 1035 1854 1080 habitetis
1877 1037 1921 1079 in
1942 1035 2089 1088 domo,
2108 1047 2147 1082 et
2170 1045 2225 1082 sit
2249 1041 2360 1084 vobis
2384 1045 2526 1086 anima
2549 1059 2632 1090 nna
2651 1079 2664 1100 ‚

1419 1114 1458 1150 et
1480 1121 1551 1151 cor
1575 1121 1704 1151 unum
1718 1109 1762 1153 in
1779 1109 1890 1161 Deo,
1915 1118 1955 1153 et
1978 1124 2057 1154 non
2075 1112 2226 1155 dicatis
2246 1114 2404 1172 aliquid
2428 1120 2666 1175 proprium.-

1420 1181 1491 1224 sed
1515 1182 1599 1225 sint
1623 1181 1736 1226 vobis
1760 1184 1906 1226 omnia
1927 1187 2180 1230 communia.
2206 1185 2354 1244 ltaque
2379 1189 2431 1232 ad
2457 1191 2533 1236 has
2556 1194 2666 1238 duas

89 1262 268 1307 centur;
314 1265 394 1297 nec
408 1252 503 1308 jam
528 1252 707 1308 hospites
729 1259 770 1295 et
796 1252 962 1296 aduente
995 1254 1105 1306 sint,
1133 1255 1203 1297 sed
1234 1256 1336 1300 cives
1362 1257 1395 1301 B
1419 1252 1606 1297 virtutes
1628 1252 1912 1309 denotandas,
1938 1268 2032 1312 quae
2058 1257 2169 1301 inter
2190 1266 2369 1306 creteras
2390 1263 2560 1310 eunctis
2584 1279 2668 1311 eoe-

87 1334 330 1374 sanctorum
348 1359 359 1378 ‚
382 1333 420 1369 et
453 1325 671 1369 domestici
697 1325 774 1368 Dei
799 1325 967 1382 (Ephes.
994 1338 1050 1378 11,
1077 1325 1164 1384 19).
1204 1327 1337 1372 Mari-a

59 1411 259 1456 *quoque
280 1397 535 1442 claustrales
574 1396 818 1451 specialiter
846 1398 1069 1455 designat,
1099 1400 1173 1455 qui
1206 1412 1257 1444 eo
1282 1401 1337 1442 li-

87 1472 235 1517 berius
274 1471 354 1515 soli
377 1469 561 1514 Domino
593 1469 695 1514 Jesu
717 1463 874 1514 vacare
899 1475 1105 1527 possunt,
1130 1485 1216 1528 quo
1249 1474 1338 1529 ple-

87 1545 188 1590 nius
221 1556 245 1587 a
277 1544 453 1606 cunctis}
480 1555 627 1586 rerum
667 1550 938 1587 terrenarum
974 1544 1336 1591 sollicitudinibus

1 1655 5 1662 .
68 1620 402 1678 exspoliantur.
427 1611 560 1662 Valde
587 1619 815 1663 familiaris
837 1626 902 1664 est
925 1620 1007 1676 ipsi
1030 1620 1213 1666 Domino
1233 1622 1336 1668 Jesu

2 1714 5 1742 2
73 1692 250 1744 Maria,
291 1692 560 1749 multumque
598 1691 859 1747 propinqua.
896 1690 1107 1737 Omnibus
1143 1701 1259 1738 certe
1293 1696 1336 1739 in

87 1766 298 1811 Bethania
315 1765 653 1810 consistentibus
669 1763 924 1808 familiarior
939 1765 979 1810 ei
996 1772 1040 1811 et
1057 1769 1338 1824 propinquior

87 1847 170 1886 est.
200 1838 310 1883 Nam
331 1839 434 1883 licet
465 1839 503 1883 ei
534 1838 748 1881 miniStret
774 1837 968 1892 Martha;
991 1842 1215 1883 recumbat
1239 1854 1335 1885 cum

0 1931 9 1958 .‘
75 1926 141 1958 ,eo
179 1912 387 1964 Lazarus,
410 1924 491 1956 nec
531 1912 613 1956 iste
653 1915 819 1962 tamen,
844 1923 925 1955 nec
946 1911 1020 1955 illa
1046 1914 1183 1969 tangit
1220 1928 1333 1960 cum.

89 1988 190 2034 Sola
209 2001 309 2033 eum
331 1987 468 2044 tangit
488 1987 619 2049 414
636 1986 787 2030 Maria.
814 1985 968 2044 Tangit
993 1989 1109 2046 quod
1126 1990 1170 2033 in
1190 2004 1242 2034 eo
1267 1992 1335 2034 in-

90 2064 236 2110 fimum
261 2069 343 2114 est,
358 2061 411 2106 ad
435 2061 567 2119 pedes
583 2061 677 2117 ejus
695 2061 900 2104 inclinata
917 2094 928 2113 ‚
953 2068 1095 2106 erecta
1115 2063 1166 2106 ad
1189 2072 1333 2122 eaput,

91 2139 247 2193 accepit
283 2136 433 2181 libram
460 2135 584 2179 nardi
610 2135 747 2190 pistici
774 2136 945 2190 pretiosi
977 2134 1118 2193 (Ιοαη.
1155 2150 1215 2181 xu
1236 2170 1247 2190 ,
1273 2138 1333 2196 5).

90 2208 290 2266 Accepit,
317 2208 490 2264 inquam
508 2241 518 2261 ,
539 2207 640 2262 quia
658 2207 743 2251 nisi
765 2208 1006 2264 acciperet,
1026 2221 1115 2252 non
1141 2210 1339 2256 haberet.

91 2283 222 2327 Omne
249 2281 394 2324 datum
417 2281 637 2336 optimum,
655 2286 692 2323 et
717 2292 835 2323 omne
858 2273 1013 2324 donum
1034 2282 1259 2338 perfectum
1282 2284 1332 2328 de

87 2366 254 2398 sursum
268 2360 330 2397 est
343 2384 355 2405 ‚
375 2351 623 2396 descendens
641 2365 666 2394 a
688 2351 818 2396 Patre.
842 2353 1045 2395 luminum
1065 2353 1175 2410 (Jac.
1193 2369 1223 2406 1,
1242 2356 1326 2416 17).

85 2427 131 2471 ln
156 2427 282 2479 libra,
306 2425 529 2483 plenitudo
552 2424 762 2480 accipitur
785 2425 1086 2481 perfectionis;
1111 2428 1156 2471 in
1179 2429 1330 2482 nardo,

85 2499 192 2544 odor
213 2499 499 2557 cognitionis3
526 2498 568 2542 in
593 2498 748 2555 pistico
766 2498 933 2556 puritas
953 2500 1165 2544 veritatis.
1181 2500 1243 2546 Ex
1265 2503 1334 2548 liis

83 2573 226 2617 trihus
251 2571 385 2616 Maria
427 2571 606 2616 electam
638 2576 680 2615 et
700 2572 915 2628 egregiam
939 2572 1137 2626 conficit,
1153 2579 1195 2618 et
1214 2587 1325 2619 com·

78 2640 206 2706 ponit
228 2646 498 2699 unctionem
536 2647 636 2702 quia
676 2659 728 2691 ex
756 2647 908 2703 plena,
948 2653 990 2691 et
1023 2661 1124 2692 vera
1163 2648 1332 2696 Domini

83 2720 184 2766 lesu
210 2720 454 2777 cognitione
476 2731 651 2763 suavem
677 2719 719 2762 in
743 2719 947 2765 cordibus
969 2720 1061 2766 suis
1079 2722 1331 2768 claustrales

85 2794 336 2852 concipiunt
354 2794 643 2838 dilectionem.
667 2792 805 2848 Caput
834 2792 1002 2837 Domini
1024 2801 1065 2838 et
1089 2795 1220 2851 pedes
1250 2810 1319 2839 un-

41 2854 44 2857 *
82 2874 212 2926 gunt:
237 2867 340 2925 quia
363 2865 577 2924 geminam
602 2865 696 2921 ejus
719 2857 936 2918 naturam,
951 2867 1141 2911 divinam
1167 2870 1332 2914 scilicet

84 2947 126 2987 et
150 2942 383 2986 humanam
407 2938 610 2984 ardenter
632 2940 830 2996 diligunt.
859 2931 994 2996 Caput
1012 2942 1335 3004 namque-Chri-

85 3016 167 3068 sti,
193 3021 240 3059 ut
267 3014 327 3059 ait
351 3013 604 3071 Apostolus,
626 3011 737 3056 Deus
765 3012 805 3071 (Ι
826 3012 925 3058 Gor.
946 3026 977 3057 n
996 3047 1007 3066 ,
1035 3015 1094 3072 5).
1126 3015 1178 3058 Et
1201 3017 1331 3072 pedes

85 3089 180 3146 ejus
192 3085 423 3145 quid'aliud
436 3085 611 3142 designa
619 3093 662 3128 nt
680 3098 807 3142 quam
828 3085 1169 3131 incarnationem
1187 3101 1328 3141 suam,

84 3173 169 3219 qua
185 3155 350 3205 'nostrae
369 3159 646 3203 mortalitatis
671 3159 811 3215 tetigit
829 3161 1011 3204 terram!
1031 3158 1205 3205 Duobus
1222 3173 1331 3216 uuo-

83 3247 165 3292 que
190 3246 319 3290 super
342 3239 499 3277 terram
532 3237 726 3276 nostram
754 3231 936 3287 pedihus
959 3233 1195 3277 ambulavit
1218 3233 1327 3278 Pro-

4 3316 9 3362 ᾗ
36 3350 40 3355 .
83 3309 212 3365 pheta
236 3302 308 3351 ille
342 3311 495 3363 potens
529 3305 574 3348 in
596 3298 747 3362 opere,
782 3299 1046 3349 et'sermone
1068 3305 1188 3363 (Luc.
1209 3319 1325 3361 xxiv,

1418 1326 1578 1369 nobitis
1597 1327 1719 1371 valde
1740 1329 1998 1373 necessariae
2021 1336 2143 1383 sunt,
2165 1332 2244 1376 hos
2268 1333 2378 1379 duos
2395 1336 2668 1392 depinximus

1414 1400 1608 1455 madiis,
1645 1405 1692 1443 ut
1732 1401 1878 1446 nullus
1916 1414 2091 1457 eorum,
2116 1405 2189 1461 qui
2229 1407 2356 1451 vitam
2394 1422 2667 1458 communem

1418 1472 1606 1529 professi
1648 1481 1771 1528 sunt,
1799 1475 1903 1519 velit
1935 1476 1989 1518 ab
2015 1477 2150 1520 altero
2174 1491 2251 1533 per
2282 1479 2543 1528 discordiam
2578 1485 2669 1530 dis·-

1418 1543 1559 1589 sidere
1579 1550 1603 1596 ,'
1628 1546 1694 1589 vel
1728 1546 1964 1602 quidquam
2004 1550 2229 1605 proprium
2260 1561 2492 1608 praesumat
2523 1560 2667 1614 possi-

1417 1617 1534 1662 dere.

1473 1689 1712 1735 cxxxvii.
1750 1691 1849 1736 Haec
1871 1693 1924 1736 de
1945 1700 2111 1756 quarto*
2135 1704 2294 1742 sanctae
2324 1696 2527 1746 Ecclesia.⁸
2551 1708 2668 1749 statu

1418 1763 1583 1818 prolixe
1601 1763 1773 1820 quidem
1789 1779 1800 1818 ;
1819 1766 1895 1809 sed
1914 1764 2102 1811 fortasse
2120 1780 2208 1812 non
2232 1769 2441 1815 inutiliter
2460 1773 2663 1820 diximus.

1418 1835 1604 1888 Quintus
1643 1849 1817 1894 qaoque
1853 1839 2046 1894 ejusdem
2080 1849 2240 1886 sanctae
2285 1842 2487 1888 Ecclesiae
2526 1852 2666 1893 status

1418 1909 1471 1952 ad
1492 1910 1808 1967 professionem
1839 1914 2025 1970 pertinet
2056 1915 2415 1961 anachoretarum
2440 1918 2663 1975 ipsorum3

1417 1983 1518 2039 quia
1556 1984 1774 2041 professio
1817 1991 1996 2042 propter
2036 1995 2249 2032 secretam
2295 1995 2338 2034 et
2395 1992 2663 2047 solitariam,

1416 2067 1544 2111 quam
1565 2062 1786 2107 exercent,
1811 2058 2187 2103 conversationem
2213 2060 2344 2104 etiam
2373 2063 2566 2108 interiori
2599 2071 2666 2110 ta-

1416 2129 1637 2172 bernaculi
1676 2131 1800 2184 loco;
1827 2132 1900 2188 qui
1938 2130 2095 2176 Sancta
2122 2142 2370 2179 sanctorum
2408 2139 2663 2194 appellatur,

1415 2211 1501 2243 non
1539 2201 1779 2258 incongrue
1812 2203 2095 2248 assimilatur.
2135 2204 2196 2250 De
2222 2205 2393 2252 Sanctis
2418 2209 2472 2252 ad
2507 2209 2666 2256 Sancta

1416 2279 1665 2317 sanctorum
1692 2274 1884 2331 pontifex
1906 2288 2102 2322 summus
2127 2280 2273 2323 venire
2296 2282 2545 2337 consuevit3
2565 2285 2664 2341 quia

1413 2347 1639 2391 exstinctis
1677 2349 1801 2405 prius·
1827 2350 1946 2409 vitiis
1982 2351 2155 2403 carnis,
2200 2353 2360 2398 sedatis
2387 2358 2665 2404 tumultuosis

1414 2420 1603 2463 motibus
1625 2422 1800 2474 mentis,
1825 2423 1877 2467 de
1910 2424 2175 2481 perfectione
2208 2427 2305 2471 vitae
2334 2430 2585 2477 coenobialis
2609 2433 2666 2478 ad

1413 2492 1627 2538 secretam
1680 2496 1998 2541 anachoreticae
2048 2501 2391 2547 conversationis
2431 2503 2662 2559 puritatem

1412 2567 1552 2627 sancti
1567 2568 1657 2623 jam
1682 2568 1844 2613 dudum
1873 2569 2024 2614 Patres
2053 2573 2299 2628 pertingere
2320 2576 2535 2621 solebant.
2561 2577 2664 2631 Quae

1412 2641 1618 2685 nimirum
1653 2647 1836 2695 secreta,
1861 2649 1904 2688 et
1937 2644 2130 2689 solitaria
2166 2647 2523 2693 anachoretarum
2558 2665 2664 2696 con-

1411 2713 1601 2757 versatio
1615 2714 1719 2770 quid
1754 2715 1895 2768 aliud,
1922 2728 2050 2772 quam
2075 2718 2291 2763 thalamus
2310 2721 2482 2776 quidam
2519 2730 2664 2779 potest

1412 2786 1641 2841 appellari!
1662 2786 1791 2831 Juxta
1815 2788 1929 2833 hanc
1950 2802 2052 2833 vero
2071 2782 2303 2836 dictionem
2322 2825 2333 2846 ‚
2355 2795 2556 2841 videlicet
2574 2799 2665 2842 tha-

1410 2858 1565 2911 lamus,
1593 2864 1681 2904 tres
1705 2861 1865 2916 gradus
1897 2863 2030 2918 positi
2056 2870 2158 2906 sunt
2183 2865 2234 2907 ad
2264 2866 2474 2921 triplicem
2507 2882 2660 2926 quam-

1410 2931 1508 2975 dam
1535 2934 1811 2978 solitudinem
1833 2935 2113 2989 innuendam‚
2133 2950 2227 2993 quae
2246 2941 2519 2986 anachoretis
2539 2944 2662 2990 valde

1410 3009 1658 3051 necessaria
1685 3013 1752 3052 cst
1777 3023 1788 3051 :
1820 3008 2100 3053 solitudinem
2131 3011 2332 3055 videlicet
2369 3013 2475 3066 ioci,
2500 3017 2662 3059 *solitu-

1410 3081 1553 3126 dinem
1583 3082 1772 3138 negotii,
1809 3083 2086 3127 solitudinem
2120 3084 2267 3128 animi.
2295 3084 2440 3130 Prima
2472 3090 2658 3134 solitudo

1410 3156 1632 3199 hominum
1664 3155 1771 3212 fugit
1788 3156 2131 3209 multitudinem;
2155 3158 2360 3212 secunda,
2382 3166 2654 3206 terrenorum

1408 3229 1596 3289 declinat
1627 3229 1985 3283 sollicitudinem3
2023 3231 2147 3273 tertia
2183 3244 2284 3276 vero
2307 3233 2455 3278 cordis
2494 3235 2655 3279 devitat

1409 3289 1721 3358 evagationem.
1762 3301 1907 3345 Prima
1957 3303 2087 3347 etiam
2128 3305 2435 3350 tumultuosam
2482 3310 2656 3363 expellit

85 3381 172 3439 19),
197 3380 394 3425 doctrina
417 3379 610 3431 scilicet,
636 3383 679 3422 et
701 3379 976 3435 operatione:
1000 3379 1100 3435 quia
1124 3385 1166 3424 et
1190 3380 1291 3424 fecit
1312 3414 1323 3433 ‚
1351 3395 1387 3441 υ
1408 3376 1732 3428 curiositatem;
1778 3376 1968 3420 secunda
2004 3377 2160 3422 mentis
2193 3377 2333 3422 aufert
2370 3382 2652 3436 auxietatem

84 3459 126 3498 et
151 3452 573 3498 docuit.‘PuIchrum
597 3451 770 3508 quidem
792 3451 961 3495 videtur
984 3448 1128 3496 Mariae
1148 3460 1324 3505 nostrae,

83 3528 223 3583 ipsum
259 3525 405 3570 videre
428 3529 704 3581 operantem;
735 3524 860 3568 dulce
884 3524 1162 3568 nihilominus
1187 3525 1327 3581 ipsum

85 3601 235 3645 audire
273 3600 519 3655 loquentem
541 3614 549 3641 :
577 3605 624 3640 ut
647 3597 783 3654 ipsius
807 3610 952 3641 secum
978 3597 1136 3640 haheat
1156 3605 1199 3641 et
1227 3610 1328 3655 ope-

84 3674 295 3717 rationem
320 3673 371 3715 ad
395 3671 706 3720 imitationem,
733 3676 775 3714 et
806 3671 1064 3714 locutionem
1089 3671 1140 3714 ad
1172 3684 1330 3716 conso-

84 3747 284 3790 lationem
318 3750 448 3802 atque
485 3745 830 3788 instructionem.
858 3743 967 3787 Sunt
991 3744 1137 3800 itaque
1166 3745 1211 3788 hi
1239 3751 1328 3790 tres

84 3819 258 3863 ordines
281 3819 453 3864 domum
470 3818 598 3862 istam
617 3817 976 3861 inhabitantium:
999 3817 1103 3861 ordo
1125 3818 1328 3863 ohedien-

83 3892 307 3938 tiariorum
319 3926 330 3946 ,
346 3893 452 3936 ordo
465 3892 744 3942 novitiorum,
761 3891 868 3935 ordo
879 3891 1190 3936 claustralium.
1209 3892 1325 3945 Quos

83 3966 280 4011 videlicet
295 3965 575 4010 tres'ordines
597 3964 668 4008 isti
692 3969 780 4008 tres
804 3963 962 4020 gradus
981 3963 1166 4007 innuunt
1181 3998 1192 4017 ‚
1217 3977 1326 4020 quos

85 4039 129 4082 in
163 4043 314 4084 sancta
331 4069 342 4088 ‚
368 4038 493 4093 Juxta
516 4037 629 4080 hanc
646 4035 877 4080 dictionem
902 4036 1049 4080 domus
1082 4039 1323 4093 posuimus,

86 4109 199 4154 Sunt.
229 4116 371 4154 autem
412 4109 553 4154 adhuc
577 4109 664 4153 duo
681 4163 682 4166 Ἰ
699 4109 772 4152 alii
794 4122 844 4154 ex
871 4110 1007 4152 altera
1043 4109 1235 4164 ejusdem
1261 4111 1329 4154 di-

85 4183 239 4227 ctionis
264 4188 386 4239 parte
405 4182 536 4239 positi
557 4182 749 4239 gradus:
773 4183 875 4240 quia
899 4183 1012 4226 inter
1034 4183 1215 4228 virtutes
1243 4196 1328 4228 cae-

84 4260 201 4298 teras
225 4256 319 4298 duae
342 4260 470 4306 sunt,
487 4267 594 4310 iqua:
609 4246 778 4299 cunctis
797 4256 1017 4299 communi
1037 4256 1123 4300 vita
1149 4257 1328 4302 viventi—

85 4326 166 4370 bus
207 4327 328 4370 valde
371 4333 472 4370 sunt
512 4327 794 4371 necessariae:
840 4327 1088 4372 communio
1129 4328 1327 4372 videlicet

86 4401 423 4455 possessionum.
444 4406 486 4445 et
503 4401 647 4446 unitas
669 4400 928 4445 animorum.
943 4399 1017 4445 11ae
1034 4399 1204 4458 quidem
1229 4400 1324 4446 duae

1409 3449 1536 3492 tertia
1577 3461 1748 3505 quoque
1794 3450 2142 3505 phantasmatum
2192 3451 2448 3495 irruentium
2495 3453 2652 3497 fredam

1409 3523 1601 3566 exinanit
1623 3523 1872 3567 vanitatem„
1900 3522 2010 3566 Sunt
2034 3524 2179 3579 itaque
2215 3525 2254 3566 lii
2281 3526 2470 3581 quinque
2494 3535 2654 3571 sanctie

1409 3594 1634 3646 Ecclesiae,
1660 3607 1754 3651 quae
1783 3602 1880 3651 post
1912 3595 2211 3640 ascensionem
2235 3596 2403 3642 Domini
2441 3600 2493 3642 ad
2526 3599 2649 3643 fidem

1407 3674 1560 3712 vocata
1599 3675 1687 3719 est,
1715 3674 1875 3723 status3
1919 3669 1991 3725 qui
2026 3682 2104 3725 per
2132 3671 2223 3715 haec
2246 3671 2434 3728 quinque
2471 3674 2651 3728 picturae

1407 3747 1567 3785 nostrae
1585 3742 1724 3796 spatia
1750 3741 1832 3784 hoc
1855 3740 1983 3785 modo
2011 3742 2229 3799 designari
2252 3751 2451 3800 possunt.
2478 3745 2650 3791 Primus

1406 3820 1547 3858 status
1569 3814 1650 3862 suit
1681 3814 1726 3856 in
1747 3814 2050 3868 persecutione
2072 3821 2307 3872 martyrum
2324 3848 2335 3867 ‚
2360 3818 2577 3862 secundus
2604 3819 2648 3862 in

1405 3887 1688 3932 conversione
1720 3886 1990 3942 principum,
2023 3887 2181 3930 tertius
2215 3887 2257 3930 in
2294 3889 2649 3943 multiplicatione

1405 3961 1751 4006 Christianorum
1768 3992 1779 4013 ‚
1801 3966 1983 4016 quartus
2007 3961 2051 4009 in
2076 3962 2378 4006 communione
2405 3963 2647 4006 coenobita·

1406 4048 1524 4086 rum,
1563 4035 1741 4091 quintus
1780 4034 1824 4077 in
1856 4034 2154 4089 singularitate
2184 4035 2560 4079 anachoretarum.
2595 4035 2648 4078 Et

1405 4109 1569 4164 primus
1589 4108 1714 4164 quasi
1737 4119 1861 4164 ager,
1887 4106 1968 4150 fuit
1987 4107 2205 4153 secundus
2220 4112 2266 4150 ut
2285 4107 2437 4150 hortus
2455 4139 2466 4159 ,
2491 4108 2645 4151 tertius

1403 4177 1520 4226 velut
1549 4181 1707 4226 atrium
1727 4213 1738 4232 ‚
1779 4185 1961 4237 quartus
1996 4180 2107 4224 sicut
2131 4175 2284 4224 domus
2307 4213 2317 4231 ‚
2343 4181 2518 4236 quintus
2547 4185 2645 4223 tan-

1404 4268 1533 4312 quam
1558 4256 1788 4299 thalamus.
1813 4253 1860 4297 ln
1879 4266 1981 4310 agro
1997 4255 2121 4298 bonae
2144 4254 2326 4299 simulet
2357 4254 2477 4295 malae
2502 4253 2646 4296 herbae

1404 4330 1599 4380 fuerunt,
1620 4328 1664 4370 in
1682 4328 1808 4371 horto
1829 4327 1971 4371 herbae
1989 4326 2150 4377 electae,
2171 4327 2215 4369 in
2229 4326 2338 4368 ati-io
2358 4324 2589 4367 familiares
2601 4330 2644 4368 et

1408 4401 1536 4445 amici
1593 4401 1636 4444 in
1666 4399 1804 4444 “domo
1839 4405 2040 4457 parentes
2071 4405 2113 4444 et
2146 4400 2342 4457 cognati.
2376 4399 2419 4441 in
2454 4396 2643 4441 thalamo
