<?xml version="1.0" encoding="UTF-8"?>
<!DOCTYPE html PUBLIC "-//W3C//DTD XHTML 1.0 Transitional//EN"
    "http://www.w3.org/TR/xhtml1/DTD/xhtml1-transitional.dtd">
<html xmlns="http://www.w3.org/1999/xhtml" xml:lang="en" lang="en">
 <head>
  <title>
</title>
<meta http-equiv="Content-Type" content="text/html;charset=utf-8" />
  <meta name='ocr-system' content='tesseract 3.04.00' />
  <meta name='ocr-capabilities' content='ocr_page ocr_carea ocr_par ocr_line ocrx_word'/>
</head>
<body>
  <div class='ocr_page' id='page_1' title='image "./patrologiaecursu00hammuoft_0651.png"; bbox 0 0 2924 4588; ppageno 0'>
   <div class='ocr_carea' id='block_1_1' title="bbox 0 84 264 156">
    <p class='ocr_par' dir='ltr' id='par_1_1' title="bbox 0 84 264 156">
     <span class='ocr_line' id='line_1_1' title="bbox 0 84 264 156; baseline -0.011 0"><span class='ocrx_word' id='word_1_1' title='bbox 0 84 4 91; x_wconf 69' lang='grc'>’</span> <span class='ocrx_word' id='word_1_2' title='bbox 127 107 264 156; x_wconf 74' lang='lat' dir='ltr'><strong>iasa.</strong></span> 
     </span>
    </p>
   </div>
   <div class='ocr_carea' id='block_1_2' title="bbox 0 0 94 4588">
    <p class='ocr_par' dir='ltr' id='par_1_2' title="bbox 0 0 94 4588">
     <span class='ocr_line' id='line_1_2' title="bbox 0 0 94 4588; baseline 0 0"><span class='ocrx_word' id='word_1_3' title='bbox 0 0 94 4588; x_wconf 95' lang='lat' dir='ltr'><strong> </strong></span> 
     </span>
    </p>
   </div>
   <div class='ocr_carea' id='block_1_3' title="bbox 787 97 2032 160">
    <p class='ocr_par' dir='ltr' id='par_1_3' title="bbox 787 97 2032 160">
     <span class='ocr_line' id='line_1_3' title="bbox 787 97 2032 160; baseline 0.007 -16"><span class='ocrx_word' id='word_1_4' title='bbox 787 97 1044 160; x_wconf 69' lang='lat' dir='ltr'><strong>fltsTomA</strong></span> <span class='ocrx_word' id='word_1_5' title='bbox 1077 97 1473 145; x_wconf 54' lang='lat' dir='ltr'><strong>scttoLASthAt</strong></span> <span class='ocrx_word' id='word_1_6' title='bbox 1503 122 1559 134; x_wconf 85' lang='lat'><strong>—-</strong></span> <span class='ocrx_word' id='word_1_7' title='bbox 1593 100 1750 145; x_wconf 71' lang='lat' dir='ltr'><strong>uum</strong></span> <span class='ocrx_word' id='word_1_8' title='bbox 1779 101 2032 158; x_wconf 69' lang='lat' dir='ltr'><strong>tumenti,</strong></span> 
     </span>
    </p>
   </div>
   <div class='ocr_carea' id='block_1_4' title="bbox 2576 110 2686 156">
    <p class='ocr_par' dir='ltr' id='par_1_4' title="bbox 2576 110 2686 156">
     <span class='ocr_line' id='line_1_4' title="bbox 2576 110 2686 156; baseline 0.027 -3"><span class='ocrx_word' id='word_1_9' title='bbox 2576 110 2686 156; x_wconf 75' lang='lat'><strong>{29⁰</strong></span> 
     </span>
    </p>
   </div>
   <div class='ocr_carea' id='block_1_5' title="bbox 126 188 2684 254">
    <p class='ocr_par' dir='ltr' id='par_1_5' title="bbox 126 188 2684 254">
     <span class='ocr_line' id='line_1_5' title="bbox 126 188 2684 254; baseline -0.001 -10"><span class='ocrx_word' id='word_1_10' title='bbox 126 200 242 245; x_wconf 78' lang='lat' dir='ltr'><strong>sores</strong></span> <span class='ocrx_word' id='word_1_11' title='bbox 266 194 546 254; x_wconf 71' lang='lat' dir='ltr'>apprehendit</span> <span class='ocrx_word' id='word_1_12' title='bbox 569 205 667 236; x_wconf 81' lang='lat' dir='ltr'><strong>cum</strong></span> <span class='ocrx_word' id='word_1_13' title='bbox 702 189 900 247; x_wconf 82' lang='lat' dir='ltr'><strong>postibus</strong></span> <span class='ocrx_word' id='word_1_14' title='bbox 925 190 1034 242; x_wconf 80' lang='lat' dir='ltr'><strong>suis,</strong></span> <span class='ocrx_word' id='word_1_15' title='bbox 1051 195 1095 233; x_wconf 91' lang='lat' dir='ltr'><strong>et</strong></span> <span class='ocrx_word' id='word_1_16' title='bbox 1119 201 1231 242; x_wconf 81' lang='lat' dir='ltr'><strong>sera,</strong></span> <span class='ocrx_word' id='word_1_17' title='bbox 1257 195 1299 233; x_wconf 86' lang='lat' dir='ltr'><strong>ct</strong></span> <span class='ocrx_word' id='word_1_18' title='bbox 1319 188 1364 233; x_wconf 84' lang='lat' dir='ltr'><strong>in</strong></span> <span class='ocrx_word' id='word_1_19' title='bbox 1388 191 1427 236; x_wconf 79' lang='grc' dir='ltr'><strong>Δ</strong></span> <span class='ocrx_word' id='word_1_20' title='bbox 1446 189 1678 246; x_wconf 71' lang='lat' dir='ltr'>nonaginta</span> <span class='ocrx_word' id='word_1_21' title='bbox 1701 204 1871 246; x_wconf 87' lang='lat' dir='ltr'><strong>novem,</strong></span> <span class='ocrx_word' id='word_1_22' title='bbox 1895 199 1938 238; x_wconf 94' lang='lat' dir='ltr'><strong>et</strong></span> <span class='ocrx_word' id='word_1_23' title='bbox 1961 194 2129 252; x_wconf 69' lang='lat' dir='ltr'><strong>judices</strong></span> <span class='ocrx_word' id='word_1_24' title='bbox 2151 194 2373 239; x_wconf 78' lang='lat' dir='ltr'>duodecim</span> <span class='ocrx_word' id='word_1_25' title='bbox 2399 204 2551 251; x_wconf 84' lang='lat' dir='ltr'><strong>praeter</strong></span> <span class='ocrx_word' id='word_1_26' title='bbox 2575 199 2684 245; x_wconf 84' lang='lat' dir='ltr'><strong>San-</strong></span> 
     </span>
    </p>
   </div>
   <div class='ocr_carea' id='block_1_6' title="bbox 123 261 1368 400">
    <p class='ocr_par' dir='ltr' id='par_1_6' title="bbox 123 261 1368 400">
     <span class='ocr_line' id='line_1_6' title="bbox 124 261 1368 323; baseline -0.01 -6"><span class='ocrx_word' id='word_1_27' title='bbox 124 271 318 317; x_wconf 82' lang='lat' dir='ltr'><strong>humeris</strong></span> <span class='ocrx_word' id='word_1_28' title='bbox 366 266 460 311; x_wconf 84' lang='lat' dir='ltr'><strong>suis</strong></span> <span class='ocrx_word' id='word_1_29' title='bbox 507 265 694 322; x_wconf 76' lang='lat' dir='ltr'><strong>portavit</strong></span> <span class='ocrx_word' id='word_1_30' title='bbox 735 262 781 306; x_wconf 88' lang='lat' dir='ltr'><strong>in</strong></span> <span class='ocrx_word' id='word_1_31' title='bbox 822 262 1029 306; x_wconf 82' lang='lat' dir='ltr'><strong>verticem</strong></span> <span class='ocrx_word' id='word_1_32' title='bbox 1067 261 1245 314; x_wconf 87' lang='lat' dir='ltr'><strong>montis,</strong></span> <span class='ocrx_word' id='word_1_33' title='bbox 1294 261 1368 323; x_wconf 82' lang='lat' dir='ltr'><strong>qui</strong></span> 
     </span>
     <span class='ocr_line' id='line_1_7' title="bbox 123 340 516 400; baseline -0.025 -10"><span class='ocrx_word' id='word_1_34' title='bbox 123 342 302 400; x_wconf 78' lang='lat' dir='ltr'><strong>respicit</strong></span> <span class='ocrx_word' id='word_1_35' title='bbox 325 340 516 384; x_wconf 76' lang='lat' dir='ltr'><strong>nebron.</strong></span> 
     </span>
    </p>
   </div>
   <div class='ocr_carea' id='block_1_7' title="bbox 0 392 1367 465">
    <p class='ocr_par' dir='ltr' id='par_1_7' title="bbox 0 392 1367 465">
     <span class='ocr_line' id='line_1_8' title="bbox 0 392 1367 465; baseline -0.015 0"><span class='ocrx_word' id='word_1_36' title='bbox 0 392 4 408; x_wconf 54' lang='grc' dir='ltr'>Ι</span> <span class='ocrx_word' id='word_1_37' title='bbox 72 413 79 417; x_wconf 71' lang='grc'><strong><em>’</em></strong></span> <span class='ocrx_word' id='word_1_38' title='bbox 120 416 228 463; x_wconf 67' lang='lat' dir='ltr'><strong>cn.</strong></span> <span class='ocrx_word' id='word_1_39' title='bbox 257 412 370 459; x_wconf 82' lang='lat' dir='ltr'><strong>xlx.</strong></span> <span class='ocrx_word' id='word_1_40' title='bbox 401 407 618 465; x_wconf 79' lang='lat' dir='ltr'><em>Quomodo</em></span> <span class='ocrx_word' id='word_1_41' title='bbox 653 405 820 450; x_wconf 81' lang='lat' dir='ltr'><strong>tandem</strong></span> <span class='ocrx_word' id='word_1_42' title='bbox 850 403 1043 461; x_wconf 71' lang='lat' dir='ltr'><strong>deceptus</strong></span> <span class='ocrx_word' id='word_1_43' title='bbox 1066 403 1151 460; x_wconf 75' lang='lat' dir='ltr'><strong>suit</strong></span> <span class='ocrx_word' id='word_1_44' title='bbox 1170 401 1367 447; x_wconf 73' lang='lat' dir='ltr'><strong>Samson.</strong></span> 
     </span>
    </p>
   </div>
   <div class='ocr_carea' id='block_1_8' title="bbox 82 475 1371 1269">
    <p class='ocr_par' dir='ltr' id='par_1_8' title="bbox 82 475 1371 1269">
     <span class='ocr_line' id='line_1_9' title="bbox 178 475 1371 534; baseline -0.013 0"><span class='ocrx_word' id='word_1_45' title='bbox 178 489 284 534; x_wconf 82' lang='lat' dir='ltr'><strong>Post</strong></span> <span class='ocrx_word' id='word_1_46' title='bbox 326 487 418 530; x_wconf 80' lang='lat' dir='ltr'><strong>haec</strong></span> <span class='ocrx_word' id='word_1_47' title='bbox 457 482 618 527; x_wconf 83' lang='lat' dir='ltr'><strong>amavit</strong></span> <span class='ocrx_word' id='word_1_48' title='bbox 661 480 860 528; x_wconf 74' lang='lat' dir='ltr'><strong>Damam,</strong></span> <span class='ocrx_word' id='word_1_49' title='bbox 899 489 996 533; x_wconf 75' lang='lat' dir='ltr'><strong>quae</strong></span> <span class='ocrx_word' id='word_1_50' title='bbox 1029 482 1123 521; x_wconf 86' lang='lat' dir='ltr'><strong>erat</strong></span> <span class='ocrx_word' id='word_1_51' title='bbox 1155 475 1199 519; x_wconf 91' lang='lat' dir='ltr'><strong>in</strong></span> <span class='ocrx_word' id='word_1_52' title='bbox 1222 481 1371 524; x_wconf 86' lang='lat' dir='ltr'><strong>monte</strong></span> 
     </span>
     <span class='ocr_line' id='line_1_10' title="bbox 125 547 1369 614; baseline -0.014 -9"><span class='ocrx_word' id='word_1_53' title='bbox 125 559 260 605; x_wconf 71' lang='lat' dir='ltr'><strong>Sorec</strong></span> <span class='ocrx_word' id='word_1_54' title='bbox 294 555 456 614; x_wconf 69' lang='lat' dir='ltr'><strong>(ludio.</strong></span> <span class='ocrx_word' id='word_1_55' title='bbox 479 553 587 610; x_wconf 79' lang='lat' dir='ltr'><strong>xvi).</strong></span> <span class='ocrx_word' id='word_1_56' title='bbox 612 551 666 595; x_wconf 88' lang='lat' dir='ltr'><strong>Et</strong></span> <span class='ocrx_word' id='word_1_57' title='bbox 696 557 762 596; x_wconf 82' lang='lat' dir='ltr'><strong>est</strong></span> <span class='ocrx_word' id='word_1_58' title='bbox 792 548 925 593; x_wconf 90' lang='lat' dir='ltr'><strong>Sorec</strong></span> <span class='ocrx_word' id='word_1_59' title='bbox 958 550 1098 598; x_wconf 90' lang='lat' dir='ltr'><strong>locus,</strong></span> <span class='ocrx_word' id='word_1_60' title='bbox 1131 547 1198 591; x_wconf 79' lang='lat' dir='ltr'><strong>vel</strong></span> <span class='ocrx_word' id='word_1_61' title='bbox 1232 556 1369 602; x_wconf 84' lang='lat' dir='ltr'><strong>genus</strong></span> 
     </span>
     <span class='ocr_line' id='line_1_11' title="bbox 110 619 1370 680; baseline -0.013 -3"><span class='ocrx_word' id='word_1_62' title='bbox 110 634 241 677; x_wconf 68' lang='lat' dir='ltr'><strong>&#39;vitis</strong></span> <span class='ocrx_word' id='word_1_63' title='bbox 267 630 321 674; x_wconf 88' lang='lat' dir='ltr'><strong>Et</strong></span> <span class='ocrx_word' id='word_1_64' title='bbox 343 631 554 673; x_wconf 74' lang='lat' dir='ltr'><strong>vener-int</strong></span> <span class='ocrx_word' id='word_1_65' title='bbox 589 625 643 669; x_wconf 86' lang='lat' dir='ltr'><strong>ad</strong></span> <span class='ocrx_word' id='word_1_66' title='bbox 665 635 761 668; x_wconf 90' lang='lat' dir='ltr'><strong>eam</strong></span> <span class='ocrx_word' id='word_1_67' title='bbox 789 623 982 680; x_wconf 89' lang='lat' dir='ltr'><strong>quinque</strong></span> <span class='ocrx_word' id='word_1_68' title='bbox 1007 619 1217 676; x_wconf 85' lang='lat' dir='ltr'><strong>Satrapae‚</strong></span> <span class='ocrx_word' id='word_1_69' title='bbox 1237 619 1279 662; x_wconf 91' lang='lat' dir='ltr'><strong>id</strong></span> <span class='ocrx_word' id='word_1_70' title='bbox 1303 626 1370 662; x_wconf 91' lang='lat' dir='ltr'><strong>est</strong></span> 
     </span>
     <span class='ocr_line' id='line_1_12' title="bbox 124 691 1370 751; baseline -0.014 0"><span class='ocrx_word' id='word_1_71' title='bbox 124 705 360 751; x_wconf 80' lang='lat' dir='ltr'><strong>nobiliores</strong></span> <span class='ocrx_word' id='word_1_72' title='bbox 386 699 767 749; x_wconf 80' lang='lat' dir='ltr'><strong>Philisthinorum‚</strong></span> <span class='ocrx_word' id='word_1_73' title='bbox 791 696 986 740; x_wconf 84' lang='lat' dir='ltr'><strong>dicentes</strong></span> <span class='ocrx_word' id='word_1_74' title='bbox 1011 707 1024 738; x_wconf 75' lang='lat' dir='ltr'><strong>t</strong></span> <span class='ocrx_word' id='word_1_75' title='bbox 1048 707 1063 734; x_wconf 71' lang='grc' dir='ltr'>ι</span> <span class='ocrx_word' id='word_1_76' title='bbox 1091 691 1219 736; x_wconf 89' lang='lat' dir='ltr'><strong>Disce</strong></span> <span class='ocrx_word' id='word_1_77' title='bbox 1241 692 1296 735; x_wconf 88' lang='lat' dir='ltr'><strong>ab</strong></span> <span class='ocrx_word' id='word_1_78' title='bbox 1318 704 1370 735; x_wconf 86' lang='lat' dir='ltr'><strong>eo</strong></span> 
     </span>
     <span class='ocr_line' id='line_1_13' title="bbox 123 766 1368 835; baseline -0.014 -12"><span class='ocrx_word' id='word_1_79' title='bbox 123 780 168 823; x_wconf 90' lang='lat' dir='ltr'><strong>in</strong></span> <span class='ocrx_word' id='word_1_80' title='bbox 201 788 287 835; x_wconf 87' lang='lat' dir='ltr'><strong>quo</strong></span> <span class='ocrx_word' id='word_1_81' title='bbox 331 775 487 818; x_wconf 85' lang='lat' dir='ltr'><strong>habeat</strong></span> <span class='ocrx_word' id='word_1_82' title='bbox 522 772 656 822; x_wconf 76' lang='lat' dir='ltr'><strong>vires,</strong></span> <span class='ocrx_word' id='word_1_83' title='bbox 686 775 739 814; x_wconf 80' lang='lat' dir='ltr'><strong>et</strong></span> <span class='ocrx_word' id='word_1_84' title='bbox 770 766 989 826; x_wconf 85' lang='lat' dir='ltr'><strong>quomodo</strong></span> <span class='ocrx_word' id='word_1_85' title='bbox 1018 766 1239 810; x_wconf 82' lang='lat' dir='ltr'><strong>valeamus</strong></span> <span class='ocrx_word' id='word_1_86' title='bbox 1271 776 1368 808; x_wconf 88' lang='lat' dir='ltr'><strong>eum</strong></span> 
     </span>
     <span class='ocr_line' id='line_1_14' title="bbox 122 836 1370 901; baseline -0.01 -9"><span class='ocrx_word' id='word_1_87' title='bbox 122 848 316 892; x_wconf 76' lang='lat' dir='ltr'><strong>vinctum</strong></span> <span class='ocrx_word' id='word_1_88' title='bbox 337 845 538 901; x_wconf 76' lang='lat' dir='ltr'><strong>affligere,</strong></span> <span class='ocrx_word' id='word_1_89' title='bbox 564 847 608 885; x_wconf 86' lang='lat' dir='ltr'><strong>et</strong></span> <span class='ocrx_word' id='word_1_90' title='bbox 640 841 842 886; x_wconf 78' lang='lat' dir='ltr'><strong>dabimus</strong></span> <span class='ocrx_word' id='word_1_91' title='bbox 878 838 955 882; x_wconf 89' lang='lat' dir='ltr'><strong>tibi</strong></span> <span class='ocrx_word' id='word_1_92' title='bbox 988 837 1146 893; x_wconf 79' lang='lat' dir='ltr'><strong>singuli</strong></span> <span class='ocrx_word' id='word_1_93' title='bbox 1178 836 1295 879; x_wconf 90' lang='lat' dir='ltr'><strong>mille</strong></span> <span class='ocrx_word' id='word_1_94' title='bbox 1327 841 1370 879; x_wconf 87' lang='lat' dir='ltr'><strong>et</strong></span> 
     </span>
     <span class='ocr_line' id='line_1_15' title="bbox 123 909 1371 974; baseline -0.012 -8"><span class='ocrx_word' id='word_1_95' title='bbox 123 928 296 966; x_wconf 87' lang='lat' dir='ltr'><strong>centum</strong></span> <span class='ocrx_word' id='word_1_96' title='bbox 323 917 591 974; x_wconf 79' lang='lat' dir='ltr'><strong>argenteos*;</strong></span> <span class='ocrx_word' id='word_1_97' title='bbox 617 929 632 956; x_wconf 83' lang='lat'><strong>»</strong></span> <span class='ocrx_word' id='word_1_98' title='bbox 655 914 771 969; x_wconf 89' lang='lat' dir='ltr'><strong>quod</strong></span> <span class='ocrx_word' id='word_1_99' title='bbox 788 917 854 956; x_wconf 87' lang='lat' dir='ltr'><strong>est</strong></span> <span class='ocrx_word' id='word_1_100' title='bbox 871 910 1063 967; x_wconf 84' lang='lat' dir='ltr'><strong>quinque</strong></span> <span class='ocrx_word' id='word_1_101' title='bbox 1086 909 1222 951; x_wconf 87' lang='lat' dir='ltr'><strong>millia</strong></span> <span class='ocrx_word' id='word_1_102' title='bbox 1243 909 1371 964; x_wconf 89' lang='lat' dir='ltr'><strong>quin-</strong></span> 
     </span>
     <span class='ocr_line' id='line_1_16' title="bbox 82 980 1370 1048; baseline -0.01 -11"><span class='ocrx_word' id='word_1_103' title='bbox 82 1030 92 1038; x_wconf 90' lang='lat'><em>.</em></span> <span class='ocrx_word' id='word_1_104' title='bbox 123 997 303 1048; x_wconf 78' lang='lat' dir='ltr'><strong>gentos;</strong></span> <span class='ocrx_word' id='word_1_105' title='bbox 331 989 506 1044; x_wconf 89' lang='lat' dir='ltr'><strong>quidam</strong></span> <span class='ocrx_word' id='word_1_106' title='bbox 536 993 679 1030; x_wconf 83' lang='lat' dir='ltr'><strong>tamen</strong></span> <span class='ocrx_word' id='word_1_107' title='bbox 706 983 981 1040; x_wconf 78' lang='lat' dir='ltr'><strong>distinguunt</strong></span> <span class='ocrx_word' id='word_1_108' title='bbox 1002 981 1091 1024; x_wconf 87' lang='lat' dir='ltr'><strong>ita:</strong></span> <span class='ocrx_word' id='word_1_109' title='bbox 1119 996 1134 1022; x_wconf 86' lang='lat'>‹</span> <span class='ocrx_word' id='word_1_110' title='bbox 1164 980 1370 1024; x_wconf 84' lang='lat' dir='ltr'>Dabimus</span> 
     </span>
     <span class='ocr_line' id='line_1_17' title="bbox 123 1052 1370 1120; baseline -0.011 -12"><span class='ocrx_word' id='word_1_111' title='bbox 123 1064 201 1108; x_wconf 90' lang='lat' dir='ltr'><strong>tibi</strong></span> <span class='ocrx_word' id='word_1_112' title='bbox 221 1064 380 1120; x_wconf 82' lang='lat' dir='ltr'><strong>singuli</strong></span> <span class='ocrx_word' id='word_1_113' title='bbox 404 1063 521 1106; x_wconf 88' lang='lat' dir='ltr'><strong>mille</strong></span> <span class='ocrx_word' id='word_1_114' title='bbox 533 1067 576 1104; x_wconf 89' lang='lat' dir='ltr'><strong>et</strong></span> <span class='ocrx_word' id='word_1_115' title='bbox 597 1065 774 1104; x_wconf 84' lang='lat' dir='ltr'><strong>centum</strong></span> <span class='ocrx_word' id='word_1_116' title='bbox 800 1061 1045 1112; x_wconf 81' lang='lat' dir='ltr'><strong>argenteos.</strong></span> <span class='ocrx_word' id='word_1_117' title='bbox 1069 1069 1083 1095; x_wconf 80' lang='grc' dir='ltr'>ι</span> <span class='ocrx_word' id='word_1_118' title='bbox 1107 1053 1159 1096; x_wconf 88' lang='lat' dir='ltr'><strong>Et</strong></span> <span class='ocrx_word' id='word_1_119' title='bbox 1176 1052 1370 1097; x_wconf 86' lang='lat' dir='ltr'><strong>blandita</strong></span> 
     </span>
     <span class='ocr_line' id='line_1_18' title="bbox 121 1124 1369 1187; baseline -0.012 -4"><span class='ocrx_word' id='word_1_120' title='bbox 121 1143 190 1183; x_wconf 83' lang='lat' dir='ltr'><strong>cst</strong></span> <span class='ocrx_word' id='word_1_121' title='bbox 217 1137 352 1180; x_wconf 84' lang='lat' dir='ltr'><strong>Dalila</strong></span> <span class='ocrx_word' id='word_1_122' title='bbox 379 1134 596 1179; x_wconf 87' lang='lat' dir='ltr'><strong>Samsoni.</strong></span> <span class='ocrx_word' id='word_1_123' title='bbox 621 1131 705 1185; x_wconf 83' lang='lat' dir='ltr'><strong>Qui</strong></span> <span class='ocrx_word' id='word_1_124' title='bbox 730 1128 954 1187; x_wconf 82' lang='lat' dir='ltr'><strong>respoudit</strong></span> <span class='ocrx_word' id='word_1_125' title='bbox 975 1131 1015 1171; x_wconf 86' lang='lat' dir='ltr'><strong>ei</strong></span> <span class='ocrx_word' id='word_1_126' title='bbox 1038 1127 1084 1170; x_wconf 90' lang='lat' dir='ltr'><strong>in</strong></span> <span class='ocrx_word' id='word_1_127' title='bbox 1107 1127 1207 1170; x_wconf 92' lang='lat' dir='ltr'><strong>dolo</strong></span> <span class='ocrx_word' id='word_1_128' title='bbox 1234 1138 1246 1166; x_wconf 68' lang='grc' dir='ltr'><strong>ε</strong></span> <span class='ocrx_word' id='word_1_129' title='bbox 1278 1139 1291 1166; x_wconf 79' lang='grc' dir='ltr'>ι</span> <span class='ocrx_word' id='word_1_130' title='bbox 1322 1124 1369 1168; x_wconf 89' lang='lat' dir='ltr'><strong>Si</strong></span> 
     </span>
     <span class='ocr_line' id='line_1_19' title="bbox 123 1201 1370 1269; baseline -0.012 -12"><span class='ocrx_word' id='word_1_131' title='bbox 123 1219 284 1269; x_wconf 87' lang='lat' dir='ltr'><strong>septem</strong></span> <span class='ocrx_word' id='word_1_132' title='bbox 319 1210 529 1254; x_wconf 80' lang='lat' dir='ltr'>nerviceis</span> <span class='ocrx_word' id='word_1_133' title='bbox 561 1207 739 1251; x_wconf 83' lang='lat' dir='ltr'><strong>funibus</strong></span> <span class='ocrx_word' id='word_1_134' title='bbox 766 1205 890 1248; x_wconf 85' lang='lat' dir='ltr'><strong>novis</strong></span> <span class='ocrx_word' id='word_1_135' title='bbox 922 1211 965 1247; x_wconf 88' lang='lat' dir='ltr'><strong>et</strong></span> <span class='ocrx_word' id='word_1_136' title='bbox 988 1203 1130 1246; x_wconf 89' lang='lat' dir='ltr'><strong>adhuc</strong></span> <span class='ocrx_word' id='word_1_137' title='bbox 1151 1201 1370 1244; x_wconf 88' lang='lat' dir='ltr'><strong>humenti--</strong></span> 
     </span>
    </p>
   </div>
   <div class='ocr_carea' id='block_1_9' title="bbox 121 1256 1428 1340">
    <p class='ocr_par' dir='ltr' id='par_1_9' title="bbox 121 1256 1428 1340">
     <span class='ocr_line' id='line_1_20' title="bbox 121 1256 1428 1340; baseline -0.011 -12"><span class='ocrx_word' id='word_1_138' title='bbox 121 1284 206 1330; x_wconf 86' lang='lat' dir='ltr'><strong>bus</strong></span> <span class='ocrx_word' id='word_1_139' title='bbox 234 1285 391 1340; x_wconf 83' lang='lat' dir='ltr'><strong>ligatus</strong></span> <span class='ocrx_word' id='word_1_140' title='bbox 412 1281 550 1333; x_wconf 75' lang='lat' dir='ltr'><strong>fuero,</strong></span> <span class='ocrx_word' id='word_1_141' title='bbox 575 1292 650 1324; x_wconf 88' lang='lat' dir='ltr'><strong>ero</strong></span> <span class='ocrx_word' id='word_1_142' title='bbox 670 1278 784 1322; x_wconf 88' lang='lat' dir='ltr'><strong>sicut</strong></span> <span class='ocrx_word' id='word_1_143' title='bbox 806 1275 947 1320; x_wconf 63' lang='lat' dir='ltr'><strong>caeteri</strong></span> <span class='ocrx_word' id='word_1_144' title='bbox 972 1274 1184 1317; x_wconf 84' lang='lat' dir='ltr'><strong>homines.</strong></span> <span class='ocrx_word' id='word_1_145' title='bbox 1210 1286 1225 1312; x_wconf 73' lang='grc' dir='ltr'><strong>ι</strong></span> <span class='ocrx_word' id='word_1_146' title='bbox 1253 1271 1370 1324; x_wconf 84' lang='lat' dir='ltr'><strong>Quos</strong></span> <span class='ocrx_word' id='word_1_147' title='bbox 1394 1256 1428 1299; x_wconf 80' lang='lat' dir='ltr'>B</span> 
     </span>
    </p>
   </div>
   <div class='ocr_carea' id='block_1_10' title="bbox 106 1342 1384 3379">
    <p class='ocr_par' dir='ltr' id='par_1_10' title="bbox 106 1342 1384 3379">
     <span class='ocr_line' id='line_1_21' title="bbox 121 1342 1373 1413; baseline -0.014 -11"><span class='ocrx_word' id='word_1_148' title='bbox 121 1356 337 1413; x_wconf 84' lang='lat' dir='ltr'><strong>Josephus</strong></span> <span class='ocrx_word' id='word_1_149' title='bbox 382 1355 582 1411; x_wconf 76' lang='lat' dir='ltr'><strong>palmites</strong></span> <span class='ocrx_word' id='word_1_150' title='bbox 634 1351 857 1396; x_wconf 75' lang='lat' dir='ltr'><strong>vinearum</strong></span> <span class='ocrx_word' id='word_1_151' title='bbox 906 1353 1104 1394; x_wconf 62' lang='lat' dir='ltr'><strong>recentes</strong></span> <span class='ocrx_word' id='word_1_152' title='bbox 1156 1344 1277 1388; x_wconf 84' lang='lat' dir='ltr'><strong>dicit..</strong></span> <span class='ocrx_word' id='word_1_153' title='bbox 1318 1342 1373 1386; x_wconf 79' lang='lat' dir='ltr'><strong>Et</strong></span> 
     </span>
     <span class='ocr_line' id='line_1_22' title="bbox 123 1417 1370 1481; baseline -0.012 -7"><span class='ocrx_word' id='word_1_154' title='bbox 123 1430 362 1474; x_wconf 82' lang='lat' dir='ltr'><strong>attulerunt</strong></span> <span class='ocrx_word' id='word_1_155' title='bbox 383 1427 434 1470; x_wconf 86' lang='lat' dir='ltr'><strong>ad</strong></span> <span class='ocrx_word' id='word_1_156' title='bbox 461 1438 555 1471; x_wconf 88' lang='lat' dir='ltr'><strong>eam</strong></span> <span class='ocrx_word' id='word_1_157' title='bbox 579 1431 744 1481; x_wconf 84' lang='lat' dir='ltr'><strong>septem</strong></span> <span class='ocrx_word' id='word_1_158' title='bbox 778 1423 920 1471; x_wconf 73' lang='lat' dir='ltr'><strong>funes,</strong></span> <span class='ocrx_word' id='word_1_159' title='bbox 953 1419 1113 1476; x_wconf 88' lang='lat' dir='ltr'><strong>quibus</strong></span> <span class='ocrx_word' id='word_1_160' title='bbox 1149 1417 1370 1465; x_wconf 87' lang='lat' dir='ltr'><strong>dormien-</strong></span> 
     </span>
     <span class='ocr_line' id='line_1_23' title="bbox 123 1489 1372 1555; baseline -0.013 -7"><span class='ocrx_word' id='word_1_161' title='bbox 123 1509 210 1548; x_wconf 86' lang='lat' dir='ltr'><strong>tem</strong></span> <span class='ocrx_word' id='word_1_162' title='bbox 243 1502 458 1546; x_wconf 74' lang='lat' dir='ltr'><strong>ebrium‘*</strong></span> <span class='ocrx_word' id='word_1_163' title='bbox 495 1498 732 1555; x_wconf 78' lang='lat' dir='ltr'><strong>colligavit,</strong></span> <span class='ocrx_word' id='word_1_164' title='bbox 768 1496 1005 1539; x_wconf 81' lang='lat' dir='ltr'><strong>latentibus</strong></span> <span class='ocrx_word' id='word_1_165' title='bbox 1039 1491 1152 1548; x_wconf 85' lang='lat' dir='ltr'><strong>apud</strong></span> <span class='ocrx_word' id='word_1_166' title='bbox 1192 1503 1240 1535; x_wconf 92' lang='lat' dir='ltr'><strong>se</strong></span> <span class='ocrx_word' id='word_1_167' title='bbox 1269 1489 1372 1533; x_wconf 88' lang='lat' dir='ltr'><strong>Phi-</strong></span> 
     </span>
     <span class='ocr_line' id='line_1_24' title="bbox 121 1565 1373 1621; baseline -0.009 -1"><span class='ocrx_word' id='word_1_168' title='bbox 121 1576 320 1621; x_wconf 84' lang='lat' dir='ltr'><strong>listhaeis.</strong></span> <span class='ocrx_word' id='word_1_169' title='bbox 342 1574 394 1616; x_wconf 87' lang='lat' dir='ltr'><strong>Et</strong></span> <span class='ocrx_word' id='word_1_170' title='bbox 416 1573 617 1618; x_wconf 89' lang='lat' dir='ltr'><strong>clamavit</strong></span> <span class='ocrx_word' id='word_1_171' title='bbox 641 1573 796 1614; x_wconf 89' lang='lat' dir='ltr'><strong>mulier</strong></span> <span class='ocrx_word' id='word_1_172' title='bbox 819 1582 830 1612; x_wconf 73' lang='grc' dir='ltr'><strong><em>ε</em></strong></span> <span class='ocrx_word' id='word_1_173' title='bbox 862 1585 876 1610; x_wconf 76' lang='grc' dir='ltr'>ι</span> <span class='ocrx_word' id='word_1_174' title='bbox 907 1565 1145 1611; x_wconf 80' lang='lat' dir='ltr'><strong>Philisthaei</strong></span> <span class='ocrx_word' id='word_1_175' title='bbox 1170 1577 1302 1621; x_wconf 90' lang='lat' dir='ltr'><strong>super</strong></span> <span class='ocrx_word' id='word_1_176' title='bbox 1331 1570 1373 1609; x_wconf 89' lang='lat' dir='ltr'><strong>te</strong></span> 
     </span>
     <span class='ocr_line' id='line_1_25' title="bbox 106 1639 1370 1702; baseline -0.011 -9"><span class='ocrx_word' id='word_1_177' title='bbox 106 1644 326 1701; x_wconf 76' lang='lat' dir='ltr'><strong>Samson.</strong></span> <span class='ocrx_word' id='word_1_178' title='bbox 359 1662 374 1689; x_wconf 73' lang='grc' dir='ltr'><strong>ι</strong></span> <span class='ocrx_word' id='word_1_179' title='bbox 401 1646 484 1699; x_wconf 83' lang='lat' dir='ltr'><strong>Qui</strong></span> <span class='ocrx_word' id='word_1_180' title='bbox 508 1647 625 1702; x_wconf 87' lang='lat' dir='ltr'><strong>rupit</strong></span> <span class='ocrx_word' id='word_1_181' title='bbox 649 1643 819 1688; x_wconf 83' lang='lat' dir='ltr'><strong>vincula</strong></span> <span class='ocrx_word' id='word_1_182' title='bbox 837 1642 962 1699; x_wconf 84' lang='lat' dir='ltr'><strong>quasi</strong></span> <span class='ocrx_word' id='word_1_183' title='bbox 979 1647 1146 1697; x_wconf 76' lang='lat' dir='ltr'><strong>stupea.</strong></span> <span class='ocrx_word' id='word_1_184' title='bbox 1179 1639 1370 1695; x_wconf 80' lang='lat' dir='ltr'><strong>idipsum</strong></span> 
     </span>
     <span class='ocr_line' id='line_1_26' title="bbox 125 1712 1370 1772; baseline -0.009 -8"><span class='ocrx_word' id='word_1_185' title='bbox 125 1721 284 1766; x_wconf 79' lang='lat' dir='ltr'><strong>sactum</strong></span> <span class='ocrx_word' id='word_1_186' title='bbox 307 1729 374 1765; x_wconf 88' lang='lat' dir='ltr'><strong>est</strong></span> <span class='ocrx_word' id='word_1_187' title='bbox 398 1719 604 1769; x_wconf 87' lang='lat' dir='ltr'><strong>secundo,</strong></span> <span class='ocrx_word' id='word_1_188' title='bbox 634 1717 687 1761; x_wconf 89' lang='lat' dir='ltr'><strong>de</strong></span> <span class='ocrx_word' id='word_1_189' title='bbox 713 1724 877 1772; x_wconf 81' lang='lat' dir='ltr'><strong>septem</strong></span> <span class='ocrx_word' id='word_1_190' title='bbox 910 1715 1033 1759; x_wconf 76' lang='lat' dir='ltr'><strong>novis</strong></span> <span class='ocrx_word' id='word_1_191' title='bbox 1050 1713 1242 1761; x_wconf 75' lang='lat' dir='ltr'><strong>funibus.</strong></span> <span class='ocrx_word' id='word_1_192' title='bbox 1263 1712 1370 1755; x_wconf 91' lang='lat' dir='ltr'><strong>Cum</strong></span> 
     </span>
     <span class='ocr_line' id='line_1_27' title="bbox 124 1787 1373 1847; baseline -0.01 -9"><span class='ocrx_word' id='word_1_193' title='bbox 124 1799 267 1838; x_wconf 86' lang='lat' dir='ltr'><strong>autem</strong></span> <span class='ocrx_word' id='word_1_194' title='bbox 290 1793 417 1836; x_wconf 83' lang='lat' dir='ltr'><strong>tertio</strong></span> <span class='ocrx_word' id='word_1_195' title='bbox 440 1799 601 1847; x_wconf 85' lang='lat' dir='ltr'><strong>septem</strong></span> <span class='ocrx_word' id='word_1_196' title='bbox 625 1791 768 1834; x_wconf 85' lang='lat' dir='ltr'><strong>crines</strong></span> <span class='ocrx_word' id='word_1_197' title='bbox 796 1789 951 1845; x_wconf 84' lang='lat' dir='ltr'><strong>capitis</strong></span> <span class='ocrx_word' id='word_1_198' title='bbox 973 1789 1067 1843; x_wconf 82' lang='lat' dir='ltr'><strong>ejus</strong></span> <span class='ocrx_word' id='word_1_199' title='bbox 1098 1787 1373 1841; x_wconf 82' lang='lat' dir='ltr'><strong>circumliga-</strong></span> 
     </span>
     <span class='ocr_line' id='line_1_28' title="bbox 124 1857 1373 1916; baseline -0.009 -7"><span class='ocrx_word' id='word_1_200' title='bbox 124 1872 193 1909; x_wconf 83' lang='lat' dir='ltr'><strong>tos</strong></span> <span class='ocrx_word' id='word_1_201' title='bbox 217 1865 326 1916; x_wconf 88' lang='lat' dir='ltr'><strong>litio,</strong></span> <span class='ocrx_word' id='word_1_202' title='bbox 357 1870 399 1907; x_wconf 91' lang='lat' dir='ltr'><strong>et</strong></span> <span class='ocrx_word' id='word_1_203' title='bbox 423 1864 544 1906; x_wconf 82' lang='lat' dir='ltr'><strong>clavo</strong></span> <span class='ocrx_word' id='word_1_204' title='bbox 575 1868 700 1905; x_wconf 76' lang='lat' dir='ltr'><strong>terrae</strong></span> <span class='ocrx_word' id='word_1_205' title='bbox 731 1861 959 1912; x_wconf 76' lang='lat' dir='ltr'><strong>infixisset,</strong></span> <span class='ocrx_word' id='word_1_206' title='bbox 985 1860 1200 1903; x_wconf 81' lang='lat' dir='ltr'><strong>excitatus</strong></span> <span class='ocrx_word' id='word_1_207' title='bbox 1235 1857 1290 1900; x_wconf 86' lang='lat' dir='ltr'><strong>ab</strong></span> <span class='ocrx_word' id='word_1_208' title='bbox 1322 1868 1373 1900; x_wconf 89' lang='lat' dir='ltr'><strong>ea</strong></span> 
     </span>
     <span class='ocr_line' id='line_1_29' title="bbox 126 1932 1370 1990; baseline -0.008 -7"><span class='ocrx_word' id='word_1_209' title='bbox 126 1939 331 1990; x_wconf 83' lang='lat' dir='ltr'><strong>Samson,</strong></span> <span class='ocrx_word' id='word_1_210' title='bbox 371 1938 559 1982; x_wconf 82' lang='lat' dir='ltr'><strong>extraxit</strong></span> <span class='ocrx_word' id='word_1_211' title='bbox 608 1938 776 1980; x_wconf 82' lang='lat' dir='ltr'><strong>clavum</strong></span> <span class='ocrx_word' id='word_1_212' title='bbox 808 1949 905 1978; x_wconf 88' lang='lat' dir='ltr'><strong>cum</strong></span> <span class='ocrx_word' id='word_1_213' title='bbox 939 1933 1134 1981; x_wconf 78' lang='lat' dir='ltr'><strong>crinibus</strong></span> <span class='ocrx_word' id='word_1_214' title='bbox 1176 1941 1219 1976; x_wconf 90' lang='lat' dir='ltr'><strong>et</strong></span> <span class='ocrx_word' id='word_1_215' title='bbox 1260 1932 1370 1974; x_wconf 83' lang='lat' dir='ltr'><strong>litio.</strong></span> 
     </span>
     <span class='ocr_line' id='line_1_30' title="bbox 125 2004 1374 2068; baseline -0.009 -11"><span class='ocrx_word' id='word_1_216' title='bbox 125 2012 320 2068; x_wconf 79' lang='lat' dir='ltr'>Cumque</span> <span class='ocrx_word' id='word_1_217' title='bbox 343 2013 524 2056; x_wconf 84' lang='lat' dir='ltr'><strong>molesta</strong></span> <span class='ocrx_word' id='word_1_218' title='bbox 547 2016 661 2057; x_wconf 82' lang='lat' dir='ltr'><strong>esset</strong></span> <span class='ocrx_word' id='word_1_219' title='bbox 681 2011 720 2054; x_wconf 91' lang='lat' dir='ltr'><strong>ei</strong></span> <span class='ocrx_word' id='word_1_220' title='bbox 754 2008 905 2060; x_wconf 76' lang='lat' dir='ltr'><strong>Balita,</strong></span> <span class='ocrx_word' id='word_1_221' title='bbox 940 2014 983 2052; x_wconf 90' lang='lat' dir='ltr'><strong>et</strong></span> <span class='ocrx_word' id='word_1_222' title='bbox 1006 2007 1210 2051; x_wconf 77' lang='lat' dir='ltr'><strong>deiiceret</strong></span> <span class='ocrx_word' id='word_1_223' title='bbox 1231 2004 1374 2047; x_wconf 85' lang='lat' dir='ltr'><strong>anima</strong></span> 
     </span>
     <span class='ocr_line' id='line_1_31' title="bbox 125 2073 1376 2141; baseline -0.009 -13"><span class='ocrx_word' id='word_1_224' title='bbox 125 2085 222 2141; x_wconf 81' lang='lat' dir='ltr'><strong>ejus</strong></span> <span class='ocrx_word' id='word_1_225' title='bbox 242 2083 296 2128; x_wconf 87' lang='lat' dir='ltr'><strong>ad</strong></span> <span class='ocrx_word' id='word_1_226' title='bbox 312 2090 510 2134; x_wconf 86' lang='lat' dir='ltr'><strong>mortem,</strong></span> <span class='ocrx_word' id='word_1_227' title='bbox 531 2082 697 2140; x_wconf 85' lang='lat' dir='ltr'><strong>aperuit</strong></span> <span class='ocrx_word' id='word_1_228' title='bbox 707 2082 746 2126; x_wconf 91' lang='lat' dir='ltr'><strong>ei</strong></span> <span class='ocrx_word' id='word_1_229' title='bbox 758 2079 1000 2128; x_wconf 84' lang='lat' dir='ltr'><strong>veritatem,</strong></span> <span class='ocrx_word' id='word_1_230' title='bbox 1016 2077 1192 2121; x_wconf 87' lang='lat' dir='ltr'><strong>dicens:</strong></span> <span class='ocrx_word' id='word_1_231' title='bbox 1213 2073 1376 2118; x_wconf 72' lang='lat' dir='ltr'><strong>«Naza-</strong></span> 
     </span>
     <span class='ocr_line' id='line_1_32' title="bbox 126 2146 1375 2207; baseline -0.01 -7"><span class='ocrx_word' id='word_1_232' title='bbox 126 2169 239 2200; x_wconf 84' lang='lat' dir='ltr'><strong>raeus</strong></span> <span class='ocrx_word' id='word_1_233' title='bbox 268 2167 365 2201; x_wconf 83' lang='lat' dir='ltr'><strong>sum</strong></span> <span class='ocrx_word' id='word_1_234' title='bbox 389 2156 443 2200; x_wconf 90' lang='lat' dir='ltr'><strong>ab</strong></span> <span class='ocrx_word' id='word_1_235' title='bbox 471 2162 594 2199; x_wconf 87' lang='lat' dir='ltr'><strong>utero</strong></span> <span class='ocrx_word' id='word_1_236' title='bbox 622 2154 774 2198; x_wconf 82' lang='lat' dir='ltr'><strong>matris</strong></span> <span class='ocrx_word' id='word_1_237' title='bbox 809 2164 931 2197; x_wconf 85' lang='lat' dir='ltr'><strong>meae.</strong></span> <span class='ocrx_word' id='word_1_238' title='bbox 972 2149 1017 2193; x_wconf 87' lang='lat' dir='ltr'><strong>Si</strong></span> <span class='ocrx_word' id='word_1_239' title='bbox 1058 2160 1206 2192; x_wconf 83' lang='lat' dir='ltr'><strong>rasum</strong></span> <span class='ocrx_word' id='word_1_240' title='bbox 1244 2146 1375 2207; x_wconf 63' lang='lat' dir='ltr'><strong>fuerit</strong></span> 
     </span>
     <span class='ocr_line' id='line_1_33' title="bbox 126 2219 1375 2286; baseline -0.009 -13"><span class='ocrx_word' id='word_1_241' title='bbox 126 2237 257 2286; x_wconf 87' lang='lat' dir='ltr'><strong>capnt</strong></span> <span class='ocrx_word' id='word_1_242' title='bbox 277 2239 439 2280; x_wconf 89' lang='lat' dir='ltr'><strong>meum,</strong></span> <span class='ocrx_word' id='word_1_243' title='bbox 464 2229 635 2272; x_wconf 82' lang='lat' dir='ltr'><strong>recedet</strong></span> <span class='ocrx_word' id='word_1_244' title='bbox 660 2239 684 2270; x_wconf 88' lang='lat' dir='ltr'><strong>a</strong></span> <span class='ocrx_word' id='word_1_245' title='bbox 706 2238 776 2270; x_wconf 83' lang='lat' dir='ltr'><strong>me</strong></span> <span class='ocrx_word' id='word_1_246' title='bbox 799 2224 1023 2268; x_wconf 77' lang='lat' dir='ltr'><strong>fortitudo.</strong></span> <span class='ocrx_word' id='word_1_247' title='bbox 1056 2237 1072 2263; x_wconf 71' lang='grc' dir='ltr'><strong><em>ι</em></strong></span> <span class='ocrx_word' id='word_1_248' title='bbox 1093 2221 1216 2265; x_wconf 84' lang='lat' dir='ltr'><strong>Tunc</strong></span> <span class='ocrx_word' id='word_1_249' title='bbox 1234 2219 1375 2262; x_wconf 74' lang='lat' dir='ltr'><strong>vDalila</strong></span> 
     </span>
     <span class='ocr_line' id='line_1_34' title="bbox 126 2295 1374 2357; baseline -0.009 -10"><span class='ocrx_word' id='word_1_250' title='bbox 126 2302 346 2347; x_wconf 70' lang='lat' dir='ltr'><strong>revocavit</strong></span> <span class='ocrx_word' id='word_1_251' title='bbox 369 2309 582 2357; x_wconf 74' lang='lat' dir='ltr'><strong>satrapas,</strong></span> <span class='ocrx_word' id='word_1_252' title='bbox 615 2306 661 2344; x_wconf 89' lang='lat' dir='ltr'><strong>ut</strong></span> <span class='ocrx_word' id='word_1_253' title='bbox 678 2299 874 2344; x_wconf 82' lang='lat' dir='ltr'><strong>venirent</strong></span> <span class='ocrx_word' id='word_1_254' title='bbox 889 2310 987 2341; x_wconf 89' lang='lat' dir='ltr'><strong>cum</strong></span> <span class='ocrx_word' id='word_1_255' title='bbox 1015 2295 1213 2354; x_wconf 89' lang='lat' dir='ltr'><strong>pecunia,</strong></span> <span class='ocrx_word' id='word_1_256' title='bbox 1246 2306 1374 2350; x_wconf 88' lang='lat' dir='ltr'><strong>quam</strong></span> 
     </span>
     <span class='ocr_line' id='line_1_35' title="bbox 127 2371 1378 2439; baseline -0.006 -21"><span class='ocrx_word' id='word_1_257' title='bbox 127 2375 431 2439; x_wconf 79' lang='lat' dir='ltr'><strong>promiserant.</strong></span> <span class='ocrx_word' id='word_1_258' title='bbox 453 2373 506 2416; x_wconf 82' lang='lat' dir='ltr'><strong>At</strong></span> <span class='ocrx_word' id='word_1_259' title='bbox 530 2374 600 2420; x_wconf 85' lang='lat' dir='ltr'><strong>illa</strong></span> <span class='ocrx_word' id='word_1_260' title='bbox 620 2373 808 2417; x_wconf 88' lang='lat' dir='ltr'><strong>dormire</strong></span> <span class='ocrx_word' id='word_1_261' title='bbox 830 2371 930 2416; x_wconf 81' lang='lat' dir='ltr'><strong>fecit</strong></span> <span class='ocrx_word' id='word_1_262' title='bbox 955 2382 1052 2415; x_wconf 88' lang='lat' dir='ltr'><strong>eum</strong></span> <span class='ocrx_word' id='word_1_263' title='bbox 1079 2380 1209 2425; x_wconf 89' lang='lat' dir='ltr'><strong>super</strong></span> <span class='ocrx_word' id='word_1_264' title='bbox 1236 2379 1378 2425; x_wconf 83' lang='lat' dir='ltr'><strong>genua</strong></span> 
     </span>
     <span class='ocr_line' id='line_1_36' title="bbox 129 2441 1377 2504; baseline -0.006 -12"><span class='ocrx_word' id='word_1_265' title='bbox 129 2455 227 2499; x_wconf 63' lang='lat' dir='ltr'><strong>sua,</strong></span> <span class='ocrx_word' id='word_1_266' title='bbox 255 2454 297 2491; x_wconf 89' lang='lat' dir='ltr'><strong>et</strong></span> <span class='ocrx_word' id='word_1_267' title='bbox 326 2461 402 2504; x_wconf 89' lang='lat' dir='ltr'><strong>per</strong></span> <span class='ocrx_word' id='word_1_268' title='bbox 423 2453 643 2491; x_wconf 77' lang='lat' dir='ltr'><strong>tonsorem</strong></span> <span class='ocrx_word' id='word_1_269' title='bbox 675 2446 784 2490; x_wconf 83' lang='lat' dir='ltr'><strong>rasit</strong></span> <span class='ocrx_word' id='word_1_270' title='bbox 819 2450 983 2501; x_wconf 85' lang='lat' dir='ltr'><strong>septem</strong></span> <span class='ocrx_word' id='word_1_271' title='bbox 1022 2444 1168 2487; x_wconf 87' lang='lat' dir='ltr'><strong>crines</strong></span> <span class='ocrx_word' id='word_1_272' title='bbox 1195 2442 1309 2500; x_wconf 73' lang='lat' dir='ltr'><strong>eiuS,</strong></span> <span class='ocrx_word' id='word_1_273' title='bbox 1333 2441 1377 2484; x_wconf 90' lang='lat' dir='ltr'><strong>id</strong></span> 
     </span>
     <span class='ocr_line' id='line_1_37' title="bbox 127 2517 1379 2575; baseline -0.002 -14"><span class='ocrx_word' id='word_1_274' title='bbox 127 2524 196 2564; x_wconf 87' lang='lat' dir='ltr'><strong>est</strong></span> <span class='ocrx_word' id='word_1_275' title='bbox 216 2530 384 2563; x_wconf 88' lang='lat' dir='ltr'><strong>omnes.</strong></span> <span class='ocrx_word' id='word_1_276' title='bbox 404 2518 481 2562; x_wconf 79' lang='lat' dir='ltr'><strong>Vel</strong></span> <span class='ocrx_word' id='word_1_277' title='bbox 504 2518 606 2575; x_wconf 87' lang='lat' dir='ltr'><strong>quia</strong></span> <span class='ocrx_word' id='word_1_278' title='bbox 631 2519 839 2562; x_wconf 68' lang='lat' dir='ltr'><strong>novacula</strong></span> <span class='ocrx_word' id='word_1_279' title='bbox 860 2517 1117 2562; x_wconf 77' lang='lat' dir='ltr'><strong>ascenderat</strong></span> <span class='ocrx_word' id='word_1_280' title='bbox 1143 2528 1275 2572; x_wconf 84' lang='lat' dir='ltr'><strong>super</strong></span> <span class='ocrx_word' id='word_1_281' title='bbox 1304 2527 1379 2559; x_wconf 90' lang='lat' dir='ltr'><strong>ea-</strong></span> 
     </span>
     <span class='ocr_line' id='line_1_38' title="bbox 131 2588 1377 2650; baseline -0.003 -16"><span class='ocrx_word' id='word_1_282' title='bbox 131 2597 211 2646; x_wconf 83' lang='lat' dir='ltr'><strong>put</strong></span> <span class='ocrx_word' id='word_1_283' title='bbox 237 2590 350 2646; x_wconf 84' lang='lat' dir='ltr'><strong>ejus,</strong></span> <span class='ocrx_word' id='word_1_284' title='bbox 375 2592 504 2634; x_wconf 87' lang='lat' dir='ltr'><strong>etiam</strong></span> <span class='ocrx_word' id='word_1_285' title='bbox 525 2602 604 2648; x_wconf 86' lang='lat' dir='ltr'><strong>pro</strong></span> <span class='ocrx_word' id='word_1_286' title='bbox 624 2589 732 2637; x_wconf 79' lang='lat' dir='ltr'><strong>solis</strong></span> <span class='ocrx_word' id='word_1_287' title='bbox 750 2595 911 2650; x_wconf 85' lang='lat' dir='ltr'><strong>septem</strong></span> <span class='ocrx_word' id='word_1_288' title='bbox 936 2588 1050 2634; x_wconf 78' lang='lat' dir='ltr'><strong>rasis</strong></span> <span class='ocrx_word' id='word_1_289' title='bbox 1075 2588 1282 2632; x_wconf 83' lang='lat' dir='ltr'><strong>Dominus</strong></span> <span class='ocrx_word' id='word_1_290' title='bbox 1304 2600 1377 2630; x_wconf 59' lang='lat' dir='ltr'><strong>rea</strong></span> 
     </span>
     <span class='ocr_line' id='line_1_39' title="bbox 130 2660 1377 2717; baseline -0.003 -10"><span class='ocrx_word' id='word_1_291' title='bbox 130 2663 263 2707; x_wconf 86' lang='lat' dir='ltr'><strong>cessit</strong></span> <span class='ocrx_word' id='word_1_292' title='bbox 284 2664 338 2706; x_wconf 86' lang='lat' dir='ltr'><strong>ab</strong></span> <span class='ocrx_word' id='word_1_293' title='bbox 362 2675 428 2707; x_wconf 88' lang='lat' dir='ltr'><strong>eo.</strong></span> <span class='ocrx_word' id='word_1_294' title='bbox 455 2661 576 2705; x_wconf 83' lang='lat' dir='ltr'><strong>Tunc</strong></span> <span class='ocrx_word' id='word_1_295' title='bbox 608 2661 767 2717; x_wconf 72' lang='lat' dir='ltr'><strong>abjecit</strong></span> <span class='ocrx_word' id='word_1_296' title='bbox 797 2674 899 2705; x_wconf 82' lang='lat' dir='ltr'><strong>eum.</strong></span> <span class='ocrx_word' id='word_1_297' title='bbox 926 2661 1096 2704; x_wconf 90' lang='lat' dir='ltr'><strong>mulier.</strong></span> <span class='ocrx_word' id='word_1_298' title='bbox 1125 2660 1259 2714; x_wconf 86' lang='lat' dir='ltr'><strong>Quem</strong></span> <span class='ocrx_word' id='word_1_299' title='bbox 1279 2671 1377 2703; x_wconf 80' lang='lat' dir='ltr'><strong>cuin</strong></span> 
     </span>
     <span class='ocr_line' id='line_1_40' title="bbox 132 2733 1375 2793; baseline -0.003 -14"><span class='ocrx_word' id='word_1_300' title='bbox 132 2736 520 2793; x_wconf 76' lang='lat' dir='ltr'>apprehendissent</span> <span class='ocrx_word' id='word_1_301' title='bbox 557 2735 818 2783; x_wconf 73' lang='lat' dir='ltr'><strong>Pliilisthiim</strong></span> <span class='ocrx_word' id='word_1_302' title='bbox 846 2739 1055 2779; x_wconf 85' lang='lat' dir='ltr'><strong>eruerunt</strong></span> <span class='ocrx_word' id='word_1_303' title='bbox 1081 2734 1231 2777; x_wconf 90' lang='lat' dir='ltr'><strong>oculos</strong></span> <span class='ocrx_word' id='word_1_304' title='bbox 1263 2733 1375 2789; x_wconf 72' lang='lat' dir='ltr'><strong>eius,</strong></span> 
     </span>
     <span class='ocr_line' id='line_1_41' title="bbox 132 2806 1378 2865; baseline -0.006 -10"><span class='ocrx_word' id='word_1_305' title='bbox 132 2818 176 2855; x_wconf 84' lang='lat' dir='ltr'><strong>et</strong></span> <span class='ocrx_word' id='word_1_306' title='bbox 200 2810 584 2854; x_wconf 79' lang='lat' dir='ltr'><strong>circumduxerunt</strong></span> <span class='ocrx_word' id='word_1_307' title='bbox 600 2821 697 2853; x_wconf 86' lang='lat' dir='ltr'><strong>eum</strong></span> <span class='ocrx_word' id='word_1_308' title='bbox 723 2821 799 2865; x_wconf 88' lang='lat' dir='ltr'><strong>per</strong></span> <span class='ocrx_word' id='word_1_309' title='bbox 818 2814 992 2859; x_wconf 82' lang='lat' dir='ltr'><strong>terram,</strong></span> <span class='ocrx_word' id='word_1_310' title='bbox 1017 2815 1061 2852; x_wconf 89' lang='lat' dir='ltr'><strong>et</strong></span> <span class='ocrx_word' id='word_1_311' title='bbox 1082 2807 1196 2863; x_wconf 90' lang='lat' dir='ltr'><strong>apud</strong></span> <span class='ocrx_word' id='word_1_312' title='bbox 1218 2806 1378 2851; x_wconf 83' lang='lat' dir='ltr'><strong>Gazam</strong></span> 
     </span>
     <span class='ocr_line' id='line_1_42' title="bbox 133 2879 1382 2936; baseline -0.006 -9"><span class='ocrx_word' id='word_1_313' title='bbox 133 2885 326 2928; x_wconf 87' lang='lat' dir='ltr'><strong>clausum</strong></span> <span class='ocrx_word' id='word_1_314' title='bbox 362 2885 407 2927; x_wconf 89' lang='lat' dir='ltr'><strong>in</strong></span> <span class='ocrx_word' id='word_1_315' title='bbox 440 2895 615 2927; x_wconf 82' lang='lat' dir='ltr'><strong>earcere</strong></span> <span class='ocrx_word' id='word_1_316' title='bbox 635 2883 795 2927; x_wconf 75' lang='lat' dir='ltr'><strong>molere</strong></span> <span class='ocrx_word' id='word_1_317' title='bbox 832 2882 1043 2931; x_wconf 74' lang='lat' dir='ltr'><strong>fecerunt,</strong></span> <span class='ocrx_word' id='word_1_318' title='bbox 1070 2880 1195 2936; x_wconf 85' lang='lat' dir='ltr'><strong>quasi</strong></span> <span class='ocrx_word' id='word_1_319' title='bbox 1234 2879 1382 2923; x_wconf 87' lang='lat' dir='ltr'><strong>servili</strong></span> 
     </span>
     <span class='ocr_line' id='line_1_43' title="bbox 133 2953 1376 3013; baseline -0.004 -14"><span class='ocrx_word' id='word_1_320' title='bbox 133 2969 264 3013; x_wconf 87' lang='lat' dir='ltr'><strong>opere</strong></span> <span class='ocrx_word' id='word_1_321' title='bbox 283 2970 381 3000; x_wconf 89' lang='lat' dir='ltr'><strong>eum</strong></span> <span class='ocrx_word' id='word_1_322' title='bbox 410 2956 660 3012; x_wconf 79' lang='lat' dir='ltr'><strong>affligentes.</strong></span> <span class='ocrx_word' id='word_1_323' title='bbox 685 2955 850 2999; x_wconf 67' lang='lat' dir='ltr'><strong>Hebraei</strong></span> <span class='ocrx_word' id='word_1_324' title='bbox 871 2960 1016 2998; x_wconf 88' lang='lat' dir='ltr'><strong>tamen</strong></span> <span class='ocrx_word' id='word_1_325' title='bbox 1055 2954 1234 2998; x_wconf 87' lang='lat' dir='ltr'><strong>tradunt</strong></span> <span class='ocrx_word' id='word_1_326' title='bbox 1264 2953 1376 3008; x_wconf 87' lang='lat' dir='ltr'><strong>quod</strong></span> 
     </span>
     <span class='ocr_line' id='line_1_44' title="bbox 134 3027 1380 3087; baseline -0.004 -14"><span class='ocrx_word' id='word_1_327' title='bbox 134 3029 374 3076; x_wconf 72' lang='lat' dir='ltr'>philisthaei</span> <span class='ocrx_word' id='word_1_328' title='bbox 398 3036 632 3087; x_wconf 83' lang='lat' dir='ltr'><strong>coegerunt</strong></span> <span class='ocrx_word' id='word_1_329' title='bbox 655 3042 752 3074; x_wconf 87' lang='lat' dir='ltr'><strong>eum</strong></span> <span class='ocrx_word' id='word_1_330' title='bbox 785 3029 978 3074; x_wconf 88' lang='lat' dir='ltr'><strong>dormire</strong></span> <span class='ocrx_word' id='word_1_331' title='bbox 1005 3040 1102 3070; x_wconf 86' lang='lat' dir='ltr'><strong>cum</strong></span> <span class='ocrx_word' id='word_1_332' title='bbox 1126 3027 1380 3072; x_wconf 84' lang='lat' dir='ltr'><strong>mulieribus</strong></span> 
     </span>
     <span class='ocr_line' id='line_1_45' title="bbox 134 3099 1383 3157; baseline -0.006 -7"><span class='ocrx_word' id='word_1_333' title='bbox 134 3107 341 3156; x_wconf 78' lang='lat' dir='ltr'><strong>robustis,</strong></span> <span class='ocrx_word' id='word_1_334' title='bbox 356 3111 461 3148; x_wconf 88' lang='lat' dir='ltr'><strong>utex</strong></span> <span class='ocrx_word' id='word_1_335' title='bbox 475 3116 527 3149; x_wconf 93' lang='lat' dir='ltr'><strong>eo</strong></span> <span class='ocrx_word' id='word_1_336' title='bbox 537 3104 727 3149; x_wconf 82' lang='lat' dir='ltr'><strong>sobolem</strong></span> <span class='ocrx_word' id='word_1_337' title='bbox 743 3103 965 3146; x_wconf 85' lang='lat' dir='ltr'><strong>robustam</strong></span> <span class='ocrx_word' id='word_1_338' title='bbox 981 3101 1266 3157; x_wconf 79' lang='lat' dir='ltr'><strong>susciperent.</strong></span> <span class='ocrx_word' id='word_1_339' title='bbox 1281 3099 1383 3142; x_wconf 78' lang='lat' dir='ltr'><strong>Pro·</strong></span> 
     </span>
     <span class='ocr_line' id='line_1_46' title="bbox 137 3176 1377 3232; baseline -0.007 -8"><span class='ocrx_word' id='word_1_340' title='bbox 137 3180 315 3224; x_wconf 77' lang='lat' dir='ltr'>cedente</span> <span class='ocrx_word' id='word_1_341' title='bbox 337 3183 529 3232; x_wconf 83' lang='lat' dir='ltr'><strong>tempore</strong></span> <span class='ocrx_word' id='word_1_342' title='bbox 550 3189 648 3219; x_wconf 82' lang='lat' dir='ltr'><strong>cum</strong></span> <span class='ocrx_word' id='word_1_343' title='bbox 675 3176 817 3231; x_wconf 86' lang='lat' dir='ltr'><strong>capilli</strong></span> <span class='ocrx_word' id='word_1_344' title='bbox 835 3176 931 3230; x_wconf 78' lang='lat' dir='ltr'><strong>ejus</strong></span> <span class='ocrx_word' id='word_1_345' title='bbox 949 3176 1119 3218; x_wconf 87' lang='lat' dir='ltr'><strong>renasci</strong></span> <span class='ocrx_word' id='word_1_346' title='bbox 1141 3181 1377 3230; x_wconf 73' lang='lat' dir='ltr'><strong>coeperant,</strong></span> 
     </span>
     <span class='ocr_line' id='line_1_47' title="bbox 135 3248 1384 3306; baseline -0.005 -11"><span class='ocrx_word' id='word_1_347' title='bbox 135 3265 235 3295; x_wconf 82' lang='lat' dir='ltr'><strong>etun</strong></span> <span class='ocrx_word' id='word_1_348' title='bbox 250 3251 419 3295; x_wconf 77' lang='lat' dir='ltr'><strong>adesset</strong></span> <span class='ocrx_word' id='word_1_349' title='bbox 432 3250 604 3306; x_wconf 76' lang='lat' dir='ltr'><strong>publIca</strong></span> <span class='ocrx_word' id='word_1_350' title='bbox 618 3249 886 3300; x_wconf 70' lang='lat' dir='ltr'><strong>solemnitas,</strong></span> <span class='ocrx_word' id='word_1_351' title='bbox 899 3249 1082 3304; x_wconf 86' lang='lat' dir='ltr'><strong>ingressi</strong></span> <span class='ocrx_word' id='word_1_352' title='bbox 1102 3256 1202 3292; x_wconf 83' lang='lat' dir='ltr'><strong>sunt</strong></span> <span class='ocrx_word' id='word_1_353' title='bbox 1220 3248 1384 3304; x_wconf 82' lang='lat' dir='ltr'><strong>priuci-</strong></span> 
     </span>
     <span class='ocr_line' id='line_1_48' title="bbox 139 3320 1380 3379; baseline -0.004 -12"><span class='ocrx_word' id='word_1_354' title='bbox 139 3335 213 3378; x_wconf 87' lang='lat' dir='ltr'><strong>pes</strong></span> <span class='ocrx_word' id='word_1_355' title='bbox 228 3323 373 3366; x_wconf 73' lang='lat' dir='ltr'><strong>[anum</strong></span> <span class='ocrx_word' id='word_1_356' title='bbox 385 3335 528 3372; x_wconf 86' lang='lat' dir='ltr'><strong>suum,</strong></span> <span class='ocrx_word' id='word_1_357' title='bbox 544 3327 589 3364; x_wconf 85' lang='lat' dir='ltr'><strong>ut</strong></span> <span class='ocrx_word' id='word_1_358' title='bbox 606 3321 876 3364; x_wconf 74' lang='lat' dir='ltr'><strong>immolarent</strong></span> <span class='ocrx_word' id='word_1_359' title='bbox 893 3320 1120 3379; x_wconf 65' lang='lat' dir='ltr'><strong>magnifice</strong></span> <span class='ocrx_word' id='word_1_360' title='bbox 1136 3320 1281 3375; x_wconf 82' lang='lat' dir='ltr'><strong>Dagon</strong></span> <span class='ocrx_word' id='word_1_361' title='bbox 1300 3320 1380 3362; x_wconf 80' lang='lat' dir='ltr'><strong>deo</strong></span> 
     </span>
    </p>
   </div>
   <div class='ocr_carea' id='block_1_11' title="bbox 1449 264 2697 2287">
    <p class='ocr_par' dir='ltr' id='par_1_11' title="bbox 1449 264 1784 319">
     <span class='ocr_line' id='line_1_49' title="bbox 1449 264 1784 319; baseline 0.009 -12"><span class='ocrx_word' id='word_1_362' title='bbox 1449 275 1527 319; x_wconf 76' lang='lat' dir='ltr'><strong>gar</strong></span> <span class='ocrx_word' id='word_1_363' title='bbox 1547 271 1588 310; x_wconf 88' lang='lat' dir='ltr'><strong>et</strong></span> <span class='ocrx_word' id='word_1_364' title='bbox 1607 264 1784 310; x_wconf 88' lang='lat' dir='ltr'><strong>Barach.</strong></span> 
     </span>
    </p>

    <p class='ocr_par' dir='ltr' id='par_1_12' title="bbox 1449 336 2691 608">
     <span class='ocr_line' id='line_1_50' title="bbox 1506 336 2688 391; baseline 0.009 -11"><span class='ocrx_word' id='word_1_365' title='bbox 1506 336 1696 380; x_wconf 79' lang='lat' dir='ltr'><strong>’Additio</strong></span> <span class='ocrx_word' id='word_1_366' title='bbox 1729 339 1768 382; x_wconf 78' lang='lat' dir='ltr'><strong>t.</strong></span> <span class='ocrx_word' id='word_1_367' title='bbox 1805 337 1955 384; x_wconf 86' lang='lat' dir='ltr'><strong>Omnis</strong></span> <span class='ocrx_word' id='word_1_368' title='bbox 1985 341 2098 384; x_wconf 89' lang='lat' dir='ltr'><strong>enim</strong></span> <span class='ocrx_word' id='word_1_369' title='bbox 2132 343 2286 386; x_wconf 85' lang='lat' dir='ltr'><strong>mulier</strong></span> <span class='ocrx_word' id='word_1_370' title='bbox 2314 343 2402 388; x_wconf 80' lang='lat' dir='ltr'><strong>sere</strong></span> <span class='ocrx_word' id='word_1_371' title='bbox 2435 346 2688 391; x_wconf 85' lang='lat' dir='ltr'><strong>naturaliter</strong></span> 
     </span>
     <span class='ocr_line' id='line_1_51' title="bbox 1449 408 2691 466; baseline 0.007 -14"><span class='ocrx_word' id='word_1_372' title='bbox 1449 416 1651 461; x_wconf 82' lang='lat' dir='ltr'><strong>avara‚et</strong></span> <span class='ocrx_word' id='word_1_373' title='bbox 1671 408 1794 462; x_wconf 78' lang='lat' dir='ltr'><strong>levis,</strong></span> <span class='ocrx_word' id='word_1_374' title='bbox 1815 411 1927 455; x_wconf 86' lang='lat' dir='ltr'><strong>unde</strong></span> <span class='ocrx_word' id='word_1_375' title='bbox 1960 413 2112 455; x_wconf 85' lang='lat' dir='ltr'><strong>addam</strong></span> <span class='ocrx_word' id='word_1_376' title='bbox 2138 430 2147 456; x_wconf 74' lang='grc' dir='ltr'><strong><em>ε</em></strong></span> <span class='ocrx_word' id='word_1_377' title='bbox 2179 414 2289 466; x_wconf 84' lang='lat' dir='ltr'><strong>Quid</strong></span> <span class='ocrx_word' id='word_1_378' title='bbox 2316 416 2451 461; x_wconf 84' lang='lat' dir='ltr'><strong>levius</strong></span> <span class='ocrx_word' id='word_1_379' title='bbox 2486 417 2691 462; x_wconf 75' lang='lat' dir='ltr'><strong>numine?</strong></span> 
     </span>
     <span class='ocr_line' id='line_1_52' title="bbox 1449 481 2685 538; baseline 0.01 -13"><span class='ocrx_word' id='word_1_380' title='bbox 1449 481 1621 526; x_wconf 82' lang='lat' dir='ltr'><strong>flamen.</strong></span> <span class='ocrx_word' id='word_1_381' title='bbox 1646 482 1759 535; x_wconf 86' lang='lat' dir='ltr'><strong>Quid</strong></span> <span class='ocrx_word' id='word_1_382' title='bbox 1799 483 2003 528; x_wconf 78' lang='lat' dir='ltr'><strong>flamine?</strong></span> <span class='ocrx_word' id='word_1_383' title='bbox 2038 485 2165 531; x_wconf 83' lang='lat' dir='ltr'><strong>sama.</strong></span> <span class='ocrx_word' id='word_1_384' title='bbox 2199 486 2309 538; x_wconf 83' lang='lat' dir='ltr'><strong>Quid</strong></span> <span class='ocrx_word' id='word_1_385' title='bbox 2348 487 2488 532; x_wconf 80' lang='lat' dir='ltr'><strong>lama?</strong></span> <span class='ocrx_word' id='word_1_386' title='bbox 2515 491 2685 537; x_wconf 80' lang='lat' dir='ltr'><strong>mulier.</strong></span> 
     </span>
     <span class='ocr_line' id='line_1_53' title="bbox 1450 555 1996 608; baseline 0.004 -11"><span class='ocrx_word' id='word_1_387' title='bbox 1450 555 1565 608; x_wconf 82' lang='lat' dir='ltr'><strong>Quid</strong></span> <span class='ocrx_word' id='word_1_388' title='bbox 1595 556 1803 600; x_wconf 86' lang='lat' dir='ltr'><strong>muliere?</strong></span> <span class='ocrx_word' id='word_1_389' title='bbox 1833 557 1956 599; x_wconf 85' lang='lat' dir='ltr'><strong>nihil.</strong></span> <span class='ocrx_word' id='word_1_390' title='bbox 1988 575 1996 584; x_wconf 93' lang='lat'><strong>·</strong></span> 
     </span>
    </p>

    <p class='ocr_par' dir='ltr' id='par_1_13' title="bbox 1450 627 2690 824">
     <span class='ocr_line' id='line_1_54' title="bbox 1506 627 2686 687; baseline 0.008 -17"><span class='ocrx_word' id='word_1_391' title='bbox 1506 628 1714 671; x_wconf 69' lang='lat' dir='ltr'><strong>“Acidino</strong></span> <span class='ocrx_word' id='word_1_392' title='bbox 1742 627 1785 672; x_wconf 76' lang='lat'><strong>2.</strong></span> <span class='ocrx_word' id='word_1_393' title='bbox 1813 629 1987 672; x_wconf 45' lang='lat' dir='ltr'><strong>Barium</strong></span> <span class='ocrx_word' id='word_1_394' title='bbox 2013 629 2124 673; x_wconf 82' lang='lat' dir='ltr'><strong>dicit</strong></span> <span class='ocrx_word' id='word_1_395' title='bbox 2163 642 2249 674; x_wconf 90' lang='lat' dir='ltr'><strong>non</strong></span> <span class='ocrx_word' id='word_1_396' title='bbox 2274 632 2388 684; x_wconf 81' lang='lat' dir='ltr'><strong>vino,</strong></span> <span class='ocrx_word' id='word_1_397' title='bbox 2426 633 2501 678; x_wconf 85' lang='lat' dir='ltr'><strong>sed</strong></span> <span class='ocrx_word' id='word_1_398' title='bbox 2524 646 2686 687; x_wconf 83' lang='lat' dir='ltr'><strong>amore,</strong></span> 
     </span>
     <span class='ocr_line' id='line_1_55' title="bbox 1450 701 2690 758; baseline 0.006 -14"><span class='ocrx_word' id='word_1_399' title='bbox 1450 701 1517 744; x_wconf 83' lang='lat' dir='ltr'><strong>vel</strong></span> <span class='ocrx_word' id='word_1_400' title='bbox 1539 702 1761 752; x_wconf 84' lang='lat' dir='ltr'><strong>satiatum,</strong></span> <span class='ocrx_word' id='word_1_401' title='bbox 1792 703 1915 744; x_wconf 85' lang='lat' dir='ltr'><strong>aliter</strong></span> <span class='ocrx_word' id='word_1_402' title='bbox 1944 704 2075 758; x_wconf 82' lang='lat' dir='ltr'><strong>legem</strong></span> <span class='ocrx_word' id='word_1_403' title='bbox 2109 703 2407 748; x_wconf 84' lang='lat' dir='ltr'><strong>Nazaraeorum</strong></span> <span class='ocrx_word' id='word_1_404' title='bbox 2430 709 2690 752; x_wconf 68' lang='lat' dir='ltr'><strong>excessisset</strong></span> 
     </span>
     <span class='ocr_line' id='line_1_56' title="bbox 1450 776 2559 824; baseline 0.005 -8"><span class='ocrx_word' id='word_1_405' title='bbox 1450 779 1549 818; x_wconf 84' lang='lat' dir='ltr'><strong>ante</strong></span> <span class='ocrx_word' id='word_1_406' title='bbox 1567 779 1808 824; x_wconf 81' lang='lat' dir='ltr'><strong>tonsuram,</strong></span> <span class='ocrx_word' id='word_1_407' title='bbox 1841 779 1883 817; x_wconf 89' lang='lat' dir='ltr'><strong>et</strong></span> <span class='ocrx_word' id='word_1_408' title='bbox 1907 776 2158 818; x_wconf 82' lang='lat' dir='ltr'><strong>recessisset</strong></span> <span class='ocrx_word' id='word_1_409' title='bbox 2185 777 2238 818; x_wconf 85' lang='lat' dir='ltr'><strong>ab</strong></span> <span class='ocrx_word' id='word_1_410' title='bbox 2261 788 2311 819; x_wconf 91' lang='lat' dir='ltr'><strong>eo</strong></span> <span class='ocrx_word' id='word_1_411' title='bbox 2336 776 2559 822; x_wconf 87' lang='lat' dir='ltr'><strong>Dominus.</strong></span> 
     </span>
    </p>

    <p class='ocr_par' dir='ltr' id='par_1_14' title="bbox 1814 846 2326 890">
     <span class='ocr_line' id='line_1_57' title="bbox 1814 846 2326 890; baseline 0 0"><span class='ocrx_word' id='word_1_412' title='bbox 1814 846 1917 890; x_wconf 63' lang='lat' dir='ltr'><strong>Cim.</strong></span> <span class='ocrx_word' id='word_1_413' title='bbox 1950 846 2042 889; x_wconf 79' lang='lat' dir='ltr'><strong>XX.</strong></span> <span class='ocrx_word' id='word_1_414' title='bbox 2078 847 2326 890; x_wconf 62' lang='lat' dir='ltr'><strong>Incidenda.</strong></span> 
     </span>
    </p>

    <p class='ocr_par' dir='ltr' id='par_1_15' title="bbox 1449 918 2692 1265">
     <span class='ocr_line' id='line_1_58' title="bbox 1505 918 2690 974; baseline 0.008 -14"><span class='ocrx_word' id='word_1_415' title='bbox 1505 918 1567 961; x_wconf 84' lang='lat' dir='ltr'><strong>Eo</strong></span> <span class='ocrx_word' id='word_1_416' title='bbox 1605 925 1793 974; x_wconf 85' lang='lat' dir='ltr'><strong>tempore</strong></span> <span class='ocrx_word' id='word_1_417' title='bbox 1811 918 2022 963; x_wconf 84' lang='lat' dir='ltr'><strong>Ascanius</strong></span> <span class='ocrx_word' id='word_1_418' title='bbox 2058 920 2207 962; x_wconf 85' lang='lat' dir='ltr'><strong>Albam</strong></span> <span class='ocrx_word' id='word_1_419' title='bbox 2242 918 2449 971; x_wconf 86' lang='lat' dir='ltr'><strong>condidit,</strong></span> <span class='ocrx_word' id='word_1_420' title='bbox 2476 934 2690 969; x_wconf 79' lang='lat' dir='ltr'><strong>secundus</strong></span> 
     </span>
     <span class='ocr_line' id='line_1_59' title="bbox 1449 990 2691 1044; baseline 0.003 -10"><span class='ocrx_word' id='word_1_421' title='bbox 1449 1003 1523 1034; x_wconf 87' lang='lat' dir='ltr'><strong>rex</strong></span> <span class='ocrx_word' id='word_1_422' title='bbox 1537 990 1806 1033; x_wconf 81' lang='lat' dir='ltr'><strong>Latinorum.</strong></span> <span class='ocrx_word' id='word_1_423' title='bbox 1827 991 2043 1035; x_wconf 76' lang='lat' dir='ltr'><strong>Palesatus</strong></span> <span class='ocrx_word' id='word_1_424' title='bbox 2064 992 2106 1034; x_wconf 87' lang='lat' dir='ltr'><strong>in</strong></span> <span class='ocrx_word' id='word_1_425' title='bbox 2123 992 2234 1035; x_wconf 88' lang='lat' dir='ltr'><strong>libro</strong></span> <span class='ocrx_word' id='word_1_426' title='bbox 2258 992 2584 1044; x_wconf 60' lang='lat' dir='ltr'><strong>hermionium,</strong></span> <span class='ocrx_word' id='word_1_427' title='bbox 2602 1003 2691 1038; x_wconf 85' lang='lat' dir='ltr'><strong>tra-</strong></span> 
     </span>
     <span class='ocr_line' id='line_1_60' title="bbox 1450 1062 2692 1124; baseline 0.003 -18"><span class='ocrx_word' id='word_1_428' title='bbox 1450 1062 1724 1117; x_wconf 66' lang='lat' dir='ltr'><strong>ditUlyssem</strong></span> <span class='ocrx_word' id='word_1_429' title='bbox 1754 1063 1796 1105; x_wconf 92' lang='lat' dir='ltr'><strong>in</strong></span> <span class='ocrx_word' id='word_1_430' title='bbox 1834 1064 1995 1105; x_wconf 79' lang='lat' dir='ltr'><strong>trierim</strong></span> <span class='ocrx_word' id='word_1_431' title='bbox 2039 1076 2289 1119; x_wconf 87' lang='lat' dir='ltr'><strong>syrenorum</strong></span> <span class='ocrx_word' id='word_1_432' title='bbox 2310 1065 2468 1120; x_wconf 83' lang='lat' dir='ltr'><strong>fugisse</strong></span> <span class='ocrx_word' id='word_1_433' title='bbox 2486 1065 2692 1124; x_wconf 85' lang='lat' dir='ltr'><strong>Scyllam,</strong></span> 
     </span>
     <span class='ocr_line' id='line_1_61' title="bbox 1451 1135 2690 1192; baseline 0.004 -12"><span class='ocrx_word' id='word_1_434' title='bbox 1451 1136 1638 1191; x_wconf 83' lang='lat' dir='ltr'><strong>spoliare</strong></span> <span class='ocrx_word' id='word_1_435' title='bbox 1660 1135 1852 1191; x_wconf 80' lang='lat' dir='ltr'><strong>hospites</strong></span> <span class='ocrx_word' id='word_1_436' title='bbox 1877 1135 2064 1179; x_wconf 88' lang='lat' dir='ltr'><strong>solitam.</strong></span> <span class='ocrx_word' id='word_1_437' title='bbox 2087 1135 2271 1191; x_wconf 73' lang='lat' dir='ltr'><strong>Syrenes</strong></span> <span class='ocrx_word' id='word_1_438' title='bbox 2296 1149 2465 1192; x_wconf 89' lang='lat' dir='ltr'><strong>quoque</strong></span> <span class='ocrx_word' id='word_1_439' title='bbox 2488 1139 2690 1185; x_wconf 77' lang='lat' dir='ltr'><strong>mulieres</strong></span> 
     </span>
     <span class='ocr_line' id='line_1_62' title="bbox 1452 1207 2301 1265; baseline 0 -13"><span class='ocrx_word' id='word_1_440' title='bbox 1452 1208 1602 1262; x_wconf 77' lang='lat' dir='ltr'><strong>fuisse,</strong></span> <span class='ocrx_word' id='word_1_441' title='bbox 1629 1221 1723 1265; x_wconf 81' lang='lat' dir='ltr'><strong>quae</strong></span> <span class='ocrx_word' id='word_1_442' title='bbox 1746 1207 2015 1263; x_wconf 82' lang='lat' dir='ltr'><strong>decipiebant</strong></span> <span class='ocrx_word' id='word_1_443' title='bbox 2034 1209 2301 1264; x_wconf 78' lang='lat' dir='ltr'><strong>navigantes.</strong></span> 
     </span>
    </p>

    <p class='ocr_par' dir='ltr' id='par_1_16' title="bbox 1606 1280 2537 1336">
     <span class='ocr_line' id='line_1_63' title="bbox 1606 1280 2537 1336; baseline 0.002 -11"><span class='ocrx_word' id='word_1_444' title='bbox 1606 1282 1707 1325; x_wconf 69' lang='lat' dir='ltr'><strong>Cn.</strong></span> <span class='ocrx_word' id='word_1_445' title='bbox 1739 1280 1851 1323; x_wconf 72' lang='lat' dir='ltr'><strong>XXl.</strong></span> <span class='ocrx_word' id='word_1_446' title='bbox 1885 1280 1945 1323; x_wconf 81' lang='lat' dir='ltr'><strong>De</strong></span> <span class='ocrx_word' id='word_1_447' title='bbox 1971 1280 2112 1323; x_wconf 77' lang='lat' dir='ltr'><strong>Miclta</strong></span> <span class='ocrx_word' id='word_1_448' title='bbox 2134 1289 2174 1323; x_wconf 87' lang='lat' dir='ltr'><strong>et</strong></span> <span class='ocrx_word' id='word_1_449' title='bbox 2196 1281 2285 1336; x_wconf 79' lang='lat' dir='ltr'><strong>ejus</strong></span> <span class='ocrx_word' id='word_1_450' title='bbox 2310 1283 2537 1327; x_wconf 78' lang='lat' dir='ltr'><strong>sacerdote.</strong></span> 
     </span>
    </p>

    <p class='ocr_par' dir='ltr' id='par_1_17' title="bbox 1450 1354 2697 2287">
     <span class='ocr_line' id='line_1_64' title="bbox 1509 1354 2690 1416; baseline 0.003 -16"><span class='ocrx_word' id='word_1_451' title='bbox 1509 1355 1714 1413; x_wconf 84' lang='lat' dir='ltr'><strong>Sequitur</strong></span> <span class='ocrx_word' id='word_1_452' title='bbox 1749 1356 1929 1400; x_wconf 85' lang='lat' dir='ltr'><strong>historia</strong></span> <span class='ocrx_word' id='word_1_453' title='bbox 1970 1354 2022 1398; x_wconf 87' lang='lat' dir='ltr'><strong>de</strong></span> <span class='ocrx_word' id='word_1_454' title='bbox 2057 1355 2171 1398; x_wconf 86' lang='lat' dir='ltr'><strong>idolo</strong></span> <span class='ocrx_word' id='word_1_455' title='bbox 2205 1355 2354 1400; x_wconf 80' lang='lat' dir='ltr'><strong>Michae</strong></span> <span class='ocrx_word' id='word_1_456' title='bbox 2379 1357 2537 1412; x_wconf 73' lang='lat' dir='ltr'><strong>(ludio.</strong></span> <span class='ocrx_word' id='word_1_457' title='bbox 2568 1359 2690 1416; x_wconf 79' lang='lat' dir='ltr'><strong>xvii).</strong></span> 
     </span>
     <span class='ocr_line' id='line_1_65' title="bbox 1454 1428 2690 1484; baseline 0.003 -12"><span class='ocrx_word' id='word_1_458' title='bbox 1454 1428 1578 1472; x_wconf 84' lang='lat' dir='ltr'><strong>Hunc</strong></span> <span class='ocrx_word' id='word_1_459' title='bbox 1600 1437 1743 1473; x_wconf 88' lang='lat' dir='ltr'><strong>autem</strong></span> <span class='ocrx_word' id='word_1_460' title='bbox 1767 1435 1985 1479; x_wconf 73' lang='lat' dir='ltr'><strong>eventum,</strong></span> <span class='ocrx_word' id='word_1_461' title='bbox 2009 1434 2052 1472; x_wconf 88' lang='lat' dir='ltr'><strong>et</strong></span> <span class='ocrx_word' id='word_1_462' title='bbox 2074 1429 2255 1472; x_wconf 86' lang='lat' dir='ltr'><strong>alterum</strong></span> <span class='ocrx_word' id='word_1_463' title='bbox 2280 1430 2332 1473; x_wconf 91' lang='lat' dir='ltr'><strong>de</strong></span> <span class='ocrx_word' id='word_1_464' title='bbox 2363 1443 2496 1475; x_wconf 85' lang='lat' dir='ltr'><strong>uxore</strong></span> <span class='ocrx_word' id='word_1_465' title='bbox 2516 1432 2690 1484; x_wconf 81' lang='lat' dir='ltr'><strong>Levitae,</strong></span> 
     </span>
     <span class='ocr_line' id='line_1_66' title="bbox 1450 1499 2695 1558; baseline 0.002 -14"><span class='ocrx_word' id='word_1_466' title='bbox 1450 1501 1556 1546; x_wconf 85' lang='lat' dir='ltr'><strong>dicit</strong></span> <span class='ocrx_word' id='word_1_467' title='bbox 1592 1499 1807 1557; x_wconf 71' lang='lat' dir='ltr'><strong>losephus</strong></span> <span class='ocrx_word' id='word_1_468' title='bbox 1849 1501 2085 1556; x_wconf 81' lang='lat' dir='ltr'><strong>contigisse</strong></span> <span class='ocrx_word' id='word_1_469' title='bbox 2118 1507 2217 1558; x_wconf 88' lang='lat' dir='ltr'><strong>post</strong></span> <span class='ocrx_word' id='word_1_470' title='bbox 2252 1508 2434 1546; x_wconf 87' lang='lat' dir='ltr'><strong>mortem</strong></span> <span class='ocrx_word' id='word_1_471' title='bbox 2470 1503 2619 1555; x_wconf 83' lang='lat' dir='ltr'><strong>Josue,</strong></span> <span class='ocrx_word' id='word_1_472' title='bbox 2651 1508 2695 1549; x_wconf 86' lang='lat' dir='ltr'><strong>et</strong></span> 
     </span>
     <span class='ocr_line' id='line_1_67' title="bbox 1452 1572 2695 1629; baseline 0.004 -14"><span class='ocrx_word' id='word_1_473' title='bbox 1452 1578 1553 1616; x_wconf 88' lang='lat' dir='ltr'><strong>ante</strong></span> <span class='ocrx_word' id='word_1_474' title='bbox 1575 1572 1793 1624; x_wconf 81' lang='lat' dir='ltr'><strong>othoniel,</strong></span> <span class='ocrx_word' id='word_1_475' title='bbox 1820 1585 1917 1616; x_wconf 88' lang='lat' dir='ltr'><strong>cum</strong></span> <span class='ocrx_word' id='word_1_476' title='bbox 1942 1573 2176 1629; x_wconf 89' lang='lat' dir='ltr'><strong>plurimum</strong></span> <span class='ocrx_word' id='word_1_477' title='bbox 2205 1583 2424 1628; x_wconf 86' lang='lat' dir='ltr'><strong>peccasset</strong></span> <span class='ocrx_word' id='word_1_478' title='bbox 2441 1586 2585 1619; x_wconf 86' lang='lat' dir='ltr'><strong>eoram</strong></span> <span class='ocrx_word' id='word_1_479' title='bbox 2610 1576 2695 1620; x_wconf 64' lang='lat' dir='ltr'><strong>lio-</strong></span> 
     </span>
     <span class='ocr_line' id='line_1_68' title="bbox 1451 1644 2695 1695; baseline 0.003 -7"><span class='ocrx_word' id='word_1_480' title='bbox 1451 1646 1571 1688; x_wconf 90' lang='lat' dir='ltr'><strong>mino</strong></span> <span class='ocrx_word' id='word_1_481' title='bbox 1594 1645 1751 1695; x_wconf 86' lang='lat' dir='ltr'><strong>lsrael,</strong></span> <span class='ocrx_word' id='word_1_482' title='bbox 1778 1651 1819 1689; x_wconf 88' lang='lat' dir='ltr'><strong>et</strong></span> <span class='ocrx_word' id='word_1_483' title='bbox 1850 1645 2098 1689; x_wconf 88' lang='lat' dir='ltr'><strong>tradidisset</strong></span> <span class='ocrx_word' id='word_1_484' title='bbox 2135 1657 2210 1689; x_wconf 88' lang='lat' dir='ltr'><strong>eos</strong></span> <span class='ocrx_word' id='word_1_485' title='bbox 2234 1644 2439 1690; x_wconf 89' lang='lat' dir='ltr'><strong>Dominus</strong></span> <span class='ocrx_word' id='word_1_486' title='bbox 2463 1647 2507 1691; x_wconf 87' lang='lat' dir='ltr'><strong>in</strong></span> <span class='ocrx_word' id='word_1_487' title='bbox 2540 1660 2695 1693; x_wconf 89' lang='lat' dir='ltr'><strong>manus</strong></span> 
     </span>
     <span class='ocr_line' id='line_1_69' title="bbox 1451 1719 2693 1776; baseline 0.002 -12"><span class='ocrx_word' id='word_1_488' title='bbox 1451 1719 1809 1765; x_wconf 78' lang='lat' dir='ltr'><strong>chananaeorum.</strong></span> <span class='ocrx_word' id='word_1_489' title='bbox 1843 1719 1923 1772; x_wconf 86' lang='lat' dir='ltr'><strong>Qui</strong></span> <span class='ocrx_word' id='word_1_490' title='bbox 1963 1719 2235 1764; x_wconf 87' lang='lat' dir='ltr'><strong>abstulerunt</strong></span> <span class='ocrx_word' id='word_1_491' title='bbox 2264 1719 2386 1764; x_wconf 80' lang='lat' dir='ltr'><strong>Judae</strong></span> <span class='ocrx_word' id='word_1_492' title='bbox 2421 1721 2693 1776; x_wconf 79' lang='lat' dir='ltr'><strong>Ascalonem,</strong></span> 
     </span>
     <span class='ocr_line' id='line_1_70' title="bbox 1451 1792 2695 1849; baseline 0.002 -12"><span class='ocrx_word' id='word_1_493' title='bbox 1451 1803 1495 1837; x_wconf 81' lang='lat' dir='ltr'><strong>et</strong></span> <span class='ocrx_word' id='word_1_494' title='bbox 1524 1794 1737 1847; x_wconf 75' lang='lat' dir='ltr'><strong>Accamn,</strong></span> <span class='ocrx_word' id='word_1_495' title='bbox 1764 1801 1807 1837; x_wconf 88' lang='lat' dir='ltr'><strong>et</strong></span> <span class='ocrx_word' id='word_1_496' title='bbox 1847 1793 2007 1837; x_wconf 88' lang='lat' dir='ltr'><strong>multas</strong></span> <span class='ocrx_word' id='word_1_497' title='bbox 2043 1792 2174 1837; x_wconf 89' lang='lat' dir='ltr'><strong>urbes</strong></span> <span class='ocrx_word' id='word_1_498' title='bbox 2208 1793 2253 1836; x_wconf 87' lang='lat' dir='ltr'><strong>in</strong></span> <span class='ocrx_word' id='word_1_499' title='bbox 2291 1795 2623 1849; x_wconf 83' lang='lat' dir='ltr'><strong>campestrihus,</strong></span> <span class='ocrx_word' id='word_1_500' title='bbox 2652 1803 2695 1839; x_wconf 88' lang='lat' dir='ltr'><strong>et</strong></span> 
     </span>
     <span class='ocr_line' id='line_1_71' title="bbox 1453 1865 2695 1926; baseline 0 -14"><span class='ocrx_word' id='word_1_501' title='bbox 1453 1869 1571 1926; x_wconf 90' lang='lat' dir='ltr'><strong>ipsos</strong></span> <span class='ocrx_word' id='word_1_502' title='bbox 1602 1867 1778 1912; x_wconf 84' lang='lat' dir='ltr'><strong>Danitas</strong></span> <span class='ocrx_word' id='word_1_503' title='bbox 1802 1867 2006 1923; x_wconf 82' lang='lat' dir='ltr'><strong>expulsos</strong></span> <span class='ocrx_word' id='word_1_504' title='bbox 2030 1866 2071 1910; x_wconf 89' lang='lat' dir='ltr'><strong>in</strong></span> <span class='ocrx_word' id='word_1_505' title='bbox 2096 1872 2283 1911; x_wconf 88' lang='lat' dir='ltr'><strong>montem</strong></span> <span class='ocrx_word' id='word_1_506' title='bbox 2307 1865 2451 1923; x_wconf 84' lang='lat' dir='ltr'><strong>sugere</strong></span> <span class='ocrx_word' id='word_1_507' title='bbox 2475 1869 2695 1924; x_wconf 88' lang='lat' dir='ltr'><strong>compule-</strong></span> 
     </span>
     <span class='ocr_line' id='line_1_72' title="bbox 1452 1936 2695 1994; baseline -0.002 -10"><span class='ocrx_word' id='word_1_508' title='bbox 1452 1945 1573 1985; x_wconf 87' lang='lat' dir='ltr'><strong>runt.</strong></span> <span class='ocrx_word' id='word_1_509' title='bbox 1602 1937 1662 1980; x_wconf 88' lang='lat' dir='ltr'><strong>Eo</strong></span> <span class='ocrx_word' id='word_1_510' title='bbox 1686 1943 1881 1993; x_wconf 90' lang='lat' dir='ltr'><strong>tempore</strong></span> <span class='ocrx_word' id='word_1_511' title='bbox 1905 1937 1986 1980; x_wconf 85' lang='lat' dir='ltr'><strong>suit</strong></span> <span class='ocrx_word' id='word_1_512' title='bbox 2012 1937 2076 1979; x_wconf 83' lang='lat' dir='ltr'><strong>vir</strong></span> <span class='ocrx_word' id='word_1_513' title='bbox 2107 1936 2160 1981; x_wconf 88' lang='lat' dir='ltr'><strong>de</strong></span> <span class='ocrx_word' id='word_1_514' title='bbox 2197 1943 2342 1981; x_wconf 88' lang='lat' dir='ltr'><strong>monte</strong></span> <span class='ocrx_word' id='word_1_515' title='bbox 2368 1937 2588 1994; x_wconf 77' lang='lat' dir='ltr'><strong>Ephraim,</strong></span> <span class='ocrx_word' id='word_1_516' title='bbox 2617 1952 2695 1983; x_wconf 88' lang='lat' dir='ltr'><strong>no-</strong></span> 
     </span>
     <span class='ocr_line' id='line_1_73' title="bbox 1451 2009 2697 2066; baseline 0.002 -11"><span class='ocrx_word' id='word_1_517' title='bbox 1451 2011 1570 2055; x_wconf 86' lang='lat' dir='ltr'><strong>mine</strong></span> <span class='ocrx_word' id='word_1_518' title='bbox 1595 2009 1775 2060; x_wconf 79' lang='lat' dir='ltr'><strong>Micbas,</strong></span> <span class='ocrx_word' id='word_1_519' title='bbox 1799 2009 1874 2066; x_wconf 89' lang='lat' dir='ltr'><strong>qui</strong></span> <span class='ocrx_word' id='word_1_520' title='bbox 1905 2010 2095 2066; x_wconf 77' lang='lat' dir='ltr'><strong>suscepit</strong></span> <span class='ocrx_word' id='word_1_521' title='bbox 2125 2021 2151 2053; x_wconf 80' lang='lat' dir='ltr'><strong>a</strong></span> <span class='ocrx_word' id='word_1_522' title='bbox 2183 2016 2319 2054; x_wconf 86' lang='lat' dir='ltr'><strong>matre</strong></span> <span class='ocrx_word' id='word_1_523' title='bbox 2353 2023 2428 2055; x_wconf 86' lang='lat' dir='ltr'><strong>sua</strong></span> <span class='ocrx_word' id='word_1_524' title='bbox 2456 2012 2571 2056; x_wconf 87' lang='lat' dir='ltr'><strong>mille</strong></span> <span class='ocrx_word' id='word_1_525' title='bbox 2592 2023 2697 2058; x_wconf 86' lang='lat' dir='ltr'><strong>cen-</strong></span> 
     </span>
     <span class='ocr_line' id='line_1_74' title="bbox 1452 2079 2697 2138; baseline 0.001 -12"><span class='ocrx_word' id='word_1_526' title='bbox 1452 2087 1552 2126; x_wconf 86' lang='lat' dir='ltr'><strong>tum</strong></span> <span class='ocrx_word' id='word_1_527' title='bbox 1568 2087 1795 2138; x_wconf 82' lang='lat' dir='ltr'><strong>argenteos</strong></span> <span class='ocrx_word' id='word_1_528' title='bbox 1822 2081 2004 2125; x_wconf 67' lang='lat' dir='ltr'><strong>votivos.</strong></span> <span class='ocrx_word' id='word_1_529' title='bbox 2030 2080 2082 2122; x_wconf 65' lang='lat'><strong>131</strong></span> <span class='ocrx_word' id='word_1_530' title='bbox 2114 2079 2213 2124; x_wconf 77' lang='lat' dir='ltr'><strong>fecit</strong></span> <span class='ocrx_word' id='word_1_531' title='bbox 2240 2093 2293 2125; x_wconf 89' lang='lat' dir='ltr'><strong>ex</strong></span> <span class='ocrx_word' id='word_1_532' title='bbox 2316 2084 2520 2127; x_wconf 81' lang='lat' dir='ltr'><strong>mandato</strong></span> <span class='ocrx_word' id='word_1_533' title='bbox 2545 2084 2697 2128; x_wconf 85' lang='lat' dir='ltr'><strong>matris</strong></span> 
     </span>
     <span class='ocr_line' id='line_1_75' title="bbox 1454 2152 2696 2211; baseline 0.002 -13"><span class='ocrx_word' id='word_1_534' title='bbox 1454 2167 1544 2199; x_wconf 85' lang='lat' dir='ltr'><strong>suae</strong></span> <span class='ocrx_word' id='word_1_535' title='bbox 1568 2156 1631 2199; x_wconf 90' lang='lat' dir='ltr'><strong>eis</strong></span> <span class='ocrx_word' id='word_1_536' title='bbox 1655 2154 1794 2210; x_wconf 83' lang='lat' dir='ltr'><strong>ephod</strong></span> <span class='ocrx_word' id='word_1_537' title='bbox 1809 2160 1851 2198; x_wconf 89' lang='lat' dir='ltr'><strong>et</strong></span> <span class='ocrx_word' id='word_1_538' title='bbox 1875 2152 2135 2211; x_wconf 84' lang='lat' dir='ltr'><strong>theraphim,</strong></span> <span class='ocrx_word' id='word_1_539' title='bbox 2158 2154 2201 2198; x_wconf 90' lang='lat' dir='ltr'><strong>id</strong></span> <span class='ocrx_word' id='word_1_540' title='bbox 2225 2161 2291 2198; x_wconf 86' lang='lat' dir='ltr'><strong>est</strong></span> <span class='ocrx_word' id='word_1_541' title='bbox 2310 2162 2472 2200; x_wconf 85' lang='lat' dir='ltr'><strong>vestem</strong></span> <span class='ocrx_word' id='word_1_542' title='bbox 2493 2158 2696 2201; x_wconf 82' lang='lat' dir='ltr'><strong>sacerdo-</strong></span> 
     </span>
     <span class='ocr_line' id='line_1_76' title="bbox 1456 2226 2697 2287; baseline 0.002 -15"><span class='ocrx_word' id='word_1_543' title='bbox 1456 2229 1585 2273; x_wconf 86' lang='lat' dir='ltr'><strong>talem</strong></span> <span class='ocrx_word' id='word_1_544' title='bbox 1609 2235 1654 2272; x_wconf 90' lang='lat' dir='ltr'><strong>et</strong></span> <span class='ocrx_word' id='word_1_545' title='bbox 1674 2228 1805 2273; x_wconf 88' lang='lat' dir='ltr'><strong>idola.</strong></span> <span class='ocrx_word' id='word_1_546' title='bbox 1827 2226 1879 2272; x_wconf 88' lang='lat' dir='ltr'><strong>Et</strong></span> <span class='ocrx_word' id='word_1_547' title='bbox 1903 2229 2120 2287; x_wconf 68' lang='lat' dir='ltr'><strong>separavit·</strong></span> <span class='ocrx_word' id='word_1_548' title='bbox 2152 2229 2215 2272; x_wconf 89' lang='lat' dir='ltr'><strong>eis</strong></span> <span class='ocrx_word' id='word_1_549' title='bbox 2242 2228 2465 2274; x_wconf 80' lang='lat' dir='ltr'><strong>aediculam</strong></span> <span class='ocrx_word' id='word_1_550' title='bbox 2497 2230 2540 2274; x_wconf 88' lang='lat' dir='ltr'><strong>in</strong></span> <span class='ocrx_word' id='word_1_551' title='bbox 2569 2229 2697 2274; x_wconf 89' lang='lat' dir='ltr'><strong>domo</strong></span> 
     </span>
    </p>
   </div>
   <div class='ocr_carea' id='block_1_12' title="bbox 1398 2302 2699 2366">
    <p class='ocr_par' dir='ltr' id='par_1_18' title="bbox 1398 2302 2699 2366">
     <span class='ocr_line' id='line_1_77' title="bbox 1398 2302 2699 2366; baseline 0 -19"><span class='ocrx_word' id='word_1_552' title='bbox 1398 2321 1431 2366; x_wconf 76' lang='lat' dir='ltr'>C</span> <span class='ocrx_word' id='word_1_553' title='bbox 1457 2314 1552 2351; x_wconf 78' lang='lat' dir='ltr'><strong>sua,</strong></span> <span class='ocrx_word' id='word_1_554' title='bbox 1577 2308 1620 2354; x_wconf 78' lang='lat' dir='ltr'><strong>et</strong></span> <span class='ocrx_word' id='word_1_555' title='bbox 1650 2303 1841 2358; x_wconf 85' lang='lat' dir='ltr'><strong>implevit</strong></span> <span class='ocrx_word' id='word_1_556' title='bbox 1875 2314 2050 2346; x_wconf 87' lang='lat' dir='ltr'><strong>manum</strong></span> <span class='ocrx_word' id='word_1_557' title='bbox 2077 2302 2411 2348; x_wconf 81' lang='lat' dir='ltr'><strong>unius-tiliorum</strong></span> <span class='ocrx_word' id='word_1_558' title='bbox 2438 2315 2633 2358; x_wconf 86' lang='lat' dir='ltr'><strong>suorum,</strong></span> <span class='ocrx_word' id='word_1_559' title='bbox 2655 2311 2699 2349; x_wconf 87' lang='lat' dir='ltr'><strong>et</strong></span> 
     </span>
    </p>
   </div>
   <div class='ocr_carea' id='block_1_13' title="bbox 1457 2375 2700 3380">
    <p class='ocr_par' dir='ltr' id='par_1_19' title="bbox 1457 2375 2700 3380">
     <span class='ocr_line' id='line_1_78' title="bbox 1458 2375 2699 2426; baseline 0.003 -9"><span class='ocrx_word' id='word_1_560' title='bbox 1458 2375 1600 2420; x_wconf 83' lang='lat' dir='ltr'><strong>sactus</strong></span> <span class='ocrx_word' id='word_1_561' title='bbox 1622 2380 1688 2419; x_wconf 91' lang='lat' dir='ltr'><strong>est</strong></span> <span class='ocrx_word' id='word_1_562' title='bbox 1712 2375 1752 2420; x_wconf 88' lang='lat' dir='ltr'><strong>ei</strong></span> <span class='ocrx_word' id='word_1_563' title='bbox 1786 2375 2007 2426; x_wconf 85' lang='lat' dir='ltr'><strong>sacerdos,</strong></span> <span class='ocrx_word' id='word_1_564' title='bbox 2033 2382 2075 2419; x_wconf 89' lang='lat' dir='ltr'><strong>et</strong></span> <span class='ocrx_word' id='word_1_565' title='bbox 2099 2375 2317 2419; x_wconf 71' lang='lat' dir='ltr'><strong>investivit</strong></span> <span class='ocrx_word' id='word_1_566' title='bbox 2339 2389 2435 2420; x_wconf 89' lang='lat' dir='ltr'><strong>eum</strong></span> <span class='ocrx_word' id='word_1_567' title='bbox 2455 2377 2699 2421; x_wconf 77' lang='lat' dir='ltr'><strong>sacerdotio</strong></span> 
     </span>
     <span class='ocr_line' id='line_1_79' title="bbox 1457 2445 2700 2506; baseline 0.005 -17"><span class='ocrx_word' id='word_1_568' title='bbox 1457 2460 1536 2504; x_wconf 81' lang='lat' dir='ltr'><strong>per</strong></span> <span class='ocrx_word' id='word_1_569' title='bbox 1568 2445 1744 2503; x_wconf 82' lang='lat' dir='ltr'><strong>aliquod</strong></span> <span class='ocrx_word' id='word_1_570' title='bbox 1784 2447 2027 2503; x_wconf 86' lang='lat' dir='ltr'><strong>appositum</strong></span> <span class='ocrx_word' id='word_1_571' title='bbox 2056 2447 2100 2491; x_wconf 91' lang='lat' dir='ltr'><strong>in</strong></span> <span class='ocrx_word' id='word_1_572' title='bbox 2127 2459 2256 2492; x_wconf 84' lang='lat' dir='ltr'><strong>manu</strong></span> <span class='ocrx_word' id='word_1_573' title='bbox 2287 2448 2487 2503; x_wconf 18' lang='lat' dir='ltr'><strong>ejus,rvel</strong></span> <span class='ocrx_word' id='word_1_574' title='bbox 2511 2450 2700 2506; x_wconf 84' lang='lat' dir='ltr'><strong>implevit</strong></span> 
     </span>
     <span class='ocr_line' id='line_1_80' title="bbox 1458 2519 2697 2576; baseline 0 -13"><span class='ocrx_word' id='word_1_575' title='bbox 1458 2532 1632 2565; x_wconf 83' lang='lat' dir='ltr'><strong>manum</strong></span> <span class='ocrx_word' id='word_1_576' title='bbox 1658 2520 1768 2576; x_wconf 80' lang='lat' dir='ltr'><strong>ejus,</strong></span> <span class='ocrx_word' id='word_1_577' title='bbox 1803 2519 1845 2562; x_wconf 86' lang='lat' dir='ltr'><strong>id</strong></span> <span class='ocrx_word' id='word_1_578' title='bbox 1864 2528 1929 2563; x_wconf 86' lang='lat' dir='ltr'><strong>est</strong></span> <span class='ocrx_word' id='word_1_579' title='bbox 1951 2531 2063 2575; x_wconf 84' lang='lat' dir='ltr'><strong>saepe</strong></span> <span class='ocrx_word' id='word_1_580' title='bbox 2081 2521 2236 2565; x_wconf 89' lang='lat' dir='ltr'><strong>obtulit</strong></span> <span class='ocrx_word' id='word_1_581' title='bbox 2259 2522 2298 2564; x_wconf 91' lang='lat' dir='ltr'><strong>ei</strong></span> <span class='ocrx_word' id='word_1_582' title='bbox 2323 2528 2524 2576; x_wconf 87' lang='lat' dir='ltr'><strong>tanquam</strong></span> <span class='ocrx_word' id='word_1_583' title='bbox 2549 2533 2697 2565; x_wconf 88' lang='lat' dir='ltr'><strong>saeer-</strong></span> 
     </span>
     <span class='ocr_line' id='line_1_81' title="bbox 1457 2580 2698 2644; baseline 0 -6"><span class='ocrx_word' id='word_1_584' title='bbox 1457 2594 1565 2638; x_wconf 87' lang='lat' dir='ltr'><strong>doti.</strong></span> <span class='ocrx_word' id='word_1_585' title='bbox 1606 2592 1655 2636; x_wconf 85' lang='lat' dir='ltr'><strong>ln</strong></span> <span class='ocrx_word' id='word_1_586' title='bbox 1694 2594 1850 2637; x_wconf 85' lang='lat' dir='ltr'><strong>diebus</strong></span> <span class='ocrx_word' id='word_1_587' title='bbox 1884 2593 1969 2636; x_wconf 79' lang='lat' dir='ltr'><strong>illis</strong></span> <span class='ocrx_word' id='word_1_588' title='bbox 2010 2606 2099 2636; x_wconf 89' lang='lat' dir='ltr'><strong>non</strong></span> <span class='ocrx_word' id='word_1_589' title='bbox 2140 2599 2233 2637; x_wconf 85' lang='lat' dir='ltr'><strong>erat</strong></span> <span class='ocrx_word' id='word_1_590' title='bbox 2257 2605 2333 2636; x_wconf 87' lang='lat' dir='ltr'><strong>rex</strong></span> <span class='ocrx_word' id='word_1_591' title='bbox 2366 2580 2421 2636; x_wconf 43' lang='lat' dir='ltr'><strong>in&#39;</strong></span> <span class='ocrx_word' id='word_1_592' title='bbox 2447 2592 2595 2644; x_wconf 84' lang='lat' dir='ltr'><strong>lsrael,</strong></span> <span class='ocrx_word' id='word_1_593' title='bbox 2622 2593 2698 2638; x_wconf 86' lang='lat' dir='ltr'><strong>sed</strong></span> 
     </span>
     <span class='ocr_line' id='line_1_82' title="bbox 1459 2665 2695 2723; baseline -0.002 -11"><span class='ocrx_word' id='word_1_594' title='bbox 1459 2666 1758 2723; x_wconf 74' lang='lat' dir='ltr'><strong>unusquisque</strong></span> <span class='ocrx_word' id='word_1_595' title='bbox 1793 2667 1906 2721; x_wconf 84' lang='lat' dir='ltr'><strong>quod</strong></span> <span class='ocrx_word' id='word_1_596' title='bbox 1945 2666 2025 2709; x_wconf 90' lang='lat' dir='ltr'><strong>sibi</strong></span> <span class='ocrx_word' id='word_1_597' title='bbox 2053 2674 2216 2709; x_wconf 88' lang='lat' dir='ltr'><strong>rectum</strong></span> <span class='ocrx_word' id='word_1_598' title='bbox 2250 2665 2472 2709; x_wconf 78' lang='lat' dir='ltr'><strong>videbatur</strong></span> <span class='ocrx_word' id='word_1_599' title='bbox 2498 2665 2695 2710; x_wconf 71' lang='lat' dir='ltr'><strong>faciebat.</strong></span> 
     </span>
     <span class='ocr_line' id='line_1_83' title="bbox 1459 2738 2700 2795; baseline 0.001 -12"><span class='ocrx_word' id='word_1_600' title='bbox 1459 2738 1555 2784; x_wconf 81' lang='lat' dir='ltr'><strong>Fuit</strong></span> <span class='ocrx_word' id='word_1_601' title='bbox 1578 2747 1719 2784; x_wconf 78' lang='lat' dir='ltr'><strong>autem</strong></span> <span class='ocrx_word' id='word_1_602' title='bbox 1742 2740 1851 2788; x_wconf 87' lang='lat' dir='ltr'><strong>alter</strong></span> <span class='ocrx_word' id='word_1_603' title='bbox 1877 2740 2127 2783; x_wconf 82' lang='lat' dir='ltr'><strong>adolescens</strong></span> <span class='ocrx_word' id='word_1_604' title='bbox 2150 2738 2457 2782; x_wconf 84' lang='lat' dir='ltr'><strong>Bethlehemita</strong></span> <span class='ocrx_word' id='word_1_605' title='bbox 2489 2747 2700 2795; x_wconf 84' lang='lat' dir='ltr'><strong>cognatus</strong></span> 
     </span>
     <span class='ocr_line' id='line_1_84' title="bbox 1459 2811 2698 2869; baseline -0.003 -11"><span class='ocrx_word' id='word_1_606' title='bbox 1459 2814 1688 2858; x_wconf 79' lang='lat' dir='ltr'><strong>Michaeet</strong></span> <span class='ocrx_word' id='word_1_607' title='bbox 1725 2813 1868 2865; x_wconf 63' lang='lat' dir='ltr'><strong>levita.</strong></span> <span class='ocrx_word' id='word_1_608' title='bbox 1906 2813 1980 2857; x_wconf 87' lang='lat' dir='ltr'><strong>scd</strong></span> <span class='ocrx_word' id='word_1_609' title='bbox 2024 2824 2201 2867; x_wconf 84' lang='lat' dir='ltr'><strong>pauper.</strong></span> <span class='ocrx_word' id='word_1_610' title='bbox 2238 2811 2319 2864; x_wconf 86' lang='lat' dir='ltr'><strong>Qui</strong></span> <span class='ocrx_word' id='word_1_611' title='bbox 2348 2812 2480 2855; x_wconf 76' lang='lat' dir='ltr'><strong>voluit</strong></span> <span class='ocrx_word' id='word_1_612' title='bbox 2507 2813 2698 2869; x_wconf 80' lang='lat' dir='ltr'><strong>peregri-</strong></span> 
     </span>
     <span class='ocr_line' id='line_1_85' title="bbox 1460 2881 2700 2942; baseline -0.003 -12"><span class='ocrx_word' id='word_1_613' title='bbox 1460 2881 1572 2940; x_wconf 88' lang='lat' dir='ltr'><strong>nari,</strong></span> <span class='ocrx_word' id='word_1_614' title='bbox 1597 2887 1846 2942; x_wconf 82' lang='lat' dir='ltr'><strong>ubicunque</strong></span> <span class='ocrx_word' id='word_1_615' title='bbox 1882 2885 2153 2929; x_wconf 85' lang='lat' dir='ltr'><strong>commodum</strong></span> <span class='ocrx_word' id='word_1_616' title='bbox 2179 2885 2260 2928; x_wconf 90' lang='lat' dir='ltr'><strong>sibi</strong></span> <span class='ocrx_word' id='word_1_617' title='bbox 2289 2885 2533 2940; x_wconf 85' lang='lat' dir='ltr'><strong>reperisset.</strong></span> <span class='ocrx_word' id='word_1_618' title='bbox 2568 2884 2700 2929; x_wconf 87' lang='lat' dir='ltr'><strong>Cum-</strong></span> 
     </span>
     <span class='ocr_line' id='line_1_86' title="bbox 1460 2956 2700 3018; baseline -0.004 -14"><span class='ocrx_word' id='word_1_619' title='bbox 1460 2974 1544 3018; x_wconf 85' lang='lat' dir='ltr'><strong>que</strong></span> <span class='ocrx_word' id='word_1_620' title='bbox 1567 2961 1824 3004; x_wconf 81' lang='lat' dir='ltr'><strong>declinasset</strong></span> <span class='ocrx_word' id='word_1_621' title='bbox 1846 2959 1891 3002; x_wconf 86' lang='lat' dir='ltr'><strong>in</strong></span> <span class='ocrx_word' id='word_1_622' title='bbox 1910 2959 2086 3003; x_wconf 88' lang='lat' dir='ltr'><strong>domum</strong></span> <span class='ocrx_word' id='word_1_623' title='bbox 2104 2956 2268 3008; x_wconf 82' lang='lat' dir='ltr'><strong>Michae,</strong></span> <span class='ocrx_word' id='word_1_624' title='bbox 2286 2958 2453 3013; x_wconf 83' lang='lat' dir='ltr'><strong>cognita</strong></span> <span class='ocrx_word' id='word_1_625' title='bbox 2472 2969 2603 3000; x_wconf 87' lang='lat' dir='ltr'><strong>causa</strong></span> <span class='ocrx_word' id='word_1_626' title='bbox 2621 2956 2700 2999; x_wconf 78' lang='lat' dir='ltr'><strong>viae</strong></span> 
     </span>
     <span class='ocr_line' id='line_1_87' title="bbox 1460 3027 2698 3088; baseline -0.006 -12"><span class='ocrx_word' id='word_1_627' title='bbox 1460 3033 1571 3088; x_wconf 69' lang='lat' dir='ltr'><strong>eius,</strong></span> <span class='ocrx_word' id='word_1_628' title='bbox 1597 3031 1822 3074; x_wconf 88' lang='lat' dir='ltr'><strong>constituit</strong></span> <span class='ocrx_word' id='word_1_629' title='bbox 1846 3042 1944 3077; x_wconf 86' lang='lat' dir='ltr'><strong>eum</strong></span> <span class='ocrx_word' id='word_1_630' title='bbox 1972 3028 2054 3072; x_wconf 89' lang='lat' dir='ltr'><strong>sihi</strong></span> <span class='ocrx_word' id='word_1_631' title='bbox 2084 3028 2592 3072; x_wconf 84' lang='lat' dir='ltr'><strong>sacerdoteminstituens</strong></span> <span class='ocrx_word' id='word_1_632' title='bbox 2614 3027 2698 3072; x_wconf 87' lang='lat' dir='ltr'><strong>sibi</strong></span> 
     </span>
     <span class='ocr_line' id='line_1_88' title="bbox 1459 3100 2700 3161; baseline -0.004 -13"><span class='ocrx_word' id='word_1_633' title='bbox 1459 3117 1537 3161; x_wconf 88' lang='lat' dir='ltr'><strong>per</strong></span> <span class='ocrx_word' id='word_1_634' title='bbox 1562 3104 1755 3160; x_wconf 84' lang='lat' dir='ltr'><strong>singulos</strong></span> <span class='ocrx_word' id='word_1_635' title='bbox 1778 3114 1914 3146; x_wconf 79' lang='lat' dir='ltr'><strong>annos</strong></span> <span class='ocrx_word' id='word_1_636' title='bbox 1940 3101 2087 3145; x_wconf 88' lang='lat' dir='ltr'><strong>decem</strong></span> <span class='ocrx_word' id='word_1_637' title='bbox 2105 3110 2344 3157; x_wconf 82' lang='lat' dir='ltr'><strong>argenteos,</strong></span> <span class='ocrx_word' id='word_1_638' title='bbox 2371 3108 2412 3144; x_wconf 90' lang='lat' dir='ltr'><strong>et</strong></span> <span class='ocrx_word' id='word_1_639' title='bbox 2435 3108 2594 3144; x_wconf 87' lang='lat' dir='ltr'><strong>vestem</strong></span> <span class='ocrx_word' id='word_1_640' title='bbox 2618 3100 2700 3144; x_wconf 87' lang='lat' dir='ltr'><strong>du-</strong></span> 
     </span>
     <span class='ocr_line' id='line_1_89' title="bbox 1460 3174 2698 3235; baseline -0.003 -14"><span class='ocrx_word' id='word_1_641' title='bbox 1460 3180 1633 3235; x_wconf 88' lang='lat' dir='ltr'><strong>plicem,</strong></span> <span class='ocrx_word' id='word_1_642' title='bbox 1659 3185 1815 3235; x_wconf 79' lang='lat' dir='ltr'><strong>praeter</strong></span> <span class='ocrx_word' id='word_1_643' title='bbox 1836 3177 2016 3220; x_wconf 82' lang='lat' dir='ltr'><strong>victum.</strong></span> <span class='ocrx_word' id='word_1_644' title='bbox 2055 3174 2104 3219; x_wconf 83' lang='lat' dir='ltr'><strong>ln</strong></span> <span class='ocrx_word' id='word_1_645' title='bbox 2143 3177 2295 3219; x_wconf 86' lang='lat' dir='ltr'><strong>diebus</strong></span> <span class='ocrx_word' id='word_1_646' title='bbox 2329 3176 2412 3219; x_wconf 90' lang='lat' dir='ltr'><strong>illis</strong></span> <span class='ocrx_word' id='word_1_647' title='bbox 2447 3175 2584 3218; x_wconf 88' lang='lat' dir='ltr'><strong>tribus</strong></span> <span class='ocrx_word' id='word_1_648' title='bbox 2608 3174 2698 3217; x_wconf 82' lang='lat' dir='ltr'><strong>Dan</strong></span> 
     </span>
     <span class='ocr_line' id='line_1_90' title="bbox 1462 3248 2700 3308; baseline -0.003 -13"><span class='ocrx_word' id='word_1_649' title='bbox 1462 3252 1677 3308; x_wconf 83' lang='lat' dir='ltr'><strong>quaerebat</strong></span> <span class='ocrx_word' id='word_1_650' title='bbox 1717 3252 1797 3295; x_wconf 85' lang='lat' dir='ltr'><strong>sibi</strong></span> <span class='ocrx_word' id='word_1_651' title='bbox 1822 3251 2159 3307; x_wconf 89' lang='lat' dir='ltr'><strong>possessionem,</strong></span> <span class='ocrx_word' id='word_1_652' title='bbox 2190 3256 2231 3292; x_wconf 89' lang='lat' dir='ltr'><strong>et</strong></span> <span class='ocrx_word' id='word_1_653' title='bbox 2269 3249 2481 3291; x_wconf 81' lang='lat' dir='ltr'><strong>miserunt</strong></span> <span class='ocrx_word' id='word_1_654' title='bbox 2509 3248 2700 3304; x_wconf 85' lang='lat' dir='ltr'><strong>quinque</strong></span> 
     </span>
     <span class='ocr_line' id='line_1_91' title="bbox 1461 3321 2698 3380; baseline -0.005 -12"><span class='ocrx_word' id='word_1_655' title='bbox 1461 3325 1595 3374; x_wconf 79' lang='lat' dir='ltr'><strong>viros,</strong></span> <span class='ocrx_word' id='word_1_656' title='bbox 1621 3331 1667 3367; x_wconf 87' lang='lat' dir='ltr'><strong>ut</strong></span> <span class='ocrx_word' id='word_1_657' title='bbox 1703 3325 1971 3380; x_wconf 82' lang='lat' dir='ltr'><strong>explorarent</strong></span> <span class='ocrx_word' id='word_1_658' title='bbox 2009 3330 2166 3366; x_wconf 85' lang='lat' dir='ltr'><strong>terram</strong></span> <span class='ocrx_word' id='word_1_659' title='bbox 2201 3322 2242 3364; x_wconf 88' lang='lat' dir='ltr'><strong>in</strong></span> <span class='ocrx_word' id='word_1_660' title='bbox 2266 3334 2347 3376; x_wconf 89' lang='lat' dir='ltr'><strong>qua</strong></span> <span class='ocrx_word' id='word_1_661' title='bbox 2380 3329 2553 3376; x_wconf 85' lang='lat' dir='ltr'><strong>possent</strong></span> <span class='ocrx_word' id='word_1_662' title='bbox 2573 3321 2698 3363; x_wconf 84' lang='lat' dir='ltr'><strong>habi·</strong></span> 
     </span>
    </p>
   </div>
   <div class='ocr_carea' id='block_1_14' title="bbox 139 3392 2697 3453">
    <p class='ocr_par' dir='ltr' id='par_1_20' title="bbox 139 3392 2697 3453">
     <span class='ocr_line' id='line_1_92' title="bbox 139 3392 2697 3453; baseline -0.003 -13"><span class='ocrx_word' id='word_1_663' title='bbox 139 3409 234 3445; x_wconf 88' lang='lat' dir='ltr'><strong>suo,</strong></span> <span class='ocrx_word' id='word_1_664' title='bbox 261 3397 361 3452; x_wconf 88' lang='lat' dir='ltr'><strong>quia</strong></span> <span class='ocrx_word' id='word_1_665' title='bbox 385 3396 561 3438; x_wconf 84' lang='lat' dir='ltr'><strong>tradidit</strong></span> <span class='ocrx_word' id='word_1_666' title='bbox 583 3396 807 3438; x_wconf 88' lang='lat' dir='ltr'><strong>inimicum</strong></span> <span class='ocrx_word' id='word_1_667' title='bbox 828 3396 870 3437; x_wconf 93' lang='lat' dir='ltr'><strong>in</strong></span> <span class='ocrx_word' id='word_1_668' title='bbox 895 3407 1049 3438; x_wconf 87' lang='lat' dir='ltr'><strong>manus</strong></span> <span class='ocrx_word' id='word_1_669' title='bbox 1071 3406 1235 3436; x_wconf 78' lang='lat' dir='ltr'><strong>eorum.</strong></span> <span class='ocrx_word' id='word_1_670' title='bbox 1256 3393 1379 3438; x_wconf 82' lang='lat' dir='ltr'><strong>Cum·</strong></span> <span class='ocrx_word' id='word_1_671' title='bbox 1408 3392 1439 3434; x_wconf 85' lang='lat' dir='ltr'>D</span> <span class='ocrx_word' id='word_1_672' title='bbox 1463 3404 1553 3441; x_wconf 71' lang='lat' dir='ltr'><strong>tare</strong></span> <span class='ocrx_word' id='word_1_673' title='bbox 1577 3396 1735 3453; x_wconf 72' lang='lat' dir='ltr'><strong>(ludic,</strong></span> <span class='ocrx_word' id='word_1_674' title='bbox 1761 3396 1900 3450; x_wconf 73' lang='lat' dir='ltr'><strong>xviii).</strong></span> <span class='ocrx_word' id='word_1_675' title='bbox 1926 3395 1978 3437; x_wconf 83' lang='lat' dir='ltr'><strong>Et</strong></span> <span class='ocrx_word' id='word_1_676' title='bbox 2008 3395 2216 3438; x_wconf 83' lang='lat' dir='ltr'><strong>intrantes</strong></span> <span class='ocrx_word' id='word_1_677' title='bbox 2243 3393 2412 3437; x_wconf 86' lang='lat' dir='ltr'><strong>domum</strong></span> <span class='ocrx_word' id='word_1_678' title='bbox 2434 3393 2598 3443; x_wconf 83' lang='lat' dir='ltr'><strong>Miehae,</strong></span> <span class='ocrx_word' id='word_1_679' title='bbox 2627 3404 2697 3434; x_wconf 85' lang='lat' dir='ltr'><strong>re-</strong></span> 
     </span>
    </p>
   </div>
   <div class='ocr_carea' id='block_1_15' title="bbox 138 3465 1387 4458">
    <p class='ocr_par' dir='ltr' id='par_1_21' title="bbox 138 3465 1387 4458">
     <span class='ocr_line' id='line_1_93' title="bbox 138 3465 1381 3525; baseline -0.004 -13"><span class='ocrx_word' id='word_1_680' title='bbox 138 3482 223 3525; x_wconf 82' lang='lat' dir='ltr'><strong>que</strong></span> <span class='ocrx_word' id='word_1_681' title='bbox 249 3469 498 3512; x_wconf 62' lang='lat' dir='ltr'><strong>laetarentur</strong></span> <span class='ocrx_word' id='word_1_682' title='bbox 525 3468 828 3515; x_wconf 73' lang='lat' dir='ltr'><strong>convivantes.</strong></span> <span class='ocrx_word' id='word_1_683' title='bbox 852 3468 1065 3511; x_wconf 81' lang='lat' dir='ltr'><strong>adductus</strong></span> <span class='ocrx_word' id='word_1_684' title='bbox 1091 3472 1157 3510; x_wconf 86' lang='lat' dir='ltr'><strong>est</strong></span> <span class='ocrx_word' id='word_1_685' title='bbox 1181 3465 1381 3515; x_wconf 82' lang='lat' dir='ltr'><strong>Samson.</strong></span> 
     </span>
     <span class='ocr_line' id='line_1_94' title="bbox 139 3538 1383 3594; baseline -0.003 -10"><span class='ocrx_word' id='word_1_686' title='bbox 139 3548 187 3584; x_wconf 85' lang='lat' dir='ltr'><strong>ut</strong></span> <span class='ocrx_word' id='word_1_687' title='bbox 215 3546 315 3585; x_wconf 89' lang='lat' dir='ltr'><strong>ante</strong></span> <span class='ocrx_word' id='word_1_688' title='bbox 346 3553 422 3585; x_wconf 87' lang='lat' dir='ltr'><strong>eos</strong></span> <span class='ocrx_word' id='word_1_689' title='bbox 445 3541 629 3594; x_wconf 88' lang='lat' dir='ltr'><strong>luderet,</strong></span> <span class='ocrx_word' id='word_1_690' title='bbox 653 3548 696 3584; x_wconf 86' lang='lat' dir='ltr'><strong>et</strong></span> <span class='ocrx_word' id='word_1_691' title='bbox 725 3541 764 3584; x_wconf 88' lang='lat' dir='ltr'><strong>ei</strong></span> <span class='ocrx_word' id='word_1_692' title='bbox 795 3540 1038 3584; x_wconf 70' lang='lat' dir='ltr'><strong>ilIuderent.</strong></span> <span class='ocrx_word' id='word_1_693' title='bbox 1069 3538 1219 3583; x_wconf 82' lang='lat' dir='ltr'><strong>Stabat</strong></span> <span class='ocrx_word' id='word_1_694' title='bbox 1241 3546 1383 3581; x_wconf 87' lang='lat' dir='ltr'><strong>autem</strong></span> 
     </span>
     <span class='ocr_line' id='line_1_95' title="bbox 140 3611 1380 3668; baseline -0.002 -12"><span class='ocrx_word' id='word_1_695' title='bbox 140 3614 255 3657; x_wconf 84' lang='lat' dir='ltr'><strong>inter</strong></span> <span class='ocrx_word' id='word_1_696' title='bbox 289 3614 398 3657; x_wconf 87' lang='lat' dir='ltr'><strong>duas</strong></span> <span class='ocrx_word' id='word_1_697' title='bbox 434 3614 676 3664; x_wconf 80' lang='lat' dir='ltr'><strong>columnas,</strong></span> <span class='ocrx_word' id='word_1_698' title='bbox 724 3613 881 3668; x_wconf 86' lang='lat' dir='ltr'><strong>quihus</strong></span> <span class='ocrx_word' id='word_1_699' title='bbox 910 3614 1065 3656; x_wconf 89' lang='lat' dir='ltr'><strong>domus</strong></span> <span class='ocrx_word' id='word_1_700' title='bbox 1102 3611 1380 3655; x_wconf 78' lang='lat' dir='ltr'><strong>innitebatur.</strong></span> 
     </span>
     <span class='ocr_line' id='line_1_96' title="bbox 140 3683 1387 3745; baseline -0.003 -18"><span class='ocrx_word' id='word_1_701' title='bbox 140 3683 195 3727; x_wconf 73' lang='lat' dir='ltr'><strong>Et</strong></span> <span class='ocrx_word' id='word_1_702' title='bbox 217 3683 276 3727; x_wconf 87' lang='lat' dir='ltr'><strong>ait</strong></span> <span class='ocrx_word' id='word_1_703' title='bbox 298 3696 435 3740; x_wconf 89' lang='lat' dir='ltr'><strong>puero</strong></span> <span class='ocrx_word' id='word_1_704' title='bbox 456 3683 622 3745; x_wconf 80' lang='lat' dir='ltr'><strong>regenti</strong></span> <span class='ocrx_word' id='word_1_705' title='bbox 647 3697 694 3728; x_wconf 92' lang='lat' dir='ltr'><strong>se</strong></span> <span class='ocrx_word' id='word_1_706' title='bbox 715 3699 726 3726; x_wconf 88' lang='lat'>:</span> <span class='ocrx_word' id='word_1_707' title='bbox 751 3699 765 3724; x_wconf 87' lang='lat'><strong>‹</strong></span> <span class='ocrx_word' id='word_1_708' title='bbox 791 3683 894 3728; x_wconf 86' lang='lat' dir='ltr'><strong>Sine</strong></span> <span class='ocrx_word' id='word_1_709' title='bbox 935 3695 1002 3729; x_wconf 79' lang='lat' dir='ltr'><strong>me</strong></span> <span class='ocrx_word' id='word_1_710' title='bbox 1041 3689 1084 3726; x_wconf 90' lang='lat' dir='ltr'><strong>ut</strong></span> <span class='ocrx_word' id='word_1_711' title='bbox 1111 3689 1283 3740; x_wconf 77' lang='lat' dir='ltr'><strong>tangam</strong></span> <span class='ocrx_word' id='word_1_712' title='bbox 1317 3693 1387 3723; x_wconf 86' lang='lat' dir='ltr'><strong>co·</strong></span> 
     </span>
     <span class='ocr_line' id='line_1_97' title="bbox 142 3755 1384 3814; baseline -0.003 -13"><span class='ocrx_word' id='word_1_713' title='bbox 142 3757 330 3810; x_wconf 67' lang='lat' dir='ltr'><strong>lamnas,</strong></span> <span class='ocrx_word' id='word_1_714' title='bbox 349 3765 392 3802; x_wconf 90' lang='lat' dir='ltr'><strong>et</strong></span> <span class='ocrx_word' id='word_1_715' title='bbox 413 3758 633 3814; x_wconf 83' lang='lat' dir='ltr'><strong>paululum</strong></span> <span class='ocrx_word' id='word_1_716' title='bbox 658 3757 944 3812; x_wconf 84' lang='lat' dir='ltr'><strong>requiescam.</strong></span> <span class='ocrx_word' id='word_1_717' title='bbox 968 3772 981 3796; x_wconf 84' lang='lat'><strong>»</strong></span> <span class='ocrx_word' id='word_1_718' title='bbox 997 3757 1047 3798; x_wconf 85' lang='lat' dir='ltr'><strong>Et</strong></span> <span class='ocrx_word' id='word_1_719' title='bbox 1060 3755 1384 3812; x_wconf 85' lang='lat' dir='ltr'><strong>apprehendens</strong></span> 
     </span>
     <span class='ocr_line' id='line_1_98' title="bbox 143 3828 1386 3884; baseline -0.001 -13"><span class='ocrx_word' id='word_1_720' title='bbox 143 3834 373 3884; x_wconf 76' lang='lat' dir='ltr'><strong>utramque</strong></span> <span class='ocrx_word' id='word_1_721' title='bbox 399 3830 644 3874; x_wconf 83' lang='lat' dir='ltr'><strong>columnam</strong></span> <span class='ocrx_word' id='word_1_722' title='bbox 667 3830 868 3871; x_wconf 87' lang='lat' dir='ltr'><strong>manibus</strong></span> <span class='ocrx_word' id='word_1_723' title='bbox 893 3831 952 3871; x_wconf 82' lang='lat' dir='ltr'><strong>ait</strong></span> <span class='ocrx_word' id='word_1_724' title='bbox 980 3844 991 3871; x_wconf 79' lang='lat'>2</span> <span class='ocrx_word' id='word_1_725' title='bbox 1018 3844 1031 3869; x_wconf 76' lang='grc' dir='ltr'>ι</span> <span class='ocrx_word' id='word_1_726' title='bbox 1057 3828 1266 3871; x_wconf 78' lang='lat' dir='ltr'><strong>Moriatur</strong></span> <span class='ocrx_word' id='word_1_727' title='bbox 1290 3828 1386 3870; x_wconf 88' lang='lat' dir='ltr'><strong>ani-</strong></span> 
     </span>
     <span class='ocr_line' id='line_1_99' title="bbox 144 3899 1385 3944; baseline 0.001 -2"><span class='ocrx_word' id='word_1_728' title='bbox 144 3911 222 3942; x_wconf 71' lang='lat' dir='ltr'><strong>ma</strong></span> <span class='ocrx_word' id='word_1_729' title='bbox 237 3911 332 3943; x_wconf 85' lang='lat' dir='ltr'><strong>mea</strong></span> <span class='ocrx_word' id='word_1_730' title='bbox 352 3911 448 3942; x_wconf 90' lang='lat' dir='ltr'><strong>cum</strong></span> <span class='ocrx_word' id='word_1_731' title='bbox 484 3899 762 3944; x_wconf 75' lang='lat' dir='ltr'><strong>philisthiim.</strong></span> <span class='ocrx_word' id='word_1_732' title='bbox 787 3916 803 3942; x_wconf 72' lang='grc' dir='ltr'><strong><em>ι</em></strong></span> <span class='ocrx_word' id='word_1_733' title='bbox 829 3899 880 3942; x_wconf 81' lang='lat' dir='ltr'><strong>Et</strong></span> <span class='ocrx_word' id='word_1_734' title='bbox 910 3899 1139 3944; x_wconf 89' lang='lat' dir='ltr'><strong>concussis</strong></span> <span class='ocrx_word' id='word_1_735' title='bbox 1172 3900 1385 3943; x_wconf 83' lang='lat' dir='ltr'><strong>columnis</strong></span> 
     </span>
     <span class='ocr_line' id='line_1_100' title="bbox 144 3972 1386 4027; baseline -0.001 -13"><span class='ocrx_word' id='word_1_736' title='bbox 144 3973 301 4016; x_wconf 68' lang='lat' dir='ltr'><strong>cecidit</strong></span> <span class='ocrx_word' id='word_1_737' title='bbox 331 3972 485 4015; x_wconf 88' lang='lat' dir='ltr'><strong>domus</strong></span> <span class='ocrx_word' id='word_1_738' title='bbox 509 3985 637 4027; x_wconf 83' lang='lat' dir='ltr'><strong>super</strong></span> <span class='ocrx_word' id='word_1_739' title='bbox 658 3985 826 4023; x_wconf 87' lang='lat' dir='ltr'><strong>omnes,</strong></span> <span class='ocrx_word' id='word_1_740' title='bbox 854 3978 896 4015; x_wconf 86' lang='lat' dir='ltr'><strong>et</strong></span> <span class='ocrx_word' id='word_1_741' title='bbox 923 3974 1059 4015; x_wconf 89' lang='lat' dir='ltr'><strong>multo</strong></span> <span class='ocrx_word' id='word_1_742' title='bbox 1083 3973 1230 4027; x_wconf 87' lang='lat' dir='ltr'><strong>plures</strong></span> <span class='ocrx_word' id='word_1_743' title='bbox 1253 3972 1386 4014; x_wconf 86' lang='lat' dir='ltr'><strong>inter—</strong></span> 
     </span>
     <span class='ocr_line' id='line_1_101' title="bbox 143 4043 1386 4100; baseline -0.002 -12"><span class='ocrx_word' id='word_1_744' title='bbox 143 4043 250 4088; x_wconf 74' lang='lat' dir='ltr'><strong>fecit</strong></span> <span class='ocrx_word' id='word_1_745' title='bbox 265 4044 454 4088; x_wconf 82' lang='lat' dir='ltr'><strong>moriens</strong></span> <span class='ocrx_word' id='word_1_746' title='bbox 471 4057 598 4100; x_wconf 82' lang='lat' dir='ltr'><strong>quam</strong></span> <span class='ocrx_word' id='word_1_747' title='bbox 626 4046 764 4089; x_wconf 70' lang='lat' dir='ltr'><strong>vivus.</strong></span> <span class='ocrx_word' id='word_1_748' title='bbox 790 4046 839 4087; x_wconf 82' lang='lat' dir='ltr'><strong>Et</strong></span> <span class='ocrx_word' id='word_1_749' title='bbox 865 4047 1086 4100; x_wconf 81' lang='lat' dir='ltr'><strong>perierunt</strong></span> <span class='ocrx_word' id='word_1_750' title='bbox 1103 4053 1257 4099; x_wconf 80' lang='lat' dir='ltr'><strong>praeter</strong></span> <span class='ocrx_word' id='word_1_751' title='bbox 1282 4057 1386 4086; x_wconf 87' lang='lat' dir='ltr'><strong>cen-</strong></span> 
     </span>
     <span class='ocr_line' id='line_1_102' title="bbox 144 4116 1386 4172; baseline 0 -13"><span class='ocrx_word' id='word_1_752' title='bbox 144 4116 267 4161; x_wconf 66' lang='lat' dir='ltr'><strong>viatas</strong></span> <span class='ocrx_word' id='word_1_753' title='bbox 289 4117 465 4160; x_wconf 79' lang='lat' dir='ltr'><strong>circiter</strong></span> <span class='ocrx_word' id='word_1_754' title='bbox 480 4118 561 4160; x_wconf 84' lang='lat' dir='ltr'><strong>tria</strong></span> <span class='ocrx_word' id='word_1_755' title='bbox 578 4117 710 4160; x_wconf 87' lang='lat' dir='ltr'><strong>millia</strong></span> <span class='ocrx_word' id='word_1_756' title='bbox 733 4120 958 4172; x_wconf 77' lang='lat' dir='ltr'><strong>utriusque</strong></span> <span class='ocrx_word' id='word_1_757' title='bbox 976 4130 1120 4170; x_wconf 76' lang='lat' dir='ltr'><strong>sexus,</strong></span> <span class='ocrx_word' id='word_1_758' title='bbox 1142 4119 1213 4172; x_wconf 89' lang='lat' dir='ltr'><strong>qui</strong></span> <span class='ocrx_word' id='word_1_759' title='bbox 1235 4119 1386 4160; x_wconf 65' lang='lat' dir='ltr'><strong>luden-</strong></span> 
     </span>
     <span class='ocr_line' id='line_1_103' title="bbox 147 4180 1384 4244; baseline -0.002 -12"><span class='ocrx_word' id='word_1_760' title='bbox 147 4198 230 4233; x_wconf 88' lang='lat' dir='ltr'><strong>tem</strong></span> <span class='ocrx_word' id='word_1_761' title='bbox 261 4190 569 4244; x_wconf 81' lang='lat' dir='ltr'><strong>exspectabant</strong></span> <span class='ocrx_word' id='word_1_762' title='bbox 608 4180 815 4234; x_wconf 79' lang='lat' dir='ltr'><strong>detecto.</strong></span> <span class='ocrx_word' id='word_1_763' title='bbox 840 4189 1040 4243; x_wconf 80' lang='lat' dir='ltr'><strong>Tulitque</strong></span> <span class='ocrx_word' id='word_1_764' title='bbox 1062 4201 1158 4231; x_wconf 85' lang='lat' dir='ltr'><strong>eum</strong></span> <span class='ocrx_word' id='word_1_765' title='bbox 1186 4190 1384 4233; x_wconf 83' lang='lat' dir='ltr'><strong>universa</strong></span> 
     </span>
     <span class='ocr_line' id='line_1_104' title="bbox 147 4256 1386 4316; baseline -0.002 -13"><span class='ocrx_word' id='word_1_766' title='bbox 147 4261 344 4316; x_wconf 82' lang='lat' dir='ltr'><strong>cognatio</strong></span> <span class='ocrx_word' id='word_1_767' title='bbox 361 4262 472 4314; x_wconf 75' lang='lat' dir='ltr'><strong>eJus,</strong></span> <span class='ocrx_word' id='word_1_768' title='bbox 498 4268 539 4304; x_wconf 88' lang='lat' dir='ltr'><strong>et</strong></span> <span class='ocrx_word' id='word_1_769' title='bbox 565 4256 826 4316; x_wconf 81' lang='lat' dir='ltr'><strong>sepelierunt</strong></span> <span class='ocrx_word' id='word_1_770' title='bbox 848 4274 943 4304; x_wconf 87' lang='lat' dir='ltr'><strong>eum</strong></span> <span class='ocrx_word' id='word_1_771' title='bbox 965 4261 1007 4302; x_wconf 88' lang='lat' dir='ltr'><strong>in</strong></span> <span class='ocrx_word' id='word_1_772' title='bbox 1032 4261 1229 4315; x_wconf 84' lang='lat' dir='ltr'><strong>sepulcro</strong></span> <span class='ocrx_word' id='word_1_773' title='bbox 1251 4268 1386 4314; x_wconf 63' lang='lat' dir='ltr'><strong>patris</strong></span> 
     </span>
     <span class='ocr_line' id='line_1_105' title="bbox 149 4328 1384 4386; baseline -0.001 -13"><span class='ocrx_word' id='word_1_774' title='bbox 149 4333 232 4374; x_wconf 72' lang='lat' dir='ltr'><strong>sui.</strong></span> <span class='ocrx_word' id='word_1_775' title='bbox 265 4328 539 4385; x_wconf 75' lang='lat' dir='ltr'><strong>Etjudicavit</strong></span> <span class='ocrx_word' id='word_1_776' title='bbox 565 4331 697 4373; x_wconf 81' lang='lat' dir='ltr'><strong>Israel</strong></span> <span class='ocrx_word' id='word_1_777' title='bbox 719 4331 868 4386; x_wconf 71' lang='lat' dir='ltr'><strong>viginti</strong></span> <span class='ocrx_word' id='word_1_778' title='bbox 896 4331 1036 4382; x_wconf 78' lang='lat' dir='ltr'><strong>annis.</strong></span> <span class='ocrx_word' id='word_1_779' title='bbox 1059 4330 1278 4373; x_wconf 81' lang='lat' dir='ltr'><strong>Hactenus</strong></span> <span class='ocrx_word' id='word_1_780' title='bbox 1304 4333 1384 4373; x_wconf 77' lang='lat' dir='ltr'><strong>Ju-</strong></span> 
     </span>
     <span class='ocr_line' id='line_1_106' title="bbox 153 4403 1383 4458; baseline 0.002 -14"><span class='ocrx_word' id='word_1_781' title='bbox 153 4403 288 4447; x_wconf 58' lang='lat' dir='ltr'><strong>dieue</strong></span> <span class='ocrx_word' id='word_1_782' title='bbox 319 4404 427 4447; x_wconf 79' lang='lat' dir='ltr'><strong>liber</strong></span> <span class='ocrx_word' id='word_1_783' title='bbox 449 4409 639 4457; x_wconf 79' lang='lat' dir='ltr'><strong>tempora</strong></span> <span class='ocrx_word' id='word_1_784' title='bbox 660 4404 992 4458; x_wconf 60' lang='lat' dir='ltr'><strong>signatstialiens</strong></span> <span class='ocrx_word' id='word_1_785' title='bbox 1016 4415 1153 4448; x_wconf 88' lang='lat' dir='ltr'><strong>annos</strong></span> <span class='ocrx_word' id='word_1_786' title='bbox 1175 4404 1383 4447; x_wconf 86' lang='lat' dir='ltr'><strong>ducentos</strong></span> 
     </span>
    </p>
   </div>
   <div class='ocr_carea' id='block_1_16' title="bbox 367 4479 869 4526">
    <p class='ocr_par' dir='ltr' id='par_1_22' title="bbox 367 4479 869 4526">
     <span class='ocr_line' id='line_1_107' title="bbox 367 4479 869 4526; baseline 0.004 -1"><span class='ocrx_word' id='word_1_787' title='bbox 367 4481 573 4525; x_wconf 57' lang='lat' dir='ltr'><strong>Parma.</strong></span> <span class='ocrx_word' id='word_1_788' title='bbox 613 4479 869 4526; x_wconf 63' lang='lat' dir='ltr'><strong>cxcviii.</strong></span> 
     </span>
    </p>
   </div>
   <div class='ocr_carea' id='block_1_17' title="bbox 1462 3462 2736 4454">
    <p class='ocr_par' dir='ltr' id='par_1_23' title="bbox 1462 3462 2695 3592">
     <span class='ocr_line' id='line_1_108' title="bbox 1463 3462 2695 3526; baseline -0.006 -14"><span class='ocrx_word' id='word_1_789' title='bbox 1463 3471 1717 3526; x_wconf 82' lang='lat' dir='ltr'><strong>quieverunt</strong></span> <span class='ocrx_word' id='word_1_790' title='bbox 1752 3470 1797 3513; x_wconf 86' lang='lat' dir='ltr'><strong>in</strong></span> <span class='ocrx_word' id='word_1_791' title='bbox 1818 3469 2060 3512; x_wconf 78' lang='lat' dir='ltr'><strong>diversorio</strong></span> <span class='ocrx_word' id='word_1_792' title='bbox 2081 3468 2252 3512; x_wconf 69' lang='lat' dir='ltr'><strong>Levitae.</strong></span> <span class='ocrx_word' id='word_1_793' title='bbox 2279 3467 2473 3520; x_wconf 89' lang='lat' dir='ltr'><strong>Cumque</strong></span> <span class='ocrx_word' id='word_1_794' title='bbox 2496 3462 2695 3507; x_wconf 83' lang='lat' dir='ltr'><strong>conside-</strong></span> 
     </span>
     <span class='ocr_line' id='line_1_109' title="bbox 1462 3535 2695 3592; baseline -0.006 -6"><span class='ocrx_word' id='word_1_795' title='bbox 1462 3549 1634 3587; x_wconf 83' lang='lat' dir='ltr'><strong>rassent</strong></span> <span class='ocrx_word' id='word_1_796' title='bbox 1652 3548 1811 3592; x_wconf 82' lang='lat' dir='ltr'><strong>vestes,</strong></span> <span class='ocrx_word' id='word_1_797' title='bbox 1835 3547 1875 3585; x_wconf 93' lang='lat' dir='ltr'><strong>et</strong></span> <span class='ocrx_word' id='word_1_798' title='bbox 1898 3541 2030 3591; x_wconf 86' lang='lat' dir='ltr'><strong>idola,</strong></span> <span class='ocrx_word' id='word_1_799' title='bbox 2055 3541 2269 3589; x_wconf 87' lang='lat' dir='ltr'><strong>abierunt,</strong></span> <span class='ocrx_word' id='word_1_800' title='bbox 2290 3544 2331 3581; x_wconf 86' lang='lat' dir='ltr'><strong>et</strong></span> <span class='ocrx_word' id='word_1_801' title='bbox 2350 3544 2556 3580; x_wconf 86' lang='lat' dir='ltr'><strong>venerunt</strong></span> <span class='ocrx_word' id='word_1_802' title='bbox 2582 3535 2695 3580; x_wconf 88' lang='lat' dir='ltr'><strong>Lais.</strong></span> 
     </span>
    </p>

    <p class='ocr_par' dir='ltr' id='par_1_24' title="bbox 1463 3612 2736 4454">
     <span class='ocr_line' id='line_1_110' title="bbox 1518 3612 2695 3665; baseline -0.012 -2"><span class='ocrx_word' id='word_1_803' title='bbox 1518 3616 1570 3663; x_wconf 74' lang='lat' dir='ltr'><strong>,Et</strong></span> <span class='ocrx_word' id='word_1_804' title='bbox 1594 3616 1788 3659; x_wconf 78' lang='lat' dir='ltr'><strong>videntes</strong></span> <span class='ocrx_word' id='word_1_805' title='bbox 1812 3615 1954 3656; x_wconf 87' lang='lat' dir='ltr'><strong>locum</strong></span> <span class='ocrx_word' id='word_1_806' title='bbox 1983 3612 2175 3663; x_wconf 84' lang='lat' dir='ltr'><strong>uberem,</strong></span> <span class='ocrx_word' id='word_1_807' title='bbox 2202 3618 2246 3655; x_wconf 91' lang='lat' dir='ltr'><strong>et</strong></span> <span class='ocrx_word' id='word_1_808' title='bbox 2274 3622 2524 3665; x_wconf 83' lang='lat' dir='ltr'><strong>magnarum</strong></span> <span class='ocrx_word' id='word_1_809' title='bbox 2548 3620 2695 3663; x_wconf 85' lang='lat' dir='ltr'><strong>opum,</strong></span> 
     </span>
     <span class='ocr_line' id='line_1_111' title="bbox 1463 3678 2697 3735; baseline -0.009 -3"><span class='ocrx_word' id='word_1_810' title='bbox 1463 3694 1506 3732; x_wconf 87' lang='lat' dir='ltr'><strong>et</strong></span> <span class='ocrx_word' id='word_1_811' title='bbox 1528 3687 1771 3735; x_wconf 77' lang='lat' dir='ltr'><strong>habitantes</strong></span> <span class='ocrx_word' id='word_1_812' title='bbox 1797 3686 1840 3729; x_wconf 89' lang='lat' dir='ltr'><strong>in</strong></span> <span class='ocrx_word' id='word_1_813' title='bbox 1862 3697 1912 3727; x_wconf 87' lang='lat' dir='ltr'><strong>ea</strong></span> <span class='ocrx_word' id='word_1_814' title='bbox 1936 3685 2030 3727; x_wconf 90' lang='lat' dir='ltr'><strong>sine</strong></span> <span class='ocrx_word' id='word_1_815' title='bbox 2053 3684 2204 3726; x_wconf 88' lang='lat' dir='ltr'><strong>timore</strong></span> <span class='ocrx_word' id='word_1_816' title='bbox 2226 3688 2269 3726; x_wconf 89' lang='lat' dir='ltr'><strong>et</strong></span> <span class='ocrx_word' id='word_1_817' title='bbox 2303 3681 2510 3730; x_wconf 85' lang='lat' dir='ltr'><strong>imbelles,</strong></span> <span class='ocrx_word' id='word_1_818' title='bbox 2535 3678 2697 3723; x_wconf 87' lang='lat' dir='ltr'><strong>reversi</strong></span> 
     </span>
     <span class='ocr_line' id='line_1_112' title="bbox 1465 3752 2698 3807; baseline -0.009 -1"><span class='ocrx_word' id='word_1_819' title='bbox 1465 3767 1565 3806; x_wconf 87' lang='lat' dir='ltr'><strong>sunt</strong></span> <span class='ocrx_word' id='word_1_820' title='bbox 1602 3760 1655 3802; x_wconf 89' lang='lat' dir='ltr'><strong>ad</strong></span> <span class='ocrx_word' id='word_1_821' title='bbox 1700 3759 1856 3802; x_wconf 79' lang='lat' dir='ltr'><strong>fratres</strong></span> <span class='ocrx_word' id='word_1_822' title='bbox 1899 3768 2028 3807; x_wconf 88' lang='lat' dir='ltr'><strong>suos,</strong></span> <span class='ocrx_word' id='word_1_823' title='bbox 2064 3761 2105 3798; x_wconf 85' lang='lat' dir='ltr'><strong>et</strong></span> <span class='ocrx_word' id='word_1_824' title='bbox 2141 3756 2375 3798; x_wconf 81' lang='lat' dir='ltr'><strong>dixerunt:</strong></span> <span class='ocrx_word' id='word_1_825' title='bbox 2407 3767 2420 3792; x_wconf 72' lang='grc' dir='ltr'>ι</span> <span class='ocrx_word' id='word_1_826' title='bbox 2448 3752 2628 3803; x_wconf 85' lang='lat' dir='ltr'><strong>Eamus,</strong></span> <span class='ocrx_word' id='word_1_827' title='bbox 2654 3757 2698 3795; x_wconf 76' lang='lat' dir='ltr'><strong>et</strong></span> 
     </span>
     <span class='ocr_line' id='line_1_113' title="bbox 1464 3822 2699 3889; baseline -0.008 -13"><span class='ocrx_word' id='word_1_828' title='bbox 1464 3832 1765 3889; x_wconf 74' lang='lat' dir='ltr'><strong>possideamus</strong></span> <span class='ocrx_word' id='word_1_829' title='bbox 1792 3837 1970 3879; x_wconf 87' lang='lat' dir='ltr'><strong>terram,</strong></span> <span class='ocrx_word' id='word_1_830' title='bbox 2016 3840 2143 3882; x_wconf 86' lang='lat' dir='ltr'><strong>quam</strong></span> <span class='ocrx_word' id='word_1_831' title='bbox 2190 3827 2388 3869; x_wconf 73' lang='lat' dir='ltr'><strong>vidin-··s.</strong></span> <span class='ocrx_word' id='word_1_832' title='bbox 2422 3823 2575 3867; x_wconf 89' lang='lat' dir='ltr'><strong>Nullus</strong></span> <span class='ocrx_word' id='word_1_833' title='bbox 2615 3822 2699 3867; x_wconf 86' lang='lat' dir='ltr'><strong>erit</strong></span> 
     </span>
     <span class='ocr_line' id='line_1_114' title="bbox 1465 3895 2706 3957; baseline -0.008 -10"><span class='ocrx_word' id='word_1_834' title='bbox 1465 3906 1603 3948; x_wconf 86' lang='lat' dir='ltr'><strong>labor.</strong></span> <span class='ocrx_word' id='word_1_835' title='bbox 1629 3919 1643 3944; x_wconf 77' lang='grc' dir='ltr'><strong><em>ι</em></strong></span> <span class='ocrx_word' id='word_1_836' title='bbox 1671 3902 1722 3946; x_wconf 86' lang='lat' dir='ltr'><strong>Et.</strong></span> <span class='ocrx_word' id='word_1_837' title='bbox 1759 3901 1940 3957; x_wconf 79' lang='lat' dir='ltr'><strong>profecti</strong></span> <span class='ocrx_word' id='word_1_838' title='bbox 1985 3899 2149 3942; x_wconf 75' lang='lat' dir='ltr'><strong>Danitae</strong></span> <span class='ocrx_word' id='word_1_839' title='bbox 2193 3898 2381 3942; x_wconf 85' lang='lat' dir='ltr'><strong>sexcenti</strong></span> <span class='ocrx_word' id='word_1_840' title='bbox 2421 3898 2500 3940; x_wconf 74' lang='lat' dir='ltr'><strong>viri</strong></span> <span class='ocrx_word' id='word_1_841' title='bbox 2541 3895 2706 3938; x_wconf 82' lang='lat' dir='ltr'><strong>armati-</strong></span> 
     </span>
     <span class='ocr_line' id='line_1_115' title="bbox 1463 3967 2697 4030; baseline -0.006 -13"><span class='ocrx_word' id='word_1_842' title='bbox 1463 3976 1605 4030; x_wconf 86' lang='lat' dir='ltr'><strong>primo</strong></span> <span class='ocrx_word' id='word_1_843' title='bbox 1642 3968 1894 4016; x_wconf 79' lang='lat' dir='ltr'><strong>manserunt</strong></span> <span class='ocrx_word' id='word_1_844' title='bbox 1920 3973 1963 4013; x_wconf 87' lang='lat' dir='ltr'><strong>in</strong></span> <span class='ocrx_word' id='word_1_845' title='bbox 1984 3969 2283 4014; x_wconf 76' lang='lat' dir='ltr'><strong>Ca&#39;riathIarim</strong></span> <span class='ocrx_word' id='word_1_846' title='bbox 2317 3967 2451 4017; x_wconf 78' lang='lat' dir='ltr'><strong>Judae,</strong></span> <span class='ocrx_word' id='word_1_847' title='bbox 2477 3968 2549 4023; x_wconf 93' lang='lat' dir='ltr'><strong>qui</strong></span> <span class='ocrx_word' id='word_1_848' title='bbox 2576 3969 2697 4010; x_wconf 77' lang='lat' dir='ltr'><strong>locus</strong></span> 
     </span>
     <span class='ocr_line' id='line_1_116' title="bbox 1464 4038 2696 4092; baseline -0.007 -1"><span class='ocrx_word' id='word_1_849' title='bbox 1464 4061 1513 4092; x_wconf 86' lang='lat' dir='ltr'><strong>ex</strong></span> <span class='ocrx_word' id='word_1_850' title='bbox 1539 4059 1590 4091; x_wconf 90' lang='lat' dir='ltr'><strong>eo</strong></span> <span class='ocrx_word' id='word_1_851' title='bbox 1612 4047 1753 4090; x_wconf 87' lang='lat' dir='ltr'><strong>dictus</strong></span> <span class='ocrx_word' id='word_1_852' title='bbox 1780 4052 1844 4088; x_wconf 88' lang='lat' dir='ltr'><strong>est</strong></span> <span class='ocrx_word' id='word_1_853' title='bbox 1866 4044 2019 4087; x_wconf 84' lang='lat' dir='ltr'><strong>Castra</strong></span> <span class='ocrx_word' id='word_1_854' title='bbox 2051 4042 2160 4092; x_wconf 89' lang='lat' dir='ltr'><strong>Dan,</strong></span> <span class='ocrx_word' id='word_1_855' title='bbox 2195 4042 2304 4084; x_wconf 86' lang='lat' dir='ltr'><strong>alius</strong></span> <span class='ocrx_word' id='word_1_856' title='bbox 2336 4041 2484 4083; x_wconf 84' lang='lat' dir='ltr'><strong>eodem</strong></span> <span class='ocrx_word' id='word_1_857' title='bbox 2524 4038 2696 4082; x_wconf 84' lang='lat' dir='ltr'><strong>nomine</strong></span> 
     </span>
     <span class='ocr_line' id='line_1_117' title="bbox 1465 4108 2693 4168; baseline -0.009 -7"><span class='ocrx_word' id='word_1_858' title='bbox 1465 4119 1608 4161; x_wconf 87' lang='lat' dir='ltr'><strong>dictus</strong></span> <span class='ocrx_word' id='word_1_859' title='bbox 1647 4123 1728 4165; x_wconf 87' lang='lat' dir='ltr'><strong>est,</strong></span> <span class='ocrx_word' id='word_1_860' title='bbox 1767 4114 1820 4157; x_wconf 92' lang='lat' dir='ltr'><strong>de</strong></span> <span class='ocrx_word' id='word_1_861' title='bbox 1860 4125 1947 4168; x_wconf 89' lang='lat' dir='ltr'><strong>quo</strong></span> <span class='ocrx_word' id='word_1_862' title='bbox 1982 4113 2171 4154; x_wconf 79' lang='lat' dir='ltr'><strong>diximus</strong></span> <span class='ocrx_word' id='word_1_863' title='bbox 2196 4111 2237 4153; x_wconf 90' lang='lat' dir='ltr'><strong>in</strong></span> <span class='ocrx_word' id='word_1_864' title='bbox 2275 4110 2497 4153; x_wconf 82' lang='lat' dir='ltr'><strong>Samsone.</strong></span> <span class='ocrx_word' id='word_1_865' title='bbox 2525 4108 2693 4152; x_wconf 87' lang='lat' dir='ltr'><strong>Tertius</strong></span> 
     </span>
     <span class='ocr_line' id='line_1_118' title="bbox 1464 4180 2694 4234; baseline -0.011 0"><span class='ocrx_word' id='word_1_866' title='bbox 1464 4190 1613 4234; x_wconf 82' lang='lat' dir='ltr'><strong>eodem</strong></span> <span class='ocrx_word' id='word_1_867' title='bbox 1638 4186 1972 4229; x_wconf 55' lang='lat' dir='ltr'><strong>nomine&#39;dictus</strong></span> <span class='ocrx_word' id='word_1_868' title='bbox 2002 4191 2069 4229; x_wconf 79' lang='lat' dir='ltr'><strong>est</strong></span> <span class='ocrx_word' id='word_1_869' title='bbox 2094 4185 2162 4226; x_wconf 89' lang='lat' dir='ltr'><strong>ubi</strong></span> <span class='ocrx_word' id='word_1_870' title='bbox 2187 4182 2410 4225; x_wconf 84' lang='lat' dir='ltr'><strong>Jeroboam</strong></span> <span class='ocrx_word' id='word_1_871' title='bbox 2437 4180 2694 4224; x_wconf 72' lang='lat' dir='ltr'><strong>sacrificavit</strong></span> 
     </span>
     <span class='ocr_line' id='line_1_119' title="bbox 1464 4250 2693 4311; baseline -0.008 -10"><span class='ocrx_word' id='word_1_872' title='bbox 1464 4265 1620 4310; x_wconf 70' lang='lat' dir='ltr'><strong>vituios</strong></span> <span class='ocrx_word' id='word_1_873' title='bbox 1649 4257 1745 4311; x_wconf 88' lang='lat'><em>(111</em></span> <span class='ocrx_word' id='word_1_874' title='bbox 1770 4256 1865 4311; x_wconf 67' lang='grc' dir='ltr'><strong>Περ.</strong></span> <span class='ocrx_word' id='word_1_875' title='bbox 1889 4256 1955 4311; x_wconf 85' lang='grc' dir='ltr'>ιι).</span> <span class='ocrx_word' id='word_1_876' title='bbox 1983 4255 2174 4309; x_wconf 84' lang='lat' dir='ltr'><strong>Cumque</strong></span> <span class='ocrx_word' id='word_1_877' title='bbox 2197 4254 2452 4296; x_wconf 66' lang='lat' dir='ltr'><strong>transissent</strong></span> <span class='ocrx_word' id='word_1_878' title='bbox 2470 4253 2591 4306; x_wconf 63' lang='lat' dir='ltr'><strong>juxta</strong></span> <span class='ocrx_word' id='word_1_879' title='bbox 2616 4250 2693 4292; x_wconf 82' lang='lat' dir='ltr'><strong>do·</strong></span> 
     </span>
     <span class='ocr_line' id='line_1_120' title="bbox 1463 4324 2691 4382; baseline -0.007 -8"><span class='ocrx_word' id='word_1_880' title='bbox 1463 4343 1579 4374; x_wconf 84' lang='lat' dir='ltr'><strong>mum</strong></span> <span class='ocrx_word' id='word_1_881' title='bbox 1604 4330 1769 4378; x_wconf 67' lang='lat' dir='ltr'><strong>Michae,</strong></span> <span class='ocrx_word' id='word_1_882' title='bbox 1798 4329 2063 4370; x_wconf 84' lang='lat' dir='ltr'><strong>intraverunt</strong></span> <span class='ocrx_word' id='word_1_883' title='bbox 2092 4328 2278 4382; x_wconf 85' lang='lat' dir='ltr'><strong>quinque</strong></span> <span class='ocrx_word' id='word_1_884' title='bbox 2307 4325 2497 4380; x_wconf 57' lang='lat' dir='ltr'><strong>praedicti</strong></span> <span class='ocrx_word' id='word_1_885' title='bbox 2520 4324 2615 4371; x_wconf 82' lang='lat' dir='ltr'><strong>viri,</strong></span> <span class='ocrx_word' id='word_1_886' title='bbox 2644 4329 2691 4365; x_wconf 91' lang='lat' dir='ltr'><strong>ut</strong></span> 
     </span>
     <span class='ocr_line' id='line_1_121' title="bbox 1464 4398 2736 4454; baseline -0.007 -8"><span class='ocrx_word' id='word_1_887' title='bbox 1464 4405 1662 4446; x_wconf 87' lang='lat' dir='ltr'><strong>tollerent</strong></span> <span class='ocrx_word' id='word_1_888' title='bbox 1697 4410 1836 4445; x_wconf 78' lang='lat' dir='ltr'><strong>vestes</strong></span> <span class='ocrx_word' id='word_1_889' title='bbox 1876 4407 1917 4445; x_wconf 89' lang='lat' dir='ltr'><strong>et</strong></span> <span class='ocrx_word' id='word_1_890' title='bbox 1946 4400 2071 4443; x_wconf 90' lang='lat' dir='ltr'><strong>idola.</strong></span> <span class='ocrx_word' id='word_1_891' title='bbox 2103 4401 2294 4454; x_wconf 75' lang='lat' dir='ltr'><strong>Cumque</strong></span> <span class='ocrx_word' id='word_1_892' title='bbox 2328 4399 2525 4442; x_wconf 80' lang='lat' dir='ltr'><strong>sacerdos</strong></span> <span class='ocrx_word' id='word_1_893' title='bbox 2551 4398 2690 4438; x_wconf 78' lang='lat' dir='ltr'><strong>accla-</strong></span> <span class='ocrx_word' id='word_1_894' title='bbox 2728 4431 2736 4437; x_wconf 83' lang='grc'><strong><em>,</em></strong></span> 
     </span>
    </p>
   </div>
   <div class='ocr_carea' id='block_1_18' title="bbox 2479 4470 2536 4518">
    <p class='ocr_par' dir='ltr' id='par_1_25' title="bbox 2479 4470 2536 4518">
     <span class='ocr_line' id='line_1_122' title="bbox 2479 4470 2536 4518; baseline 0.035 -2"><span class='ocrx_word' id='word_1_895' title='bbox 2479 4470 2536 4518; x_wconf 67' lang='lat' dir='ltr'><strong>tt</strong></span> 
     </span>
    </p>
   </div>
  </div>
 </body>
</html>
