2924 4588
187 89 295 140 1305

180 257 304 304 erant
322 261 335 303 ;
354 245 520 296 Bethel‚
547 250 736 304 propteg
755 244 973 294 somnium
1004 240 1141 285 Jacob
1149 253 1170 302 3
1188 246 1233 285 et
1251 238 1429 296 Galgala

181 327 358 378 propter
396 318 774 364 circumcisionem
821 314 1088 368 secundam;
1121 320 1165 358 et
1202 311 1431 368 Masphath

181 402 357 453 propter
375 394 662 451 frequentiam
676 392 825 443 Josue,
840 397 883 436 et
904 391 1166 436 ascendebat
1177 389 1233 433 ad
1250 402 1328 434 eas
1349 387 1431 431 Sa-

179 470 296 513 muel
315 466 510 512 vicissim
531 467 577 510 in
592 465 735 510 tribus
765 463 1119 510 solemnitatibus
1134 460 1434 507 bebdomada·-

180 542 278 594 riis‚
310 546 353 583 et
392 538 606 595 judicavit
645 537 706 582 ibi
751 537 978 593 populum.
1008 535 1119 582 Aliis
1174 534 1330 579 diebus
1365 545 1434 578 35-

179 612 392 658 cendebat
414 611 467 655 ad
486 623 584 655 eum
604 610 792 668 populus
832 611 879 654 in
918 608 1135 654 Ramatha
1151 607 1208 652 ad
1229 606 1434 663 judican-

178 688 299 730 dum.

179 773 285 819 Car.
309 773 364 821 X.
402 774 466 818 De
498 772 622 817 malis
668 772 771 837 filiis
806 771 1033 823 Sanzuelt'a,
1075 778 1116 816 et
1147 770 1256 828 quod
1295 768 1435 814 Israel

661 829 779 883 petiit
798 841 948 884 reqem.

235 905 345 949 Cum
370 910 512 947 autem
536 903 757 948 senuisset
781 901 986 954 Samuel,
1007 901 1156 957 posuit
1194 900 1308 944 lilios
1330 911 1435 945 suos

177 977 271 1022 Jnel
294 985 336 1021 et
358 977 529 1027 Alliam,
555 976 739 1020 alterum
762 976 807 1019 in
830 974 997 1025 Bethel,
1020 974 1201 1017 alterum
1223 974 1268 1016 in
1290 973 1437 1018 Bersa-

178 1052 274 1102 bee,
312 1055 358 1092 ut
401 1050 474 1092 ubi
519 1049 720 1093 sedentes
739 1047 994 1103 judicarent
1035 1047 1244 1104 populum
1269 1046 1310 1103 (1
1333 1046 1433 1103 1139.

180 1123 258 1179 ix).
284 1123 364 1175 Qui
386 1122 714 1167 declinaverunt
731 1126 829 1178 post
848 1121 1095 1174 avaritiam,
1130 1131 1171 1165 et
1211 1128 1432 1177 113113113-
1467 1156 1470 1158 .

179 1196 531 1251 runtjudicium.
567 1194 691 1248 Quod
730 1207 819 1238 non
862 1194 1008 1239 ferens
1039 1195 1227 1250 populus
1247 1193 1359 1237 dixit
1381 1192 1434 1236 ad

184 1266 426 1311 Samuelem
451 1282 462 1310 :
491 1266 583 1309 ‹Da
605 1268 733 1312 nobis
758 1279 919 1323 regem,
946 1272 993 1309 ut
1022 1267 1192 1322 judicet
1211 1279 1292 1310 nos
1323 1266 1439 1309 sicut

182 1345 347 1384 caeterae
366 1349 514 1396 gentes
546 1341 722 1385 habent.
747 1355 762 1382 ›
786 1340 912 1394 Quod
936 1341 1125 1397 graviter
1144 1340 1243 1383 tulit
1263 1338 1439 1384 Samuel

178 1418 358 1470 propter
383 1413 556 1456 insitam
578 1412 658 1456 sibi
690 1412 923 1468 justiliam,
945 1420 988 1457 ct
1021 1414 1137 1456 circa
1182 1412 1330 1456 odium
1369 1425 1439 1456 re·

178 1487 260 1542 gis.
304 1487 498 1542 Cumque
535 1487 831 1531 consuluisset
854 1486 1105 1535 Dominum,
1129 1485 1190 1528 ait
1212 1486 1253 1529 ei
1290 1484 1441 1528 Domi-

180 1571 263 1602 nus
285 1574 294 1601 z
324 1574 339 1599 1
364 1559 475 1602 Audi
499 1573 648 1605 vocem
670 1560 833 1617 populi.
859 1559 947 1604 Nec
982 1567 1023 1604 te
1065 1566 1235 1603 1311111111
1259 1559 1438 1615 abjece-

178 1637 301 1683 runt,
326 1633 401 1675 sed
423 1645 507 1684 me,
530 1646 583 1676 ne
614 1646 789 1689 regnem
826 1646 957 1690 super
1002 1646 1096 1677 335.
1129 1633 1438 1678 Verumtamen

178 1707 339 1761 praedic
362 1707 426 1751 eis
464 1707 537 1762 jus
558 1708 673 1763 regis
713 1720 845 1763 super
880 1716 967 1751 eos.
997 1706 1049 1750 Et
1089 1708 1150 1749 ait
1190 1706 1365 1750 Samuel
1385 1706 1440 1750 ad

180 1777 386 1831 populum
412 1791 423 1822 ;
449 1775 540 1821 1133
560 1780 644 1821 erit
664 1777 736 1833 Jus
771 1780 890 1834 regis
916 1794 925 1820 z
950 1776 1084 1820 Filios
1115 1782 1288 1820 vestros
1308 1775 1440 1818 saciet

180 1848 262 1892 sihi
284 1861 436 1893 servos
454 1862 576 1901 suos,
613 1850 783 1906 equites
803 1856 844 1894 et
867 1862 1181 1906 praecursores,
1204 1847 1436 1905 agricolas,

173 1926 222 1964 et
245 1919 394 1966 fabros
418 1933 657 1975 armorum3
674 1922 786 1966 filias
798 1930 967 1968 vestras
982 1922 1112 1966 saciet
1127 1920 1439 1976 unguentarias

179 2002 224 2040 et
240 1997 516 2051 coquestrias
537 2001 578 2041 et
596 1995 824 2058 panificas.
851 1996 1010 2041 Servos
1023 2003 1212 2048 vestros,
1235 2002 1278 2039 et
1301 1994 1441 2038 ancil-

180 2073 264 2122 1115,
288 2077 330 2115 et
347 2071 545 2126 jumenta
563 2062 699 2128 ponet
730 2072 774 2114 in
798 2084 930 2128 opere
970 2084 1069 2128 suo,
1104 2070 1352 2126 optimaque
1371 2082 1440 2114 ve·

182 2152 273 2191 stra
296 2146 411 2189 1131111
438 2145 576 2191 servis
598 2146 708 2199 suis,
734 2152 777 2189 et
816 2158 895 2190 vos
934 2145 1061 2189 eritis
1079 2146 1118 2189 ei
1143 2144 1278 2190 servi.
1304 2143 1357 2188 Et
1377 2142 1440 2187 ait

182 2219 366 2273 populus
385 2232 394 2259 ε
416 2216 512 2262 Non
532 2218 763 2263 audiemus
786 2224 824 2262 te
843 2251 854 2268 ‚
887 2219 962 2262 sed
992 2219 1077 2262 erit
1116 2232 1190 2261 rex
1229 2218 1373 2268 nobis,
1397 2226 1439 2261 et

183 2290 392 2346 pugnabit
413 2296 514 2335 ante
534 2295 630 2343 uos,
657 2296 698 2333 et
723 2290 783 2334 ait
824 2289 1032 2334 Samuel:
1064 2290 1126 2335 113
1165 2293 1217 2335 aii
1261 2291 1446 2347 propria

183 2370 427 2418 opportune
440 2355 761 2416 vo‘s'evocabo,
787 2377 887 2408 cum
922 2377 1164 2421 cognovero
1189 2378 1213 2408 a
1235 2364 1438 2417 Domisso,

183 2437 299 2494 quod
318 2436 502 2482 daturus
523 2438 580 2481 sit
600 2438 725 2481 vobis
745 2450 908 2494 regem.
943 2453 957 2478 >

325 2509 427 2553 Car.
447 2507 519 2552 xl.
546 2508 608 2553 De
639 2512 832 2553 unctione
851 2509 994 2553 Saulis
1021 2519 1058 2554 et
1078 2511 1288 2555 electione.

245 2598 259 2620 1
286 2580 338 2624 Et
358 2588 451 2626 erat
474 2583 541 2626 vir
562 2583 616 2626 de
638 2582 862 2638 Benjamin
879 2617 890 2633 ,
914 2585 1089 2628 nomine
1110 2586 1203 2638 Cis,
1227 2586 1283 2628 de
1302 2584 1443 2642 stirpe

185 2654 360 2707 lentini,
386 2656 513 2710 cuius
534 2662 624 2699 erat
650 2657 764 2702 lilius
800 2656 921 2708 Saul,
967 2671 1053 2702 non
1090 2665 1184 2702 erat
1205 2660 1271 2703 vir
1289 2660 1444 2703 melior

186 2730 262 2773 1113
285 2731 328 2773 in
352 2729 508 2773 lsrael.¹
540 2729 737 2787 Cumque
771 2733 1002 2787 periissent
1043 2734 1177 2778 asinae
1218 2732 1309 2785 cis,
1335 2733 1444 2777 dixit

187 2801 242 2845 ad
267 2802 418 2844 lilium.
448 2801 571 2845 Tolle
596 2815 729 2847 unum
765 2803 819 2848 de
843 2806 1008 2859 pueris,
1034 2813 1076 2848 et
1104 2818 1250 2862 quaere
1291 2806 1441 2850 asinas

188 2873 232 2929 (1
250 2873 349 2930 Req.
377 2875 452 2931 lx).
480 2890 497 2917 ι
523 2875 718 2932 Cumque
758 2880 1098 2933 pertransissent
1146 2892 1223 2934 per
1251 2887 1443 2923 montem

188 2948 411 3004 Ephraim,
435 2956 477 2992 et
495 2957 652 2993 terram
676 2949 827 3003 Statim,
854 2958 896 2995 et
921 2958 1080 2996 terram
1112 2953 1338 3008 BenJamin
1365 2985 1377 3006 ,
1401 2960 1445 2998 et

189 3030 278 3063 non
304 3020 592 3073 invenissent,
637 3033 850 3067 venerunt
894 3024 939 3067 in
990 3031 1152 3069 terram
1196 3024 1315 3082 Suph
1333 3058 1344 3076 ,
1368 3026 1444 3082 qui

192 3093 274 3137 fuit
314 3108 501 3149 proavus
533 3095 769 3148 Samuelis,
805 3104 849 3141 et
882 3099 942 3141 ait
980 3098 1084 3143 Saul
1118 3099 1174 3142 ad
1220 3112 1443 3155 puerum:

182 3180 213 3219 ,ι
244 3165 547 3222 Revertamur,
567 3180 621 3212 ne
640 3175 763 3225 pater
802 3183 924 3214 meus
948 3171 1164 3215 sollicitus
1187 3172 1242 3213 sit
1266 3182 1344 3226 pro
1363 3182 1444 3213 no·

192 3239 278 3283 bis.
299 3238 378 3284 Cui
406 3252 511 3295 puer
535 3256 544 3284 ε
570 3239 645 3285 Est
669 3242 734 3284 vir
757 3241 832 3286 Dei
859 3242 905 3286 in
929 3243 1105 3287 civitate
1126 3244 1225 3295 1133,
1241 3245 1315 3302 qui
1340 3244 1444 3288 abs·

192 3326 278 3368 que
302 3312 582 3369 ambiguitate
610 3313 819 3370 loquitur.
845 3314 1005 3360 Eamus
1035 3316 1089 3358 ad
1124 3329 1222 3362 eum
1239 3347 1252 3367 ‚
1278 3317 1315 3360 si
1334 3317 1446 3361 sorte

194 3383 356 3431 indicet
373 3387 502 3431 nobis
524 3386 576 3430 de
601 3388 666 3430 vla
685 3395 851 3433 nostra.
885 3388 937 3431 Et
962 3390 1021 3432 ait
1041 3389 1165 3434 Saul:
1191 3389 1303 3444 Quid
1329 3390 1442 3435 l'erc-
1473 3401 1504 3443 D
1528 3394 1731 3440 scendum
1758 3395 1810 3438 ad
1831 3400 1890 3445 te,
1930 3401 1975 3435 ut
1999 3394 2156 3438 3113135
2194 3392 2458 3438 oblationem
2485 3397 2655 3452 septem
2690 3390 2783 3435 die-

195 3470 295 3504 mus
312 3457 515 3504 adeum?
536 3460 667 3505 Panis
700 3461 857 3506 defecit
887 3460 932 3506 in
952 3463 1162 3508 cistartiis
1184 3463 1362 3517 nostris,
1405 3472 1447 3509 et

197 3534 437 3589 sportulam
455 3549 540 3580 non
566 3536 795 3589 hahemus,
823 3554 837 3580 1
861 3538 903 3582 111
922 3544 989 3583 est
1006 3545 1233 3596 argentum
1252 3540 1296 3583 in
1321 3553 1448 3597 spor-

197 3607 304 3652 tula.
332 3607 531 3661 Errabat,
557 3615 603 3652 ut
629 3611 688 3653 ait
706 3609 921 3667 ¹Iosephus
940 3643 952 3663 ‚
996 3618 1156 3668 putans
1189 3614 1446 3669 prophetam

198 3691 474 3739 accepturum
489 3697 684 3737 munera,
710 3697 809 3728 cnm
824 3697 904 3729 1133
929 3683 1028 3727 Saul
1044 3685 1200 3739 legitur
1217 3684 1446 3738 obtulisse,

197 3771 279 3806 nec
300 3757 371 3803 ille
382 3759 622 3815 accepisse.
647 3759 725 3802 Cui
749 3770 885 3814 puer:
911 3773 930 3799 ι
956 3757 1103 3801 Habeo
1120 3759 1165 3801 in
1189 3770 1318 3801 manu
1354 3771 1449 3802 mea

200 3839 398 3887 quartam
420 3838 585 3891 partem
612 3832 787 3876 stateris
819 3833 1003 3887 argenti.
1032 3849 1046 3872 ›
1077 3832 1129 3874 Et
1157 3833 1449 3878 ascenderunt

201 3907 248 3950 in
271 3904 499 3957 Ramatha,
526 3906 569 3948 in
589 3917 673 3962 qua
695 3911 788 3948 erat
804 3906 869 3950 vir
892 3906 984 3957 Dei,
1005 3912 1048 3949 et
1068 3905 1273 3949 dixerunt
1292 3907 1448 3962 puellis

203 3982 522 4038 egredientibus
554 3984 605 4025 ad
637 3995 824 4038 aquam:
858 3999 874 4024 1
905 3983 1108 4040 Nunquid
1153 3990 1219 4034 est
1263 3971 1337 4028 1113
1383 3986 1449 4027 vi-

201 4050 311 4096 dens
332 4052 471 4105 rQuae
493 4055 808 4109 responderunt
833 4071 848 4101 t.
866 4055 942 4100 Est
966 4057 1037 4100 hic
1068 4056 1196 4100 hodie
1233 4058 1451 4113 sacr-ilica·

201 4127 332 4169 turus
366 4125 410 4170 in
439 4127 609 4170 excelso
632 4129 662 4169 ·.
690 4142 705 4167 1
732 4126 927 4183 Cumque
961 4129 1232 4172 ambularent
1259 4130 1303 4172 in
1328 4130 1451 4174 urbis

203 4196 368 4248 medio,
383 4199 581 4253 apparuit
602 4198 643 4242 ei
664 4198 855 4251 Samuel,
876 4201 943 4243 cni
964 4200 1102 4256 pridie
1118 4201 1284 4245 dixerat
1307 4201 1452 4245 Domi-

204 4277 289 4309 nus
308 4281 319 4310 1
348 4282 362 4307 t
386 4268 517 4320 Cras„
533 4270 613 4314 hae
635 4270 762 4323 hora,
782 4272 950 4316 mittam
970 4272 1023 4314 ad
1048 4279 1090 4316 13
1106 4274 1246 4317 virum
1265 4273 1318 4319 de
1341 4273 1454 4318 Ben-

207 4335 358 4391 iamin,
385 4353 511 4394 quem
531 4341 714 4399 inunges
745 4355 876 4400 super
903 4344 1110 4399 populum
1141 4357 1300 4389 meum.
1322 4344 1458 4388 Cum-
1535 4357 1621 4389 non
1639 4345 1695 4388 sit
1708 4344 1767 4388 de
1790 4355 1946 4400 genere
1966 4343 2290 4399 prophetarum.
2312 4340 2407 4383 Alia
2450 4340 2591 4384 littera
2611 4338 2738 4382 habet
2763 4351 2775 4380 t

214 4421 298 4465 qne
327 4410 500 4457 Samuel
535 4416 774 4470 aspexisset
823 4415 945 4470 Saul,
963 4418 1074 4470 dixit
1114 4419 1156 4462 ei
1197 4418 1409 4464 Dominus
1440 4435 1451 4464 :
1481 4451 1487 4459 ·

1194 77 1360 129 amnt
1390 73 1746 127 COMESTORIS

181 186 227 223 et
248 178 305 221 ihi
326 175 556 233 §udicaluit
577 173 728 220 lsrael.
749 173 857 217 Tres
888 172 977 216 iilae
995 172 1197 217 civitates
1225 167 1421 216 ,famosae
1449 172 1487 218 A
1511 167 1624 212 Ecce
1647 168 1731 220 vir,
1753 179 1881 224 quem
1928 165 2126 211 dixeram
2153 164 2259 212 tibi,
2274 162 2329 210 Et
2348 166 2409 209 ait
2433 164 2488 210 ad
2503 160 2615 210 'Saul
2635 182 2648 210 ε
2675 166 2736 224 Eg
2767 198 2774 207 ,

1472 1761 1475 1764 Α
1519 1713 1834 1771 osculatus'est
1857 1722 1976 1763 eum,
2002 1714 2046 1753 et
2069 1708 2162 1753 ait:
2187 1706 2325 1752 Unxit
2372 1713 2415 1750 te
2458 1705 2503 1750 in
2538 1703 2780 1761 principem
2815 1746 2819 1747 ⁷
2883 1733 2890 1771 3

1462 2318 1495 2364 C
1521 2307 1654 2340 11131111
1671 2306 1823 2338 33111111
1841 2293 1952 2336 duos
1977 2303 2124 2348 panes.
2154 2288 2260 2335 Post
2289 2290 2374 2334 hoc
2395 2289 2544 2334 venies
2561 2288 2615 2332 ad
2637 2288 2782 2332 locum.
2847 2292 2850 2294 ’

2651 75 2735 121 tao

2844 120 2924 171 11111

1512 253 1608 285 511111
1629 239 1800 293 videns,
1822 238 2026 293 ascende,
2050 246 2101 283 ut
2123 238 2330 284 eomedas
2348 251 2548 293 mecum;
2572 251 2670 284 cras
2694 239 2770 292 dig·-
2845 186 2874 302 1,
2880 196 2924 312 ἀἱ

1512 313 1680 358 mittam
1704 318 1765 365 te,
1792 317 1834 357 et
1858 324 1954 367 quae
1977 317 2079 355 sunt
2108 309 2155 354 in
2172 309 2306 355 eorde
2341 318 2415 355 tuo
2439 310 2643 355 indicabo
2667 308 2765 364 tibi,
2846 274 2866 350 1
2915 294 2920 304 ’

1512 394 1555 431 et
1578 386 1631 431 de
1654 386 1794 431 asinis
1827 383 1916 430 non
1934 385 1997 429 sis
2019 380 2251 436 sollicitus,
2275 384 2377 440 quia
2402 383 2586 428 inventae
2599 389 2718 428 sunt
2745 397 2764 427 t

1512 457 1667 503 Posset
1684 457 1824 504 videri
1845 456 1949 501 Saul
1973 456 2181 502 habuisse
2204 456 2571 500 sollicitudinem
2560 469 2604 500 111
2635 450 2775 499 cord

1514 545 1594 589 pro
1633 531 1842 576 asinabus
1861 563 1876 585 ,
1923 530 2008 575 nisi
2053 530 2126 574 hic
2162 528 2495 573 determinasset
2538 529 2767 588 propheta.

1515 605 1640 650 Unde
1658 605 1782 650 aiunt
1805 604 1972 650 Hebraei
1993 604 2167 648 Saulem
2187 604 2350 648 vidisse
2387 616 2463 660 per
2486 604 2702 648 somnium
2723 614 2772 651 se

1515 679 1839 726 collocaturum
1858 679 2023 723 vertice
2056 678 2223 734 palmae,
2257 677 2373 734 quod
2415 681 2483 722 est
2508 678 2695 734 signum
2700 689 2778 722 re-

1514 752 1706 809 gnaturi,
1746 758 1789 797 et
1830 753 1932 797 inde
1970 750 2184 795 sollicitus
2207 756 2332 802 erat,
2354 757 2397 794 et
2419 750 2476 795 ob
2498 750 2580 795 hoe
2599 750 2709 794 dixit
2730 748 2779 796 ot

1517 825 1726 871 Samuel.
1753 841 1768 867 1
1796 824 1935 881 6113115
1957 832 2085 870 3111111
2106 825 2270 881 optima
2296 836 2477 880 quaeque
2512 825 2556 868 in
2597 821 2731 870 lsrael
2753 819 2780 856 ⁸
2862 878 2864 883 .

1514 900 1668 946 Nonne
1690 899 1768 944 tibi
1788 900 1807 943 ἲ
1834 916 1848 940 1
1871 898 2173 944 Ascenderunt
2196 898 2242 941 in
2261 898 2479 942 excelsum
2507 913 2521 951 ;
2544 906 2643 942 ante
2663 904 2788 942 tem·-
2861 882 2906 960 ἦ·

1516 974 1636 1030 plum
1654 973 1771 1017 enim
1790 972 1951 1016 licebat
1974 972 2223 1016 sacrificare
2246 972 2288 1014 in
2309 971 2482 1015 excelso
2579 970 2775 1027 Cumque
2861 951 2876 966 ψ

1517 1048 1820 1106 recumberent
1835 1046 1882 1089 in
1905 1045 2113 1098 triclinio,
2134 1045 2252 1089 dedit
2274 1045 2315 1090 ei
2351 1044 2525 1089 Samuel
2548 1045 2691 1089 locum
2730 1045 2796 1089 in
2864 1045 2867 1052 ’

1517 1122 1660 1179 capite
1683 1121 1861 1178 triginta
1883 1121 2080 1163 virorum
2100 1119 2175 1175 qui
2205 1117 2379 1163 fuerant
2401 1118 2569 1162 invitati
2589 1151 2600 1171 ,
2634 1126 2676 1163 et
2699 1114 2793 1174 po?

1518 1195 1607 1239 suit
1631 1200 1731 1238 ante
1750 1205 1848 1238 eum
1870 1205 2057 1242 armum,
2082 1192 2207 1248 quasi
2230 1199 2396 1248 partem
2419 1192 2622 1248 regalem,
2646 1205 2775 1248 quem

1519 1267 1573 1312 de
1594 1266 1810 1311 industria
1833 1271 2082 1310 servaverat
2103 1265 2163 1309 31.
2192 1265 2389 1321 Cumque
2409 1277 2538 1308 mane
2559 1266 2775 1324 surrexis-

1520 1347 1634 1394 sent,
1659 1348 1701 1384 et
1729 1339 1894 1396 egressi
1929 1346 2078 1383 essent
2123 1338 2340 1382 civitatem
2364 1368 2376 1388 ,
2416 1337 2524 1380 dixit
2567 1336 2738 1382 Samuel
2763 1355 2774 1381 ι

1524 1429 1540 1455 c
1569 1413 1809 1459 Antecedat
1831 1425 1914 1457 nos
1932 1425 2057 1469 puer,
2098 1418 2158 1464 et,
2192 1416 2258 1462 tu,
2284 1411 2494 1463 subsiste,
2518 1415 2566 1453 ut
2590 1410 2778 1455 indicem

1519 1488 1598 1533 tibi
1621 1488 1802 1533 verbum
1826 1486 2015 1532 Domini.
2030 1484 2148 1529 Tulit
2169 1490 2316 1529 autem
2339 1482 2512 1528 Samuel
2527 1483 2777 1528 lenticulam

1519 1565 1636 1620 olei;
1668 1581 1683 1608 »
1709 1564 1827 1621 quod
1845 1569 1912 1608 est
1929 1575 2008 1608 ras
2048 1562 2199 1614 lictile,
2223 1559 2578 1618 quadrangulum
2615 1547 2812 1618 hahens⁴

1521 1631 1717 1683 loramen
1736 1638 1783 1681 in
1805 1638 1940 1682 latere
1985 1650 1999 1677 ι
2029 1643 2072 1680 et
2091 1631 2275 1679 effundit
2302 1646 2434 1690 super
2454 1637 2584 1688 caput
2603 1631 2716 1687 ejus,
2736 1636 2780 1675 ct

2862 357 2891 390 ,Α

2848 415 2873 468 ,ἶ
2920 415 2924 459 Ι

2826 495 2854 519 ¹
2874 489 2924 531 111,

2869 706 2924 743 :atel

1518 1786 1636 1831 Deus
1656 1797 1788 1842 super
1810 1783 2108 1828 haereditatem
2139 1793 2284 1832 suam,
2306 1780 2452 1824 311133
2472 1778 2550 1823 tibi
2576 1778 2779 1835 signum:

1519 1860 1716 1916 Cumque
1739 1857 1978 1903 recesseris
1994 1868 2019 1899 a
2036 1869 2122 1909 me,
2145 1855 2342 1900 invenies
2366 1852 2478 1898 duos
2501 1851 2633 1903 viros,
2656 1850 2781 1907 juxta
2831 1863 2833 1866 ·

1518 1932 1767 1988 sepulcrum
1784 1929 1966 1982 Rachel,
2004 1929 2079 1986 qui
2122 1928 2268 1972 dicent
2312 1927 2391 1971 tihi
2429 1925 2547 1982 quod
2589 1924 2779 1968 inventae
2838 1922 2842 1978 J
2899 1947 2902 1951 ’

1520 2009 1624 2050 sunt
1644 2001 1795 2048 asinae.
1835 2000 2032 2057 Cumque
2059 1999 2232 2044 veneris
2262 1998 2317 2043 ad
2339 2009 2549 2054 quercum
2586 1995 2777 2047 Thabor,

1518 2081 1654 2121 et‘est
1675 2067 1853 2118 Thabor
1887 2084 2047 2117 nomen
2083 2070 2292 2123 hominis,
2327 2082 2418 2115 non
2455 2069 2636 2121 montis,
2660 2069 2783 2112 inve·
2846 2125 2849 2126 7

1518 2149 1640 2194 nient
1664 2153 1708 2192 te
1729 2152 1819 2190 tres
1845 2145 1944 2198 viri,
1966 2157 2079 2189 unus
2113 2150 2293 2201 portans
2333 2150 2423 2187 tres
2459 2141 2631 2193 hoedos,
2669 2141 2782 2184 alins

1519 2229 1609 2266 tres
1624 2219 1915 2278 tortaspanis,
1935 2225 1978 2263 et
1998 2219 2110 2263 alius
2129 2217 2323 2275 lagenam
2342 2217 2450 2268 vini,
2470 2222 2512 2261 et
2528 2214 2718 2271 accipies
2728 2213 2783 2259 de

1521 2369 1597 2425 qui
1619 2367 1782 2412 dicitur
1798 2368 1931 2412 statio
1947 2364 2328 2417 Philisthinorum,
2351 2376 2404 2408 eo
2427 2362 2543 2421 quod
2562 2361 2781 2419 quondam
2848 2349 2852 2414 'v

1522 2443 1583 2489 ibi
1599 2440 1855 2488 Philistbaei
1864 2439 2163 2486 castrametati
2186 2444 2305 2490 sunt,
2330 2444 2373 2483 et
2398 2437 2580 2481 habebis
2604 2437 2779 2480 obvium

1522 2528 1710 2562 cuneum
1731 2514 2042 2572 prophetarum
2066 2512 2427 2558 descendentium
2458 2510 2511 2554 de
2549 2511 2660 2554 33113
2697 2509 2783 2555 Do—

1523 2589 1647 2644 mini,
1675 2587 1952 2646 psallentium
1989 2586 2035 2630 in
2079 2584 2401 2634 instrumentis,
2446 2588 2489 2627 ct
2518 2581 2785 2640 prophetan-

1525 2664 1633 2708 tium
1653 2676 1665 2715 ;
1690 2667 1733 2706 et
1750 2661 1913 2705 insiliet
1932 2660 1976 2703 in
1998 2663 2041 2703 te
2064 2658 2247 2715 spiritus
2272 2656 2463 2709 Domini,
2485 2661 2527 2700 et
2548 2655 2783 2713 propheta-

1524 2734 1592 2781 bis
1613 2747 1712 2779 cum
1731 2735 1796 2778 eis
1822 2732 1863 2790 (Ι
1890 2731 1988 2789 Rea.
2013 2730 2076 2788 x).
2105 2747 2120 2773 ›
2142 2729 2194 2774 Et
2215 2735 2320 2791 nota
2341 2727 2458 2786 quod
2480 2727 2658 2772 Samuel
2690 2727 2784 2785 pri·
2862 2773 2867 2782 Ἰ,

1524 2822 1595 2852 1113
1615 2807 1802 2852 instituit
1837 2811 2079 2850 conventus
2123 2802 2429 2860 religiosorum
2466 2801 2629 2859 jugiter
2667 2802 2783 2860 psal-

1526 2883 1707 2928 lentium
1726 2881 1926 2930 Domino,
1968 2886 2008 2924 et
2037 2878 2293 2923 dicebantur
2343 2882 2585 2921 conventus
2630 2887 2783 2920 eorum

1525 2966 1708 3005 cuneus,
1734 2948 2093 3010 (1113513311113115.
2118 2950 2171 2994 Et
2192 2983 2205 3004 ,
2222 2944 2480 2999 dicebantur
2502 2948 2779 3006 prophetare.

1527 3028 1569 3072 id
1595 3037 1663 3072 est
1685 3028 1848 3085 jugiter
1870 3027 2005 3070 Deum
2028 3025 2221 3076 laudare,
2252 3032 2296 3069 et
2318 3022 2429 3068 sorte
2475 3022 2608 3080 aliqui
2643 3034 2783 3079 quan·

1527 3104 1669 3159 doque
1710 3102 2030 3159 prophetabant
2072 3112 2123 3144 ex
2167 3100 2248 3144 315,
2284 3098 2338 3142 Et
2368 3097 2533 3142 addidit
2570 3095 2779 3141 Samuel:

1531 3191 1546 3216 ‹
1575 3176 1685 3220 Cum
1708 3175 1870 3219 videris
1892 3175 1983 3216 hacc
2007 3172 2150 3228 signa,
2175 3172 2292 3216 scias
2314 3170 2431 3227 quod
2466 3166 2676 3213 Dominus
2711 3173 2781 3211 te-

1527 3257 1730 3298 comest,
1755 3255 1798 3291 ct
1831 3244 2216 3296 descendasante
2253 3257 2322 3288 me
2364 3244 2409 3291 in
2447 3240 2639 3299 Galgala,
2680 3241 2782 3297 quia

1529 3323 1585 3366 ibi
1609 3322 1935 3370 conveniemus,
1961 3332 2059 3363 cum
2080 3331 2190 3375 opus
2214 3318 2362 3362 suerit.
2388 3317 2478 3374 Ego
2508 3319 2672 3378 quippe
2707 3317 2781 3360 dc-

1527 3470 1623 3513 hus.
1657 3485 1670 3509 1
1709 3467 1754 3511 111
1786 3467 2112 3511 consecratione
2155 3467 2271 3510 enim
2313 3465 2552 3510 sacerdotis
2583 3470 2633 3508 et
2664 3464 2782 3521 regis

1528 3549 1592 3584 tot
1617 3541 1771 3585 diebus
1798 3540 1923 3583 tiebat
1959 3538 2139 3591 oblatio,
2177 3538 2418 3582 secundnm
2459 3537 2688 3594 quosdfflm
2730 3535 2783 3579 Et

1530 3616 1697 3660 addidit
1721 3631 1733 3659 :
1762 3630 1776 3656 «
1806 3615 2018 3670 Exspecta
2058 3615 2156 3664 hic,
2185 3612 2323 3656 donec
2364 3612 2536 3655 veniam
2573 3611 2628 3655 ad
2654 3615 2718 3662 -tc,
2735 3615 2782 3652 rt

1528 3687 1754 3732 ostendam
1779 3688 1856 3731 tihi
1882 3699 1979 3743 quae
1998 3687 2149 3730 facias.
2181 3701 2195 3727 »
2224 3684 2386 3728 Tamen
2407 3683 2600 3741 quidam,
2616 3689 2779 3742 septem

1530 3762 1623 3804 dies
1646 3760 1839 3805 referunt
1863 3761 1915 3803 ad
1938 3759 2307 3815 exspectationem
2328 3789 2339 3807 ,
2362 3755 2410 3800 ut
2429 3759 2484 3801 sit
2508 3768 2679 3801 sensns.
2703 3754 2781 3799 Se-

1531 3840 1645 3890 ptem
1666 3834 1818 3878 diebus
1837 3833 2110 3890 exspectabis
2124 3831 2262 3875 donec
2275 3830 2444 3875 veniam
2462 3845 2472 3873 :
2493 3829 2607 3885 quod
2630 3836 2781 3885 postea

1531 3905 2042 3962 explicabitur.Cumqne
2065 3903 2254 3948 venisset
2274 3902 2376 3946 Saul
2395 3901 2449 3944 ad
2473 3914 2658 3946 cuneum
2681 3913 2782 3956 pro-.

1532 3979 1781 4034 phetarum,
1805 3976 2077 4034 prophetavit
2097 3987 2196 4019 cum
2227 3976 2291 4019 eis
2317 3974 2438 4019 Saul.
2460 3974 2593 4017 Aiunt
2612 3972 2781 4018 Hebraei

1532 4064 1629 4095 eum
1655 4051 1938 4107 prophetasse
1956 4050 2009 4093 de
2030 4049 2121 4106 Gog
2147 4055 2187 4093 et
2210 4047 2376 4105 Magog‚
2419 4052 2463 4091 et
2496 4047 2550 4091 dc
2586 4045 2779 4103 praemiis

1527 4126 1746 4181 justorum
1771 4124 1974 4180 etpoenis
2011 4124 2245 4167 malorum.
2282 4122 2335 4164 Et
2374 4122 2655 4178 admirantes,
2700 4119 2777 4175 qni

1531 4202 1742 4242 noverant
1765 4209 1883 4249 eum,
1905 4198 2108 4241 dixerunt
2134 4211 2153 4251 :¹
2178 4195 2382 4252 Nunquid
2424 4201 2491 4239 est
2527 4192 2631 4238 Saul
2667 4194 2784 4237 intes

1533 4272 1782 4328 prophetas,
1806 4273 1849 4315 et
1879 4270 1953 4315 Cis
1976 4277 2100 4326 pater
2132 4269 2265 4324 ejus?
2312 4267 2446 4322 Quasi
2487 4265 2637 4310 dicat:
2678 4278 2778 4312 cum

1538 4433 1553 4459 ‹
1582 4418 1634 4461 Et
1658 4418 1756 4474 quis
1775 4422 1898 4474 pater
1919 4415 2047 4473 ejus?
2067 4431 2082 4458 ›
2104 4416 2184 4461 sub
2221 4413 2370 4459 eodem
2405 4425 2565 4467 sensu3
2596 4412 2664 4458 vel
2685 4410 2775 4456 ita:
