2924 4588
210 144 298 198 ant.
534 178 562 213 ,

1127 140 1416 187 conamini
1445 140 1824 208 VJTERBIENSIS

2682 146 2774 195 992

212 249 307 292 quae
330 239 462 293 gessit
486 235 682 285 initalia,
708 233 902 288 vvsilicc
926 233 1084 283 dictata
1110 234 1353 295 posuimus,
1379 233 1451 276 uhi
1476 236 1508 281 Α
1536 233 1644 290 (Rex
1668 236 1797 279 modo
1818 234 2064 278 dissimulat
2091 234 2203 278 mala
2225 248 2322 292 quae
2344 236 2511 283 Melana
2527 248 2744 294 meretur,

215 310 267 354 de
286 308 508 353 Mediolani
527 306 844 355 destructione,
868 312 917 348 et
927 305 980 349 de
997 306 1094 348 aliis
1119 306 1226 349 satis
1248 318 1451 359 compen«-

212 381 332 427 diose
355 393 598 432 narramus

269 453 586 507 Gratiasigitur
606 452 772 505 agimus
797 448 991 493 Creatori
1013 482 1024 499 ,
1051 461 1075 491 a
1101 463 1186 503 quo
1211 444 1324 492 bona
1343 462 1451 492 cun-

213 530 281 570 cta
302 525 565 579 procedunt,
602 520 730 578 quia,
757 522 868 565 sicut
900 523 943 564 in
978 522 1152 571 exordio
1188 522 1283 564 libri
1324 522 1451 575 huius

216 599 551 654 spopondimus,
579 598 827 639 universum
867 595 998 638 Vetus
1035 600 1080 639 et
1111 595 1281 637 Novum
1302 593 1452 636 Testa·

214 680 402 716 mentum
422 674 463 713 in
484 682 653 714 summa
682 670 1014 722 complectentes
1034 667 1228 712 versifice
1251 668 1452 722 assigna·

214 746 370 792 vimus,
389 749 433 787 et
448 743 499 786 ab
519 743 642 785 initio
661 742 808 785 mundi
831 741 1038 795 usquead
1054 746 1305 795 praesentem
1323 740 1448 793 diem,

213 818 294 860 snb
318 824 506 872 tempore
527 815 685 859 domini
706 815 978 869 imperatoris
1000 813 1223 864 widerici,
1249 818 1293 856 et
1312 814 1452 856 domi-

212 890 254 932 ni
285 901 403 945 papae
428 888 585 932 Urbani
610 887 751 939 tertii,
777 886 922 935 omnia
951 898 1082 941 regna
1107 886 1279 936 mundi,
1302 897 1451 929 omnes

212 970 349 1015 reges,
376 965 418 1003 et
438 963 533 1002 acta
554 970 719 1014 regum,
740 957 820 1002 sub
838 958 1107 1013 compendio,
1131 964 1174 1003 et
1197 958 1387 1008 nomina,
1409 963 1451 1000 et

213 1038 403 1087 tempora
422 1063 432 1083 ,
461 1036 503 1075 et
526 1042 663 1076 annos
680 1042 830 1073 eorum
850 1061 861 1080 ‚
904 1036 1033 1085 atque
1056 1042 1206 1073 omnes
1232 1027 1451 1073 Romanos

214 1105 440 1160 pontifices
458 1135 468 1155 ‚
494 1111 535 1147 et
557 1115 694 1147 annos
720 1108 762 1146 et
787 1114 980 1152 menses,
1015 1107 1059 1145 et
1081 1101 1174 1145 dies
1198 1110 1346 1144 eorum
1378 1111 1453 1155 per

212 1178 407 1221 ordinem
432 1177 740 1233 descripsimus
772 1191 781 1219 :
805 1177 878 1231 qui
902 1176 1031 1217 etiam
1053 1176 1335 1229 imperatores
1353 1185 1450 1216 cum

214 1248 372 1302 quibus
407 1249 658 1304 apostolicis
688 1249 903 1290 vixerunt.
931 1246 1217 1291 Distinxinrus
1237 1245 1452 1292 Chronica

1538 306 1600 349 Ad
1619 307 1807 362 reliquas
1824 307 1953 350 urbes
1974 307 2190 350 exercitus
2209 307 2274 351 ire
2289 308 2487 363 iubetur,

1589 379 1640 422 Et
1662 392 1791 434 super
1808 379 2013 423 Astenscs
2037 390 2156 422 arma
2173 381 2310 424 tulere
2329 381 2480 434 duces,

1531 449 1622 494 Rex
1643 452 1766 499 abiit,
1793 450 1957 495 Melana
1981 451 2064 494 sibi
2086 463 2172 494 non
2195 452 2356 506 praebet
2377 453 2609 509 honorem

1534 522 1722 577 Tempus
1742 524 1826 567 erit
1851 536 1937 578 quo
1954 523 2070 567 sacta
2093 524 2197 575 luet,
2224 525 2412 568 contrita
2436 525 2610 581 furore3
2631 577 2634 579 Α

1588 593 1725 636 Roma
1747 599 1870 636 vocat
1898 607 2058 650 regem,
2088 607 2164 639 rex
2188 607 2267 638 sua
2292 597 2415 651 signa
2432 599 2610 657 movet.)

1924 667 1985 710 De
2011 668 2176 712 Astensi
2209 669 2388 714 civitate.

1533 737 1685 792 Magna
1705 737 1863 780 timens
1886 750 2030 793 regem
2047 748 2148 785 mox
2170 739 2331 782 deserit
2354 739 2457 783 Asta
2476 741 2695 795 colonum,

1533 811 1595 855 Ad
1622 816 1814 858 castrum
1831 821 1991 853 novum
2016 811 2165 853 cuncti
2186 823 2265 854 sua
2282 817 2439 858 cuncta
2463 818 2696 868 reponunt,

1590 881 1859 926 Undesuum
1881 893 2065 928 vacuum
2089 882 2250 927 deserit
2272 882 2377 928 Asta
2398 886 2555 931 solum.

1533 953 1618 997 Nec
1639 954 1812 1009 penitus
1835 965 1987 1006 vacua,
2011 953 2182 999 deserta
2206 955 2610 1011 relinquitur-Asta,

1534 1026 1746 1075 Turribus
1763 1027 1944 1077 eversis,
1965 1027 2138 1070 inventa
2160 1027 2323 1072 cibaria
2345 1034 2535 1082 vastant,

1588 1098 1777 1143 Alterius
1803 1100 1913 1143 muri
1936 1100 2055 1143 nulla
2068 1100 2201 1162 ruina
2217 1101 2314 1146 fuit.

1535 1172 1643 1214 Dum
1659 1184 1738 1216 rex
1759 1172 1978 1228 egreditur
2003 1173 2157 1217 melior
2178 1173 2351 1219 fortuna
2369 1182 2564 1230 paratur,

1534 1246 1661 1295 Jurat
1674 1248 1712 1291 ei
1731 1248 1915 1303 populus
1940 1235 2003 1292 sic
2027 1254 2120 1292 asta
2144 1239 2474 1302 reconciliatur,

213 1320 357 1364 omnia
373 1353 384 1371 ,
407 1332 502 1376 quae
524 1321 746 1364 catholicae
763 1319 965 1364 Ecclesiae
987 1319 1266 1363 inseruimus.
1287 1317 1334 1362 In
1357 1331 1453 1361 om-
1479 1305 1514 1348 Β
1593 1320 1729 1377 Culpa
1752 1321 1831 1363 fuit
1851 1321 2041 1372 modica,
2066 1321 2203 1378 grafia
2225 1321 2350 1378 plena
2371 1323 2515 1367 datur.

216 1393 344 1437 niLus
371 1399 512 1438 autem
537 1392 632 1438 istis
671 1391 778 1435 nihil
802 1393 1044 1436 fabulosum
1079 1391 1268 1436 scienter
1290 1391 1454 1435 addidi·

216 1477 313 1508 mus
330 1498 342 1517 ,
367 1466 442 1508 sed
460 1471 659 1510 auctores
680 1465 916 1509 catholicos
949 1471 993 1508 et
1022 1463 1293 1509 authenticos
1317 1463 1457 1511 secuti

216 1549 366 1580 sumus
382 1569 392 1587 ,
430 1542 476 1579 ut
499 1537 759 1587 Eusebium,
799 1536 1060 1581 Clementem
1082 1549 1235 1592 papam
1252 1569 1264 1586 ,
1298 1535 1458 1592 Diony·

216 1609 325 1657 sium
350 1608 666 1666 Areopagitam,
682 1609 925 1665 wigonem,
953 1609 1259 1665 Hieronymum
1276 1642 1286 1659 ,
1313 1608 1460 1664 Augu-

214 1682 393 1732 stinum,
408 1681 658 1738 sosephum‚
682 1683 900 1733 orosium,
917 1682 1213 1738 AEgesippum,
1236 1681 1456 1731 Straboni,

218 1764 260 1799 et
279 1756 493 1808 ilionium,
515 1764 556 1799 et
575 1756 766 1799 Solinum
783 1757 836 1801 de
850 1756 1131 1807 mirabilibus,
1147 1761 1188 1798 et
1207 1754 1458 1799 Suetonium

219 1828 272 1872 de
295 1829 381 1871 vita
403 1829 726 1884 imperatorum.

218 1901 324 1944 Item
335 1901 383 1943 de
398 1903 538 1943 eodem
552 1899 590 1942 F
591 1901 766 1944 riderico
779 1903 1040 1957 imperatore,
1054 1903 1238 1957 versifice
1248 1903 1457 1945 notamus.

217 1971 405 2027 Regibus
430 1973 617 2028 antiquis
641 1973 949 2029 descripsimus
971 1975 1115 2016 omnia
1139 1974 1223 2017 late
1241 2005 1252 2023 ‚

219 2043 280 2086 Tu
306 2044 447 2088 minor
467 2051 607 2098 aetate,
627 2044 844 2088 Friderice
859 2078 870 2097 ,
890 2045 1006 2100 prior
1025 2045 1238 2100 probitate
1254 2077 1266 2096 ,

273 2115 367 2159 Jam
383 2123 460 2159 tua
476 2123 599 2172 gesta
625 2122 796 2174 patent,
819 2130 915 2174 quae
936 2118 1121 2162 recitare
1140 2118 1294 2174 placet.

218 2187 323 2232 Nam
347 2187 555 2232 Friderici
583 2197 791 2245 tempora,
816 2191 976 2246 praelia,
994 2195 1201 2246 gestaque
1217 2189 1334 2240 novi,

219 2259 406 2315 Indeque
428 2261 630 2313 maxima,
657 2262 720 2306 vel
746 2263 881 2318 magis
898 2263 1059 2318 optima
1081 2274 1277 2318 promere
1297 2260 1411 2314 vovi,

275 2329 356 2382 Qui
384 2331 497 2382 tulit,
515 2333 740 2376 aut-movit
757 2365 767 2383 ,
799 2345 947 2388 quaeve
968 2332 1133 2388 recepit
1153 2333 1209 2376 ob
1232 2332 1291 2378 ἰὼ

218 2401 329 2445 Dum
348 2404 529 2448 caninus
546 2405 686 2462 magni
712 2406 823 2461 regis
840 2438 850 2457 ‚
876 2418 970 2449 mea
987 2418 1108 2450 musa
1124 2438 1134 2454 ,
1150 2418 1377 2458 cacumen,

224 2474 544 2520 Suhrbrevitate
569 2489 691 2520 suum
717 2478 966 2522 studeamus
989 2483 1163 2534 tangere
1186 2486 1345 2522 numen
1365 2494 1374 2529 ς

277 2546 418 2590 Altius
443 2548 649 2604 incipias;
680 2562 838 2605 organa
863 2557 1011 2594 nostra
1031 2557 1211 2596 tument.

223 2617 346 2662 Nunc
371 2620 446 2663 tibi
463 2620 606 2676 lingua
631 2633 724 2665 mea
739 2627 908 2678 panget,
922 2621 1157 2675 Friderice,
1170 2623 1375 2679 trophaea,

224 2692 331 2737 Actu
353 2694 559 2750 gigantaea
590 2701 715 2738 canat
738 2698 878 2740 omnis
903 2694 946 2738 in
965 2696 1070 2739 orbe
1092 2697 1272 2748 chorea,

282 2763 344 2808 Tu
366 2778 536 2821 quoque
564 2779 686 2811 musa
710 2779 819 2817 mea,
842 2780 984 2824 surge,
1010 2780 1217 2812 canamus
1231 2781 1297 2813 ea.

227 2835 326 2880 Flos
349 2836 430 2880 suit
446 2850 496 2881 ex
514 2838 622 2882 *flore
639 2852 787 2895 regum
813 2838 1060 2885 Fridericus
1084 2841 1270 2894 honore3

228 2900 419 2959 Sumpsit
442 2917 537 2947 eum
558 2918 704 2961 regem
725 2905 950 2951 Germania
969 2909 1096 2963 plena
1120 2910 1282 2960 favore,

283 2972 452 3030 Imperii
475 2976 694 3020 dominum
720 2990 891 3034 semper
913 2979 1070 3024 habere
1090 2981 1257 3025 solens.

225 3043 317 3088 Rex
336 3052 380 3089 ut
402 3045 658 3103 Aquisgrani
676 3047 926 3093 Carolorum
947 3051 1050 3095 sede
1071 3052 1246 3101 resedit.

229 3119 389 3163 Ordine
408 3122 596 3177 legitimo
615 3122 843 3167 Germania
867 3138 1046 3180 prorsus
1069 3127 1231 3179 obedit,

287 3193 465 3241 Finibus
480 3194 613 3239 {ianm
634 3209 706 3240 rex
725 3207 806 3241 sna
830 3199 953 3255 signa
970 3199 1103 3243 dedit.

234 3281 294 3326 De
310 3276 474 3326 civitate
488 3283 723 3329 Medlolani·
739 3294 783 3330 'et
801 3287 851 3330 de
862 3297 1013 3343 yuerra
1027 3285 1120 3346 'ejus
1141 3296 1233 3332 cum
1255 3283 1471 3351 Friderico

716 3344 980 3397 imperatore.

233 3407 349 3452 Urbs
371 3409 534 3454 Melana
555 3416 722 3466 potens,
748 3415 913 3457 meritis
930 3414 1111 3459 dicenda
1132 3415 1281 3467 leaena,

234 3480 410 3526 Viribus
426 3483 606 3536 eximia,
633 3485 802 3540 populis
824 3491 866 3529 ct
888 3486 1024 3530 milite
1048 3488 1192 3546 plena,

292 3553 428 3605 Saeva,
455 3558 656 3612 superba,
685 3558 789 3610 sera,
814 3565 903 3603 tota
924 3560 1098 3605 rebellis
1113 3568 1223 3606 erat.

239 3625 431 3671 Urbibus
449 3641 615 3672 annexa
640 3629 720 3672 suit
745 3632 850 3684 haec,
869 3631 1026 3686 quibus
1049 3634 1194 3676 omnia
1211 3638 1360 3684 vexat,

238 3696 341 3751 Quae
366 3699 524 3743 suerint
546 3702 699 3754 urbes,
720 3713 934 3759 exponere
949 3706 1122 3747 nomina
1145 3710 1305 3756 restat,

292 3770 452 3823 Brixia,
478 3772 689 3825 Terdona‚
716 3773 886 3827 Crema,
913 3774 1131 3820 Placentia
1152 3779 1279 3822 bona.

239 3836 327 3885 Rex
352 3843 426 3886 ubi
449 3843 752 3889 Theutonicam
773 3848 928 3890 meruit
954 3853 1149 3904 captasse
1167 3862 1389 3904 coronam,

236 3914 399 3966 Quaerit
421 3923 463 3959 et
484 3917 689 3971 Italicam,
712 3922 814 3973 quia
834 3920 1041 3965 sicdocet
1056 3923 1215 3978 inclyta
1238 3922 1390 3975 Roma,

295 3988 377 4033 Per
400 3991 562 4034 medios
585 3991 764 4047 Ligures
787 3994 903 4050 regia
921 3996 957 4040 si
988 4006 1044 4037 na
1069 3992 1226 4040 volant.

243 4061 371 4117 Signa
397 4064 462 4107 sui
489 4066 599 4119 regis
616 4069 778 4120 spernit
802 4067 965 4111 Melana
986 4070 1157 4122 vereri,

245 4133 328 4178 Sed
347 4137 522 4191 propria
543 4138 700 4182 virtute
720 4151 797 4183 sua
821 4141 911 4183 vult
935 4153 1039 4184 rura
1060 4142 1188 4193 tueri,

299 4207 450 4274 Nescia
476 4210 591 4264 quod
614 4210 694 4254 sibi
714 4224 830 4256 mors
845 4212 1182 4267 rex-Fridericus
1201 4215 1301 4258 erit.

244 4279 364 4323 Hanc
387 4283 455 4323 ubi
482 4295 552 4324 rex
578 4285 695 4338 angit
717 4286 932 4340 regalibus
966 4286 1154 4342 undique
1175 4287 1333 4331 bannis
1348 4318 1361 4339 ‚

246 4354 435 4411 Dissipat
452 4365 493 4400 ct
519 4358 692 4414 frangit,
721 4372 794 4402 sex
811 4367 950 4404 marte
970 4351 1201 4406 fluentibus
1218 4363 1369 4415 annis,

306 4426 431 4481 Urbs,
453 4443 545 4485 quae
565 4443 732 4475 summa
755 4432 860 4485 ruit,
880 4440 1233 4491 marterepressa
1253 4435 1350 4481 luit.

1816 1384 1920 1436 lse'm
1947 1393 1997 1437 de
2020 1394 2168 1438 eadem
2191 1395 2298 1438 Asta
2325 1396 2504 1440 civitate,

1537 1462 1583 1506 ln
1600 1464 1802 1520 Ligurum
1822 1468 1966 1521 patria.
1987 1455 2134 1510 manet
2152 1464 2274 1519 urbs,
2298 1460 2394 1524 quae
2418 1465 2576 1512 dicitur
2595 1467 2701 1514 Asta
2719 1502 2732 1523 ,

1537 1534 1699 1591 inclyta
1723 1535 1903 1588 divitiis,
1924 1537 2093 1581 modico
2114 1532 2354 1584 munimine
2369 1546 2505 1594 vasta,
2716 1531 2718 1534 ’

1594 1608 1698 1661 Quae
1715 1609 1799 1653 cito
1822 1611 2073 1662 succubuit..
2085 1624 2164 1655 nec
2188 1618 2331 1657 tamen
2347 1613 2440 1669 ipsa
2462 1615 2564 1658 ruit.

1585 1682 1645 1725 De
1669 1683 1835 1731 civitate
1862 1683 2054 1728 Terdona
2075 1676 2148 1740 per
2164 1683 2431 1730 Fridericum
2456 1693 2518 1730 ter
2532 1680 2757 1732 desotataq

1539 1754 1704 1799 Amodo
1726 1754 1935 1802 Tei-donae
1951 1764 2148 1812 superest
2170 1759 2352 1804 recitare
2375 1760 2587 1812 dolorem,

1540 1828 1644 1881 Quae
1664 1823 1892 1873 Mediolani
1915 1825 2053 1875 veteri
2071 1827 2254 1875 subnixa
2280 1831 2447 1883 furore,

1597 1901 1812 1946 consueto
1835 1914 1958 1946 more
1971 1902 2064 1946 vnit
2084 1903 2263 1947 'inimica
2286 1901 2394 1950 fore.

1542 1973 1634 2018 Rex
1661 1975 1730 2018 ubi
1757 1982 1899 2020 castra
1912 1982 2068 2029 movet,
2091 1977 2243 2021 metuit
2267 1974 2355 2022 scra
2373 1978 2497 2022 turba
2519 1978 2706 2034 leonem,

1540 2047 1739 2104 Cingitur
1754 2049 1958 2093 ‘horribili
1975 2061 2207 2104 procerum
2230 2049 2428 2094 Terdona
2448 2051 2620 2106 labore,

1599 2121 1719 2165 Miles
1743 2126 1789 2164 ut
1805 2122 2051 2178 aggreditur
2074 2123 2193 2178 plebs
2219 2122 2398 2179 fugitiva
2420 2123 2551 2168 dolet.

1494 2256 1496 2258 Ι
1543 2190 1744 2249 Undique
1767 2206 1842 2238 rex
1865 2200 1998 2244 arcet,
2022 2195 2206 2250 populus
2230 2195 2393 2239 secedit
2414 2196 2467 2239 ad
2487 2208 2630 2239 arcem

1542 2264 1630 2309 Nec
1649 2267 1733 2311 sibi
1755 2267 1818 2312 sic.
1852 2270 1996 2323 patet*
2013 2268 2231 2322 stringens
2252 2272 2384 2323 eques
2408 2269 2597 2324 undique
2617 2274 2789 2324 partes,

1601 2339 1713 2384 Urbs
1735 2342 1904 2396 capitur
1921 2342 2046 2396 plane
2064 2373 2075 2392 ,
2101 2341 2226 2385 turba
2246 2354 2454 2385 cacumen
2478 2341 2620 2386 habet.

1485 2380 1517 2425 C
1545 2410 1654 2453 Hinc
1676 2411 1800 2455 cibus
1816 2417 2026 2461 arctatur,
2047 2411 2144 2457 sons
2167 2413 2346 2459 tollitur,
2371 2411 2468 2455 inde
2487 2416 2679 2468 paratur,

1545 2483 1678 2539 'salpa
1703 2495 1877 2536 cavans,
1898 2485 2027 2537 aries,
2050 2486 2334 2540 mangonibus
2358 2485 2634 2541 injaculatur,

1600 2555 1800 2600 Pei-forat
1817 2557 2024 2607 interius,
2051 2557 2216 2612 rumpit
2240 2562 2470 2612 utrumque
2495 2556 2623 2602 latus.

1546 2624 1746 2668 Proxima
1763 2626 1853 2681 jam
1874 2626 2002 2669 morti
2028 2626 2141 2670 cedit
2164 2638 2269 2681 gens
2286 2624 2458 2669 subdita
2483 2626 2590 2669 sorti
2612 2657 2624 2679 ,

1547 2697 1773 2741 introitum
1791 2699 1879 2754 regi
1911 2698 2069 2754 patulis
2089 2698 2206 2741 dedit
2225 2699 2414 2754 undique
2438 2698 2604 2754 portis,

1603 2768 1746 2814 Plebis
1765 2770 1957 2813 membra
1982 2776 2122 2813 tamen
2150 2771 2325 2824 vitaque
2347 2770 2466 2814 salva
2490 2775 2681 2815 manent.

1546 2839 1680 2885 insita
1699 2841 1842 2886 telluri
1859 2852 1935 2885 rex
1954 2843 2110 2884 moenia
2136 2842 2330 2897 praecipit
2347 2842 2414 2885 uri
2430 2873 2442 2894 ,
2576 2844 2579 2845 ’
2642 2842 2644 2846 ’
2731 2830 2735 2833 ’

1549 2914 1651 2959 Inde
1670 2915 1835 2958 cadunt
1850 2915 1962 2958 muri
1986 2915 2131 2970 populi
2155 2914 2282 2970 digne
2301 2914 2498 2970 perituri,

1607 2984 1680 3032 Sic
1702 2987 1901 3032 Tei-dona
1916 2987 2029 3040 ruit,
2054 2998 2139 3043 qua
2154 2989 2262 3031 satis
2280 2988 2366 3031 alta
2390 2987 2487 3033 fuit.

1551 3060 1712 3117 inclyta
1735 3060 1934 3105 Ter-dona
1958 3060 2088 3105 nimis
2108 3060 2321 3103 irascente
2342 3062 2520 3110 corona,

1554 3132 1674 3175 Victa
1692 3133 1778 3175 ruit
1798 3143 1935 3187 prona
1949 3164 1961 3184 ,
1980 3132 2156 3188 capiens
2178 3132 2262 3174 tria
2282 3127 2425 3175 tristia
2449 3130 2578 3182 dona,

1609 3204 1777 3263 Quippe
1797 3205 1935 3249 tribus
1964 3204 2132 3248 vicibus
2149 3203 2290 3246 diruta
2314 3209 2404 3251 tota
2430 3202 2592 3247 domat.

1554 3278 1749 3330 Qualiter
1767 3288 1793 3322 ιι
1825 3277 2016 3322 Τενάοηα
2039 3277 2214 3320 Romam
2243 3273 2547 3321 consecranda&
2577 3276 2793 3333 processit.

1553 3350 1654 3395 Haec
1678 3351 1752 3394 ubi
1775 3351 2020 3406 eoniplevit,
2047 3346 2230 3394 celebris
2244 3350 2399 3409 legatio
2422 3350 2572 3403 venit,-

1495 3445 1531 3489 D
1555 3423 1710 3480 Pei-figat
1734 3428 1783 3467 ut
1805 3423 1908 3468 hinc
1946 3429 2129 3480 propere
2150 3423 2316 3479 papalia
2340 3425 2439 3480 jura
2463 3425 2576 3469 tueri

1611 3496 1667 3539 Ex
1692 3496 2009 3552 opespontiilcis
2022 3497 2111 3552 jam
2134 3501 2410 3540 monocrator
2425 3497 2524 3542 erit.

1554 3568 1696 3626 thue
1714 3574 1858 3614 moras
1880 3576 2047 3625 purget,
2065 3568 2342 3614 vehementer
2362 3581 2473 3627 papa
2491 3574 2694 3627 perurget
2710 3601 2725 3622 ,

1555 3643 1643 3687 Rex
1661 3643 1801 3687 bonus
1822 3654 2058 3698 exsurgens
2080 3642 2247 3698 aquilas
2258 3641 2414 3686 direxit
2436 3640 2490 3684 ad
2510 3636 2688 3700 Urbem,

1611 3713 1807 3770 Dantque
1833 3707 2080 3757 Placentina
2103 3726 2206 3756 rura
2229 3720 2416 3758 cremata
2435 3713 2566 3757 viam.
2664 3710 2666 3714 ’

1558 3786 1701 3831 Servit
1722 3787 1763 3830 ei
1780 3786 1951 3837 Parma,
1975 3786 2190 3829 Bononica
2209 3786 2384 3829 transiit
2407 3797 2527 3837 arva,

1556 3859 1662 3915 Alpe
1681 3860 1787 3904 satis
1804 3865 1940 3914 vparva
1962 3858 2179 3902 Florentia
2200 3857 2375 3914 pertulit
2397 3869 2517 3902 arma
2533 3888 2547 3909 .
2572 3877 2573 3880 ¹
2644 3883 2648 3885 -

1611 3931 1797 3974 Nuntius
1815 3930 1986 3974 Acbaiae
2004 3930 2272 3986 Palaeologus
2295 3929 2433 3974 adest.

1558 4003 1773 4046 Arnaldus
1790 4003 1973 4057 capitur,
1998 4014 2125 4058 quem
2150 4002 2294 4046 Brixia
2315 4001 2452 4047 sensit
2475 3991 2714 4052 alumnum,

1558 4075 1767 4131 Dogmata
1787 4075 1912 4129 cujus
1927 4075 2058 4118 erant
2073 4074 2197 4130 quasi
2220 4074 2509 4131 pervertentia
2534 4071 2743 4116 mundum
2757 4102 2773 4124 ,

1617 4145 1868 4202 strangulat
1883 4145 2000 4188 hunc
2021 4146 2218 4201 laqueus,
2245 4144 2358 4201 ignis
2379 4150 2423 4189 et
2440 4144 2556 4188 unda
2576 4143 2742 4189 vehunt
2757 4170 2775 4194 .

1562 4219 1749 4263 Tliuscia
1767 4219 1921 4263 devota
1946 4231 2042 4263 sese
2063 4217 2180 4262 dedit
2204 4216 2394 4272 undique
2410 4207 2520 4267 tota,

1560 4292 1668 4336 Nota
1686 4293 1753 4335 vel
1775 4292 1925 4347 ignota
1938 4291 2183 4336 subduntur
2200 4302 2330 4345 regna
2361 4294 2527 4333 remota
2542 4320 2553 4339 ,

1616 4364 1679 4408 Ad
1702 4364 2086 4420 Pendentis-Aqnae
2101 4362 2260 4420 praedia
2278 4368 2421 4408 castra
2440 4362 2599 4416 iacent.

1563 4436 1630 4482 Ad
1649 4439 1747 4482 vitae
1768 4443 1966 4482 meritum
1984 4437 2163 4486 veniunt.
2181 4434 2337 4481 vexilla
2354 4431 2573 4480 viterbum
2589 4465 2606 4486 ,
