2924 4588
6 107 28 140 s
80 70 161 153 tao

856 99 1162 147 SERMONES.
1189 122 1246 134 -
1274 98 1326 142 m
1355 95 1615 156 Abvun'ru
1647 87 1849 140 boum.

2548 90 2630 135 ¹90

0 213 14 259 ;ι
76 196 244 242 suavior
265 201 326 238 ese
344 193 485 251 (Prot.
509 189 577 245 vi,
592 193 676 250 Π),
699 206 777 250 pro
801 206 852 237 co
873 193 987 249 quod
1012 192 1206 236 doctrina
1229 191 1316 234 hae·
1340 198 1374 242 Α
1397 186 1559 243 {vlit
1573 187 1710 242 Hujus
1725 186 1867 241 itaque
1888 182 1956 226 bis
1974 179 2160 237 quinque
2171 178 2315 236 partiti
2334 177 2456 236 panis
2477 178 2631 222 domus

0 264 26 350 ,i

72 337 212 382 ctrina
243 343 365 382 sana,
386 335 462 382 Est
498 341 540 383 et
574 337 766 383 carnalis
804 335 1030 400 delectatio
1061 334 1200 390 panis,
1226 344 1311 388 quo

23 414 26 471 l
71 410 214 455 anima
243 409 460 466 peccatrix
497 409 704 465 pascitur,
743 409 854 453 sicut
877 407 1046 451 habetis
1082 407 1125 449 in
1153 404 1234 448 Job
1257 405 1311 448 de

23 478 25 530 †
69 483 201 539 impio
217 482 395 534 dictum,
420 495 513 525 cum
542 495 585 526 se
606 483 774 526 mouerit
806 480 863 524 ad
881 479 1145 538 qaoerendam
1163 491 1310 534 panem

21 535 24 599 ἱ

72 269 208 312 retica
234 267 429 324 reprobis
453 267 625 330 charior
654 277 965 322 nonnunquam
985 271 1052 309 est
1083 276 1211 320 quam
1234 263 1311 307 do·

69 554 165 614 (Iob
183 567 255 606 xv,
276 550 368 612 25),
413 554 458 597 id
490 559 556 597 est
579 566 676 598 cum
701 565 748 598 se
782 549 1062 596 intromiserit
1093 547 1307 592 carnalem

22 646 23 656 ι
66 637 259 682 quaerere
284 625 631 687 delectationem.‘
659 623 745 669 Sed
777 630 824 673 ‚et
856 623 1085 667 induratus
1109 620 1304 676 quilibet,

59 708 345 759 ¹perseverans
368 697 412 740 in
444 699 622 753 peccato
649 706 751 749 ειιο,
773 696 899 753 panis
920 701 1000 748 est,
1027 699 1074 738 ut
1096 692 1309 749 reperitur

66 769 181 824 apud
217 767 342 819 Osee,
368 769 481 823 quod
504 767 702 823 Ephraim
725 768 862 824 sactus
885 773 947 810 est
965 765 1100 821 ,panis
1119 763 1307 807 subcine-

20 860 21 869 ι
65 840 210 895 ricius,
233 843 304 898 qui
337 854 417 885 non
455 845 688 887 reversatur
721 840 835 897 (Ose.
859 850 938 891 vn,
957 838 1018 896 8),
1042 838 1153 894 quia*
1175 835 1306 880 indn-

19 926 21 958 ι
64 916 184 955 ratus
207 916 407 967 peccator
431 911 476 959 in
508 910 909 960 immunditiissuis
931 911 1062 966 jacet,
1083 911 1127 956 et
1161 908 1214 952 de
1244 908 1306 952 eis

19 985 21 1035 ἕ
63 996 150 1032 non
172 987 365 1039 poenitet.
393 983 531 1039 Huius
553 983 758 1039 tripartiti
778 984 906 1040 ,panis
937 982 1129 1025 Ecclesia
1150 981 1304 1034 donnus

19 1047 21 1118 f
65 1062 253 1110 nonest,
276 1057 375 1112 quia
394 1069 468 1112 per
486 1055 700 1110 affectum,
720 1056 809 1100 sive
833 1053 1122 1111 pereffectum
1138 1053 1304 1096 mansio

61 1137 149 1173 non
170 1132 236 1170 est
272 1124 444 1170 Primus
467 1127 589 1182 panis
614 1127 806 1170 edentem
824 1126 1018 1181 perducit
1034 1124 1089 1167 ad
1110 1123 1305 1179 blasphe-

0 1217 2 1231 ν
63 1197 193 1243 miani
208 1197 251 1248 in
275 1197 359 1242 fide
374 1213 389 1253 ς,
405 1199 634 1249 secundus,
655 1199 708 1242 ad
730 1211 987 1243 consensum
1005 1199 1047 1240 in
1064 1199 1299 1253 pravitatc;

63 1270 216 1320 tertius
238 1283 356 1323 vero,
382 1273 435 1314 ad
456 1273 738 1315 aeternitatem
757 1273 801 1317 in
827 1283 954 1327 poena
977 1271 1195 1326 graminum,
1219 1269 1303 1312 Do-
1331 1262 1360 1304 li
1385 1261 1686 1318 perducamur.
1709 1260 1786 1304 Cui
1823 1260 1880 1303 sit
1912 1270 2009 1302 cum
2044 1258 2171 1302 Patre
2205 1265 2247 1302 et
2276 1257 2439 1314 Spiritu
2479 1262 2627 1302 sancto

61 1344 200 1390 utrina
228 1356 414 1401 namque
437 1344 636 1388 haeretica
657 1357 732 1400 per
762 1357 953 1388 errorem
982 1345 1163 1397 seducit,
1188 1344 1304 1387 dele-

17 1426 18 1433 *
41 1415 191 1460 ctntio
216 1416 380 1471 peccati
403 1416 456 1462 ad
473 1429 730 1461 consensum
757 1409 967 1473 perducit,
986 1417 1303 1472 perseverantia

59 1487 104 1536 in
145 1489 372 1543 iniquitate
412 1491 455 1532 in
486 1495 690 1533 aetcrnam
731 1489 1015 1546 perditionem
1045 1490 1213 1546 mergit,
1254 1496 1303 1532 ut

55 1554 172 1616 Justo
189 1560 264 1604 Dei
279 1561 446 1616 judicio
466 1565 578 1606 sicut
596 1555 902 1618 hic'nunquam
918 1562 1055 1606 voluit
1071 1547 1303 1607 terminare

57 1633 244 1688 culpam,
270 1634 333 1677 sic
354 1640 396 1677 et
420 1634 479 1677 ibi
502 1646 721 1691 nunquam
743 1634 860 1677 liniat
878 1646 1064 1690 poenam.

112 1703 199 1759 Yli.
227 1704 310 1750 Sed
333 1712 399 1750 est
423 1708 533 1751 alius
557 1708 683 1764 panis
703 1707 758 1751 ad
788 1707 1027 1750 Ecclesiam
1062 1707 1299 1762 pertinens,

56 1775 181 1831 cujus
203 1783 246 1831 et
267 1778 339 1820 illa
361 1777 515 1822 domus
538 1785 618 1823 est.
643 1778 738 1834 lpse
773 1784 841 1823 est
871 1776 1035 1834 primus
1058 1779 1131 1834 qui
1156 1778 1209 1823 de
1233 1791 1300 1823 se-

15 1871 17 1888 ι
57 1845 151 1906 ipso
169 1850 229 1893 ait
248 1862 259 1892 :
287 1850 486 1906 qusum
506 1851 626 1906 panis
649 1853 760 1894 vivus
781 1849 921 1908 (Joan.
948 1862 1008 1903 vr,
1031 1850 1118 1908 ΒΞ),
1138 1850 1238 1906 quia
1256 1851 1301 1894 in

14 1922 151 1979 ’'Ipso
187 1919 330 1966 vitalis
369 1924 522 1966 animae
558 1923 737 1967 resectio
776 1928 858 1967 est.
883 1923 958 1966 Est
999 1929 1042 1967 et
1084 1923 1300 1968 secundus

29 2039 35 2042 .
57 1996 181 2053 panis
203 1996 314 2052 ejus,
340 1997 410 2040 ille
431 2008 557 2054 quem
587 1996 631 2039 in
655 2003 932 2042 sacrosancto
961 1997 1083 2040 altari
1109 1996 1301 2053 quotidie

55 2066 201 2114 sumit.
229 2066 287 2110 De
320 2080 405 2124 quo
445 2069 491 2110 in
524 2066 748 2114 Par-abelis
786 2069 979 2112 dicitur:
1014 2069 1115 2123 quia
1153 2081 1300 2123 panem

55 2138 187 2185 etiosa
209 2154 289 2183 non
305 2139 479 2184 comedit
500 2141 642 2199 (Pron.
664 2155 781 2192 xxxi,
799 2141 888 2198 27),
913 2143 1013 2198 quia
1036 2142 1125 2197 ipsa
1143 2153 1298 2196 corpus

30 2208 353 2270 -Redemptoris
376 2214 443 2257 sui
465 2215 558 2273 sine
576 2214 716 2258 fructu
743 2215 844 2258 boni
880 2215 1022 2271 operis
1050 2225 1134 2256 non
1159 2213 1299 2268 perci-

51 2285 130 2343 pit.
155 2283 232 2330 Est
252 2291 295 2331 et
321 2288 474 2331 tertius
495 2288 634 2343 gratia
671 2287 926 2344 spiritualis,
952 2293 999 2331 ut
1023 2287 1065 2330 in
1089 2286 1197 2330 isaia
1220 2286 1298 2328 ha-

14 2401 15 2405 ,
35 2346 177 2402 ,betur
192 2359 308 2414 quod
329 2359 451 2413 panis
471 2360 509 2402 ei
532 2358 656 2403 datus
674 2367 750 2410 est,
778 2373 894 2415 aquae
914 2359 1011 2420 ‚ejus
1035 2357 1176 2414 fideles
1201 2366 1296 2401 sunt

54 2431 161 2490 (Isa.
185 2445 345 2485 xxxin,
365 2433 451 2491 16),
471 2432 515 2476 id
537 2436 603 2478 est
643 2435 778 2490 gratia
798 2432 1034 2489 spiritualis
1051 2432 1143 2475 viro
1160 2433 1297 2476 eccle-

13 2520 14 2523 *
53 2507 228 2552 siastico
266 2507 420 2549 collata
456 2511 537 2557 est,
565 2507 950 2562 contemplationes
982 2506 1077 2561 ejus
1107 2518 1296 2549 erronem

13 2591 14 2604 ³
52 2591 138 2622 non
174 2583 289 2622 sunt.
315 2577 393 2620 Est
430 2582 471 2620 et
512 2582 711 2632 quartus,
753 2589 875 2621 sacra
913 2577 1126 2628 doctrina,
1152 2581 1197 2619 ut
1238 2577 1296 2618 sit

50 2649 257 2698 'eremias
270 2651 369 2706 quia
390 2649 770 2705 permut-perierunt
795 2663 943 2706 punem.
965 2650 1133 2706 (Tleren.
1158 2663 1214 2699 iv,
1233 2650 1293 2706 4).

51 2721 240 2782 Humiles
273 2723 469 2766 videlicet
503 2729 544 2766 et
582 2724 799 2777 simplices
836 2723 1191 2767 desideraverunt
1219 2724 1295 2766 do-

51 2788 231 2858 ctrinam
249 2795 413 2840 audire.
433 2794 508 2839 Est
532 2803 573 2840 et
596 2796 773 2851 quin-tus
794 2795 996 2840 Ecclesiae
1021 2797 1159 2852 panis,
1181 2796 1295 2839 actio

50 2865 176 2919 bona,
205 2868 316 2911 sicut
343 2873 385 2913 et
421 2881 502 2912 vox
540 2868 609 2912 illa
641 2869 832 2912 continet
867 2869 1006 2913 sancti
1033 2869 1220 2926 Spiritus
1252 2869 1294 2912 in

12 2969 13 2973 =
47 2937 176 2992 lsaia,
215 2954 310 3000 quae
343 2942 440 2987 talis
474 2948 538 2985 est
574 2958 581 2984 t
622 2941 778 2985 Panem
816 2949 1002 2985 nostrum
1037 2942 1293 2988 comedemus

48 3004 344 3080 >f(125a,i.'1v,1)‚
370 3026 448 3069 pro
480 3026 530 3057 eo
578 3013 692 3069 quod
727 3012 990 3070 septiformis
1030 3014 1217 3072 Spiritus
1251 3015 1294 3058 in

48 3078 165 3156 {⁸²³⁰
197 3097 343 3144 opere,
382 3087 495 3143 quod
531 3088 657 3131 nobis
701 3088 912 3143 agendum
946 3089 1131 3145 inspirat
1175 3090 1292 3135 dele-

51 3157 207 3207 ctatur.
227 3158 303 3204 Est
326 3164 368 3203 et
387 3166 534 3202 sextus
557 3161 679 3216 panis
701 3160 795 3216 ejus
817 3162 950 3205 robur
972 3162 1214 3207 charitatis.
1236 3161 1294 3207 De

50 3218 135 3296 {uo
167 3229 375 3277 Dominus
408 3231 453 3274 in
494 3230 723 3287 Evangelio
757 3247 768 3275 ε
807 3224 917 3285 Ωιιίε
942 3246 992 3288 ex
1039 3233 1149 3277 vobis
1191 3234 1292 3289 petit

50 3299 214 3365 panem,
260 3303 303 3349 id
323 3310 388 3348 est
407 3304 688 3351 charitatem?
719 3303 838 3362 (Luc.
858 3318 916 3356 xi,
945 3306 1033 3364 ll).
1060 3305 1136 3351 Est
1159 3312 1200 3350 et
1220 3319 1291 3355 se-

1390 257 1584 302 Ecclesia
1613 262 1696 308 est,
1733 261 1780 299 ut
1812 256 1909 310 iure
1942 251 2188 296 nommetur
2219 250 2463 294 Bethlehem
2490 254 2532 293 et
2555 250 2627 293 sit.

1379 330 1584 391 'Primum
1621 328 1750 372 hahet
1768 338 1844 383 per
1877 325 2000 369 iidem
2025 330 2175 390 pasta;
2201 321 2452 372 secundum,
2480 332 2628 377 sacra-

1388 393 1632 445 mentaliter
1669 400 1838 452 cibata;
1870 396 2066 446 tertium,
2113 395 2160 438 in
2211 395 2382 451 occulto
2429 393 2625 447 visitata:

1386 480 1605 528 quartum,
1645 470 1859 514 audiendo
1901 469 2137 520 insu-uem
2177 466 2391 523 quintum,
2427 465 2471 507 in
2512 465 2628 508 bono

1386 555 1515 599 opere
1555 543 1788 598 occupa'ta3
1837 544 2023 589 sextum,
2053 537 2283 588 dilectione
2336 536 2626 591 impinguata:

1385 617 1632 671 septimum,
1667 615 1714 657 in
1753 613 1983 668 semetipsa
2021 610 2267 662 humiliata3
2307 616 2523 659 octavum,
2549 619 2628 663 per

1383 689 1639 732 exercitium
1675 685 1962 737 sanctificata3
1986 695 2165 732 nonum,
2190 694 2266 737 per
2287 681 2622 724 consolationem

1384 751 1854 813 roborata;decimum,
1876 769 1953 812 per
1969 755 2207 799 subsidium
2231 753 2410 796 munita.
2435 751 2498 793 Ad
2515 752 2627 795 hanc

1383 829 1631 879 Bethlehem
1648 829 1874 886 egrediens
1886 829 1939 871 de
1960 827 2150 871 Samaria
2169 826 2221 869 ad
2241 831 2425 881 portam,
2446 837 2540 880 quae
2557 835 2626 868 re·-

1385 905 1512 960 spicit
1536 902 1589 946 ad
1621 901 1838 946 Orientem
1862 900 2069 943 Dominus
2095 898 2226 948 venit,
2246 897 2346 953 quia
2373 897 2424 939 de
2458 902 2626 939 secreto

1382 975 1526 1019 Patris
1541 975 1702 1031 exiens,
1721 979 1762 1017 et
1780 972 1831 1015 de
1852 971 2017 1026 virgine
2038 969 2169 1012 Maria
2189 974 2352 1011 naturae
2379 973 2536 1011 nostrae
2551 979 2627 1024 pu-

1383 1047 1543 1090 blicum
1567 1059 1758 1094 sumens,
1783 1044 1986 1087 Ecclesiae
2006 1055 2051 1086 sc
2074 1051 2150 1097 per
2167 1041 2291 1084 fidem
2319 1028 2625 1093 ostenditkaui

1383 1118 1508 1161 nobis
1523 1122 1712 1173 praestet,
1726 1120 1772 1158 ut
1784 1113 1954 1170 quijam
1973 1125 2067 1157 eum
2078 1123 2153 1168 per
2168 1111 2291 1154 iidem
2304 1110 2624 1166 cognoscimus,

1384 1200 1520 1252 usque
1545 1181 1606 1231 ad⁴
1620 1186 1989 1242 contemplandam
2029 1185 2214 1242 speciem
2242 1196 2331 1228 suae
2358 1183 2626 1227 celsitudinis

1384 1333 1523 1376 honor
1544 1338 1586 1376 et
1603 1332 1758 1389 gloria,
1775 1333 1819 1375 in
1844 1332 1999 1376 saecula
2027 1331 2298 1374 saeculorum.
2323 1329 2474 1374 Amen.

1783 1403 1873 1462 64,
1897 1402 2078 1446 SERMO
2108 1401 2236 1449 xvii,

1577 1490 1683 1520 rrnu
1705 1486 1906 1539 nonu-ucri
1926 1487 1958 1517 ιι
1984 1487 2027 1517 in·
2050 1486 2246 1517 ,invauru
2269 1484 2431 1516 nomm.

1384 1550 1443 1593 De
1457 1564 1503 1594 eo
1520 1551 1628 1607 quod
1644 1551 1686 1593 in
1701 1549 1971 1594 sacramentis
1992 1547 2147 1591 Veteris
2163 1545 2413 1589 Testamenti
2427 1543 2626 1586 Dominus

1800 1605 1853 1647 ad
1881 1604 2111 1647 Ecclesiam
2134 1604 2256 1646 venit.

1384 1677 1586 1724 Srnorsls
1611 1690 1830 1723 senuoms.
1852 1701 1909 1709 --
1934 1678 1972 1720 ¹.
1995 1675 2127 1719 Panis
2160 1675 2312 1718 animae
2332 1674 2507 1717 verbum
2534 1671 2624 1718 Dei.

1435 1759 1490 1766 --
1502 1736 1544 1779 2.
1564 1735 1646 1778 Per
1659 1733 1682 1776 J
1688 1734 1814 1777 udam
1831 1734 1906 1777 vel·
1916 1733 2157 1775 Bethlehem
2174 1730 2364 1773 Ecclesia
2376 1761 2387 1779 ,
2402 1742 2477 1783 per
2492 1741 2514 1770 a
2548 1739 2627 1771 uas

1438 1790 1745 1846 redemptionis
1770 1794 2039 1833 sacramenta
2074 1788 2367 1842 designantur.
2393 1808 2447 1814 -
2468 1784 2509 1827 ὅ.
2573 1795 2620 1826 ro

1438 1853 1629 1901 tempore
1652 1852 1918 1888 sacramenta
1937 1844 2122 1886 diversa.
2141 1867 2193 1873 -
2210 1842 2251 1884 4.
2277 1841 2307 1883 A
2330 1841 2506 1888 vulnere
2527 1851 2628 1894 pec-

1438 1906 1521 1945 cati
1557 1903 1688 1956 coepit
1726 1901 1934 1943 medicina
1968 1898 2243 1942 sacramenti.
2268 1921 2322 1928 -
2346 1897 2386 1939 5.
2406 1895 2627 1951 Aquarum

1438 1959 1480 2000 in
1514 1959 1668 2000 malam
1692 1962 1856 2011 partem
1891 1956 2085 2010 acceptio
2109 1954 2366 2009 ‘septuplen
2398 1963 2494 2007 quae
2525 1956 2627 1995 sunt

1434 2013 1688 2069 perditionis
1712 2012 1924 2053 Damasci.
1946 2035 2000 2041 —-
2017 2010 2059 2053 6.
2086 2008 2129 2051 ln
2166 2010 2320 2052 bonam
2350 2014 2513 2062 partem
2549 2019 2625 2049 ac-

1435 2070 1598 2125 ceptio;
1637 2080 1732 2124 quae
1768 2072 1868 2112 suut
1907 2078 2026 2122 aquae
2070 2064 2376 2120 redemptionis
2410 2062 2545 2111 Iudae..
2569 2085 2626 2100 „-

1438 2125 1477 2168 7.
1510 2124 1636 2168 ‚lesus
1653 2130 1866 2180 ,operatur
1898 2122 2013 2177 qnod
2045 2123 2242 2165 vocatur.
2266 2144 2322 2152 —
2345 2119 2386 2162 8.
2405 2117 2627 2173 Evangeli-

1436 2181 1636 2224 zantibus
1655 2187 1697 2223 et
1717 2178 1988 2234 pulsantibus
2022 2178 2094 2222 dat
2117 2176 2324 2218 Dominus
2341 2176 2518 2220 verbum
2544 2173 2628 2228 vir·

1434 2242 1524 2280 tute
1559 2235 1690 2278 multa
1718 2241 1760 2278 et
1793 2235 1977 2278 occulta.
2005 2258 2061 2264 -
2082 2232 2123 2276 9.
2150 2231 2232 2273 Pro
2258 2231 2423 2275 meritis
2448 2229 2619 2274 audito·

1434 2305 1531 2335 rum
1559 2291 1748 2336 sehabet
1768 2291 1922 2345 saepi'us
1945 2289 2090 2345 lingua
2110 2287 2456 2344 praedicatorum.

1435 2363 1469 2408 l.
1494 2363 1663 2408 Gratias
1689 2362 1776 2406 Deo
1801 2375 1931 2419 super
1955 2353 2232 2404 inenarrabili
2256 2360 2368 2402 dono
2387 2359 2497 2414 ejus.
2516 2356 2625 2402 Gra-

1377 2440 1459 2483 tias
1483 2439 1539 2489 ei,
1572 2437 1643 2494 qui
1666 2435 1804 2493 epulis
1837 2447 1918 2478 nos
1941 2434 2134 2490 quotidie
2155 2433 2453 2488 spiritualibus
2486 2433 2623 2488 magis

1375 2523 1424 2553 ac
1445 2510 1580 2565 magis
1605 2508 1781 2552 reficere
1803 2506 2019 2563 dignatur,
2036 2505 2271 2548 admittens
2287 2516 2366 2547 nos
2387 2504 2429 2546 in
2453 2502 2625 2551 interio-

1376 2583 1496 2626 ribus
1520 2582 1625 2632 suis,
1662 2585 1704 2624 et
1737 2578 1972 2623 ostendens
1998 2577 2125 2621 nobis
2155 2577 2384 2633 thesauros
2413 2586 2516 2619 suos
2542 2574 2621 2630 ab-

1376 2654 1611 2703 sconditos‚
1636 2659 1678 2696 et
1711 2663 1869 2699 arcana
1906 2657 2169 2695 secretorum
2206 2662 2398 2700 suorum,
2425 2648 2622 2696 revelans

1374 2723 1503 2768 ctiam
1527 2725 1675 2768 oculos
1704 2729 1895 2771 nostros,
1922 2728 1963 2764 et
1993 2720 2164 2770 faciem,
2193 2725 2237 2761 ut
2260 2724 2301 2763 et
2323 2719 2538 2762 mirabilia
2568 2717 2622 2762 de

1374 2797 1465 2853 lege
1505 2809 1582 2840 sua
1621 2802 1881 2845 scrutemur,
1915 2799 1957 2837 et
1995 2793 2172 2849 gloriam
2195 2793 2288 2847 ejus
2333 2791 2620 2847 speculemur.

1373 2868 1483 2912 Ecce
1515 2873 1620 2925 quot
1664 2863 1789 2912 nobis
1815 2866 1867 2909 in
1903 2865 2046 2910 verbis
2075 2864 2338 2920 responsorii
2366 2864 2494 2918 hujus
2521 2875 2622 2918 pro·-
2677 2918 2680 2924 Ι

1375 2941 1522 2993 sunda,
1553 2953 1682 2998 quam
1706 2951 1861 2997 magua
1883 2938 2108 2991 rerelovit,
2135 2943 2178 2981 et
2202 2949 2330 2993 quam
2350 2937 2548 2980 occulta?
2578 2942 2619 2980 et

1373 3021 1503 3066 certe,
1530 3012 1704 3072 quando
1721 3011 1921 3068 primitus
1944 3010 2056 3070 apud
2078 3021 2147 3052 me
2170 3021 2219 3051 ea
2247 3008 2465 3051 ruminare
2489 3008 2616 3063 coepi,

1374 3085 1519 3142 putavi
1544 3096 1612 3128 me
1630 3096 1716 3127 uno
1740 3074 1964 3133 sermone,
1980 3082 2047 3125 vel
2070 3079 2123 3124 ad
2148 3080 2260 3141 plus,
2286 3079 2454 3125 duobus
2474 3091 2523 3122 ea
2545 3091 2620 3122 ex-

1373 3152 1549 3213 ponere,
1576 3168 1673 3199 cum
1703 3155 1793 3212 iam
1832 3167 1907 3201 sex
1943 3154 2273 3209 expleverimus,
2323 3166 2453 3195 unum
2493 3151 2619 3197 modo

1374 3231 1581 3274 babentes
1606 3227 1889 3285 immanibus,
1916 3232 1958 3271 et
1981 3227 2123 3270 adhuc
2151 3225 2357 3268 nonnulla
2382 3225 2433 3269 de
2458 3227 2519 3270 eis
2553 3225 2621 3268 ὀὶ..

1373 3305 1509 3348 cenda
1539 3302 1762 3346 habemus.
1791 3300 1999 3351 Mirabile,
2042 3299 2196 3349 fateor,
2233 3310 2368 3353 genus
2403 3298 2503 3347 cibi,
2543 3298 2617 3354 qui

50 3366 360 3436 'ptimusvirtus
378 3376 650 3427 humilitatis,
671 3378 780 3422 utin
797 3378 908 3422 libro
924 3378 1086 3434 Regum
1106 3379 1285 3435 legitur:
1315 3395 1348 3437 D
1373 3387 1457 3418 non
1482 3374 1619 3417 solum
1642 3372 1697 3415 ob
1720 3371 1970 3421 maximum,
1994 3368 2068 3425 qui
2088 3369 2127 3412 ei
2156 3368 2268 3411 inest
2292 3379 2504 3423 saporem,
2532 3379 2619 3423 quo

32 3445 106 3508 Ει
127 3461 216 3492 ecce
238 3447 292 3490 ad
313 3455 434 3503 caput
457 3450 545 3504 ejus
578 3449 875 3495 subcinericius
907 3452 1028 3506 panis
1062 3452 1102 3506 (1
1109 3451 1155 3494 11
1194 3452 1293 3508 Req.>

50 3507 140 3574 stix,
160 3519 222 3575 6),
241 3521 342 3575 quia
357 3521 398 3563 in
419 3528 560 3564 mente
572 3523 652 3564 viri
671 3523 809 3569 sancti
828 3523 1046 3567 humilitas
1063 3530 1128 3567 est
1146 3524 1291 3567 consi-

49 3581 269 3634 deratione
288 3582 473 3647 propriae
506 3591 779 3637 infirmitatis.
808 3593 882 3637 Est
905 3607 1075 3650 quoque
1111 3601 1152 3638 et
1174 3604 1291 3638 octa-

49 3666 144 3713 vus,
170 3663 299 3708 homo
315 3657 499 3709 ’sanetus
543 3664 618 3723 [at.
642 3667 967 3724 sanctiticatusl,
997 3673 1043 3709 ut
1066 3667 1107 3710 in
1126 3669 1290 3722 psalmo

50 3727 227 3779 hahetur
235 3736 287 3780 de
300 3736 480 3782 Domino
494 3738 607 3794 quod
617 3739 792 3801 cinerem
805 3745 1004 3795 tanquam
1018 3753 1165 3795 panem
1178 3753 1298 3783 utan-

48 3803 169 3874 ἄκρααὶ
194 3807 330 3866 (Psat.
347 3821 404 3860 cr,
430 3810 514 3868 to).
537 3810 644 3862 Quia
669 3823 755 3854 non
776 3808 916 3856 ‘solum
943 3809 1186 3867 incorporat
1207 3813 1287 3856 sibi

47 3877 185 3949 ydrum
209 3888 406 3925 sanctum
432 3895 509 3938 per
524 3884 754 3937 iustitiam,
774 3886 848 3929 sed
870 3891 911 3927 ct
929 3894 1197 3941 peccatorem
1213 3899 1289 3943 per

49 3953 356 4012 pccnitentiam.
383 3953 458 3997 Est
490 3963 606 3999 certe
636 3963 678 4000 ct
700 3969 855 4008 nonus,
887 3959 1140 4009 consolatio,
1162 3964 1207 4000 ut
1231 3957 1289 4000 ait

48 4013 250 4085 {eremias
275 4041 285 4069 :
306 4025 491 4079 Populus
517 4041 678 4083 pemeus
696 4037 733 4071 et
755 4042 939 4085 quaerens
952 4043 1096 4085 panem
1116 4031 1283 4086 (Taren.

48 4094 191 4153 nn),
234 4098 278 4140 id
301 4104 368 4142 est
395 4098 544 4143 dolens
577 4105 620 4143 et
653 4099 903 4148 desiderans
929 4103 1282 4145 consolationem.

48 4157 122 4228 Est
143 4169 283 4214 adhuc
305 4170 498 4225 decimus
522 4164 646 4227 panis
664 4171 775 4228 ejus,
800 4168 1039 4217 subsidium
1058 4175 1155 4217 vitae
1177 4186 1286 4230 prae-

47 4237 194 4302 sentis.
218 4239 278 4284 De
301 4253 386 4297 quo
416 4242 475 4283 ait
503 4243 544 4285 in
568 4242 725 4288 vGenesi
753 4248 929 4289 sanctus
951 4244 1113 4289 Jacob:
1142 4245 1189 4288 Si
1215 4245 1283 4286 de-

49 4305 155 4364 deris
169 4311 268 4354 mihi
281 4325 428 4370 praem
447 4312 501 4356 ad
525 4314 725 4359 edendum
745 4315 860 4374 (Gen.
878 4330 1031 4368 xxviii,
1048 4318 1136 4372 20),
1161 4317 1200 4359 id
1219 4323 1281 4360 est

51 4378 85 4426 si
123 4382 224 4428 milii
257 4386 491 4434 contuleris
520 4387 784 4441 subsidium,
816 4389 865 4432 ad
900 4389 1279 4434 corroborandum.

1372 3446 1509 3502 magis
1534 3445 1790 3495 comeditur,
1817 3454 1868 3486 eo
1898 3448 1940 3486 et
1973 3441 2110 3496 magis
2141 3440 2348 3491 esuritur,
2376 3439 2449 3483 sed
2486 3441 2615 3487 etiam

1372 3532 1457 3575 quo
1495 3518 1763 3573 frequentius
1805 3515 1964 3566 editur,
1990 3527 2040 3558 eo
2073 3520 2114 3560 et
2151 3514 2247 3570 plus
2279 3518 2470 3568 augetur.
2491 3514 2613 3565 Quod

1372 3592 1442 3634 hic
1458 3591 1621 3646 experti
1645 3601 1810 3640 sumus,
1828 3588 1928 3644 quia
1946 3587 2098 3631 crebro
2115 3587 2205 3640 Jam
2231 3585 2512 3636 comedimus,
2539 3587 2613 3630 sel

1369 3666 1586 3710 edentium
1619 3665 1700 3709 sub
1723 3664 1923 3707 dentibus
1957 3661 2112 3705 crescit
2142 3659 2216 3717 [al.
2241 3660 2426 3718 crescat]
2453 3661 2495 3703 in
2533 3674 2607 3706 ore

1369 3739 1507 3783 cibus.
1531 3737 1839 3794 Aggrediamur
1865 3735 1954 3790 jam
1979 3734 2094 3790 quod
2126 3732 2269 3776 dehis
2305 3733 2442 3776 adhuc
2471 3733 2611 3778 verbis

1369 3816 1502 3857 restat
1522 3822 1748 3865 exponere.

1423 3889 1471 3932 ss.
1491 3887 1720 3931 Ambulans
1737 3899 1861 3942 super
1882 3897 2010 3941 aquas
2032 3883 2321 3938 redemptionis
2338 3881 2477 3926 Judoe.
2501 3881 2609 3925 Hinc

1370 3961 1655 4017 incipiendum
1683 3966 1764 4011 cst,
1794 3959 1893 4014 quia
1922 3957 1991 4001 hic
2026 3955 2152 4001 desiit
2175 3969 2316 4000 sermo
2347 3956 2605 4012 pmii—,cedem

1367 4034 1493 4077 Venit
1509 4046 1610 4090 ergo
1634 4033 1838 4076 Dominus
1873 4032 1913 4074 in
1938 4029 2200 4080 Bethlehem,
2221 4028 2422 4073 Ecclesia:
2438 4029 2490 4072 de
2507 4042 2612 4083 geu-

1365 4106 1479 4149 tibus
1501 4118 1590 4162 per>
1619 4105 1741 4148 iidem
1770 4116 1816 4148 se
1857 4102 2105 4151 ostendens,
2132 4100 2206 4145 sed
2228 4101 2344 4144 venit
2385 4101 2607 4143 ambulans

1368 4190 1500 4233 super·
1519 4190 1652 4233 aquas
1678 4175 1987 4231 redemptionis
2003 4173 2139 4226 Judae,
2163 4172 2349 4217 fundans
2389 4173 2431 4214 in
2461 4172 2629 4214 eadem

1365 4249 1554 4292 Ecclesia
1573 4249 1625 4291 ab
1645 4248 1767 4290 initio
1784 4251 2052 4290 sacramenta
2072 4244 2221 4289 salutis
2239 4245 2449 4286 humanae.
2473 4242 2604 4285 Unam

1366 4321 1577 4376 siquidem
1602 4320 1894 4375 eamdemque,
1913 4330 1988 4373 per
2004 4317 2172 4368 Iudam,
2194 4316 2427 4359 Ecclesiam
2447 4314 2606 4370 accipi-

1364 4405 1488 4446 mus;
1532 4403 1659 4447 quam
1700 4396 1742 4435 et
1779 4402 1853 4446 pcr
1887 4388 2134 4433 Bethlehem
2180 4387 2472 4443 intelligimus,
2501 4396 2602 4442 quta
