2924 4588
294 151 312 176 ἱ
416 145 419 148 ’
579 160 607 195 .

239 208 321 254 oss
791 247 818 275 ‚

1096 189 1267 239 ‘Anam
1294 181 1879 239 PRAEMoxsrus‘rnxs'ts

2711 165 2831 235 oss'
2868 235 2884 250 κ

238 300 343 342 rulae
363 294 436 341 sub
460 292 616 337 duobus
641 292 811 334 calamis
826 298 900 342 pet·
922 261 1125 336 tua-loca,
1146 286 1214 342 qui
1232 283 1378 327 simul
1398 295 1471 326 sex
1493 289 1527 333 Α
1551 281 1627 324 bus
1666 276 1874 336 offerenda
1906 284 2003 322 sunt
2039 273 2258 322 libamina
2283 276 2400 323 Fecit
2424 284 2462 322 et
2498 277 2795 324 caudelabrum

238 373 270 429 f
273 375 362 422 unt
384 367 640 424 pror-ederim
675 363 722 406 (te
760 361 903 403 hastili
938 360 1037 401 imo.
1074 357 1127 400 Et
1151 357 1370 414 spltoeruloe
1392 357 1482 412 iqi-

240 451 322 493 tur,
350 448 389 484 et
416 438 569 482 calami
606 447 657 478 ea:
692 435 796 489 ipso,
834 437 954 475 erunt
991 431 1182 473 universa
1215 427 1390 470 ductilia
1418 438 1470 470 ex

240 527 341 558 auro
360 511 595 568 purissimo.

237 601 308 630 eas
347 597 466 639 super
503 579 794 625 candelabrum
822 609 834 630 ,
883 583 929 619 ut
974 575 1137 619 luceant
1174 586 1225 617 ex:
1282 573 1467 615 adverso.

240 656 506 702 Emunctoria
526 665 697 711 quoque,
727 659 766 694 et
790 650 858 693 ubi
890 663 962 699 ea,
989 661 1079 704 quae
1115 652 1306 690 emuncta
1341 651 1469 695 sunt,

237 732 564 786 exstinguantur,
586 724 758 781 fiantde
799 734 902 765 auro
938 721 1176 775 purissimo.
1218 719 1348 763 Omne
1368 717 1472 772 pon-

236 806 314 850 dus
336 800 574 848 candelabri
595 811 687 842 cum
706 798 907 840 universis
933 797 1042 838 iasis
1072 795 1158 838 suis
1204 791 1365 835 habebit
1407 799 1471 833 ta-

240 878 392 920 lentum
426 873 520 916 auri
543 870 770 926 purissimi.
813 867 1010 920 Inspic,e
1056 871 1098 907 et
1137 864 1204 918 sac
1248 861 1471 906 secundum

238 949 460 1003 exemplar,
484 943 591 1003 quod
610 942 681 987 tibi
707 942 746 983 in
771 949 908 983 monte
935 943 1212 981 monstratum
1231 943 1292 978 est
1315 933 1469 991 (Excd.

238 1036 353 1076 xxxi,
377 1020 466 1078 40).

293 1094 439 1139 Facies
463 1103 619 1150 quoque
648 1089 782 1133 altare
804 1087 857 1130 ad
881 1083 1128 1129 adolendum
1166 1081 1392 1137 thymiama
1424 1077 1474 1122 de

237 1169 358 1227 liqnis
388 1167 522 1216 setim,
547 1164 701 1207 liabens
718 1162 918 1204 cubitum·
914 1155 1209 1213 longitudinis,
1235 1162 1274 1198 et
1297 1154 1473 1196 alterum

237 1239 496 1289 latitudinis,
539 1236 582 1279 id
618 1244 677 1278 est
710 1230 1074 1290 quatit-,angulum
1108 1236 1146 1271 et
1177 1224 1278 1269 duos
1316 1225 1473 1268 cubitos

237 1311 484 1356 altitudinis.
502 1307 669 1353 Cornua
691 1318 742 1348 eae-
773 1306 861 1358 ipso
891 1301 1124 1358 procedent.
1164 1299 1393 1353 vestiesque
1422 1298 1475 1339 il·

236 1457 356 1500 rietes
389 1467 461 1511 per
497 1453 728 1501 circuitum,
757 1456 796 1492 et
819 1460 989 1491 cornua.
1016 1444 1163 1488 Facies
1200 1445 1237 1487 ei
1277 1456 1470 1486 coronam

237 1529 447 1573 aureolam
477 1539 549 1582 per
578 1525 739 1581 sinqula
767 1524 915 1572 latera,
933 1528 971 1563 et
996 1518 1099 1562 duos
1126 1517 1301 1561 annulos
1325 1529 1470 1558 aureos

236 1606 310 1648 sub
341 1615 492 1647 carena
510 1614 580 1656 per
610 1598 774 1655 sinqula
814 1599 972 1647 latera,
999 1595 1049 1641 utv
1070 1593 1290 1635 mittantur
1330 1591 1373 1632 in
1402 1603 1470 1633 eos

235 1683 382 1726 vectes,
414 1681 453 1718 et
475 1674 607 1717 altare
627 1676 828 1727 portetur.
857 1668 975 1723 Ipsos
996 1678 1151 1723 quoque
1184 1670 1311 1707 vectes
1341 1661 1470 1718 [acies

235 1751 285 1796 de
314 1750 435 1806 liquis
460 1748 592 1797 setim,
619 1754 656 1787 ct
679 1742 893 1787 inaurabis
914 1753 926 1783 .·
948 1748 1150 1797 ponesque
1178 1739 1311 1781 altare
1330 1743 1473 1780 contra

235 1824 382 1873 retum,
403 1818 509 1876 quod
532 1823 626 1860 ante
646 1829 787 1859 arcam
809 1813 954 1870 pendet
975 1812 1199 1855 testimonii
1220 1823 1360 1854 coram
1378 1823 1474 1865 pro-

233 1893 463 1950 pitiatorio,
489 1903 568 1946 quo
594 1888 741 1944 teqitur
770 1885 1048 1930 testimonium
1065 1914 1078 1935 ,
1111 1883 1181 1926 ubi
1208 1882 1356 1939 loquar
1373 1882 1473 1936 tibi,

234 1973 292 2010 et-
319 1964 514 2008 adolebit·
540 1964 750 2006 incensum
810 1972 933 2015 super
962 1971 1008 2000 eo
1042 1958 1186 2001 Aaron
1226 1969 1351 2000 suave
1383 1956 1474 2013 sra-

235 2054 359 2098 qrans
390 2037 548 2097 (Exod.
574 2050 673 2088 xxx,
698 2037 716 2080 l
745 2042 787 2081 et
809 2032 920 2091 seq.)

614 2111 743 2168 358
780 2106 959 2154 CAPUT
985 2104 1092 2151 xvt.

553 2182 620 2227 Eae
647 2182 752 2226 libro
777 2179 913 2225 Exodi
933 2179 984 2223 de
1003 2179 1160 2224 eodem.

288 2256 475 2302 xxxvl.
488 2254 603 2300 Fecit
616 2263 752 2299 autem
766 2252 943 2297 Beseleet
955 2259 998 2296 et·
1007 2265 1148 2295 arcam
1161 2249 1212 2295 de
1223 2250 1476 2309 liquissetim

237 2330 447 2375 habentem
460 2330 562 2373 duos
579 2327 702 2372 sentis
711 2325 870 2369 cubitos
883 2326 929 2367 iu
942 2323 1209 2380 longitudine,
1222 2329 1262 2365 et
1274 2322 1474 2374 cubitum,

237 2419 286 2448 ac
307 2404 519 2449 semissem
533 2403 578 2446 in
595 2398 827 2444 latitudine.
852 2397 1040 2441 Altitudo
1063 2409 1221 2453 quoque
1243 2396 1365 2438 unius
1396 2395 1477 2449 fuit

237 2475 366 2519 cubiti
393 2483 435 2519 et
475 2472 655 2516 dimidii.
702 2471 948 2527 Vestivitque
979 2482 1071 2513 eam
1110 2481 1214 2511 auro
1252 2467 1476 2523 purissimo

236 2550 348 2591 intus
380 2553 420 2590 et
453 2545 575 2603 foris,
605 2551 646 2589 et
687 2543 785 2600 fecit
809 2543 872 2585 illi
892 2554 1088 2586 coronam
1111 2554 1282 2583 auream
1305 2552 1377 2595 per
1399 2553 1476 2596 yy-

239 2632 358 2668 rum,·
393 2617 579 2672 conflans
609 2624 786 2672 quatuor
818 2614 993 2658 annulos
1018 2627 1180 2665 aureos,
1204 2625 1276 2668 per
1300 2620 1479 2669 quatuor

239 2690 411 2747 angulos
433 2690 540 2746 ejtts.
564 2689 678 2732 Duos
714 2686 889 2731 annulos
916 2688 960 2730 in
992 2687 1119 2730 latere
1150 2699 1257 2736 uno,
1298 2692 1338 2728 et
1374 2685 1477 2729 duos

238 2764 282 2807 in
311 2763 458 2807 attero.
492 2761 632 2805 Vectes
661 2773 817 2817 quoque
839 2760 935 2815 [ecit
957 2759 1007 2802 de
1041 2759 1163 2816 liqnis
1190 2759 1309 2803 set-im
1328 2790 1340 2811 ‚
1375 2771 1478 2815 quos

239 2837 394 2880 vestivit
426 2849 545 2886 auro,
570 2841 608 2879 et
637 2847 738 2891 quos
769 2835 884 2878 misit
916 2835 959 2877 in
996 2833 1172 2876 annulos
1201 2834 1413 2889 quierant
1436 2832 1479 2875 in

241 2923 350 2955 arca:
387 2909 586 2954 lateribus
609 2907 663 2951 ad
695 2917 944 2963 portandum
983 2920 1092 2951 eam.
1118 2905 1235 2949 Fecit
1267 2914 1306 2950 et
1335 2906 1478 2961 propi·

242 2983 473 3034 tiatarium,
514 2982 587 3025 hoc
618 2989 680 3025 est
706 2981 936 3033 oraculum,
969 2980 1079 3023 etde
1103 2993 1206 3023 auro
1258 2979 1480 3023 mundissi-

242 3070 309 3106 ιιιο
345 3055 521 3099 duorum
544 3053 774 3096 cubitorum
805 3059 845 3096 et
876 3051 1039 3095 dimidii
1079 3053 1122 3095 in
1147 3049 1415 3107 lonqitutline‚
1440 3057 1479 3093 et

241 3132 369 3182 cubiti
391 3145 441 3174 ac
461 3132 583 3174 semis
616 3130 660 3172 in
702 3127 922 3172 latitudine
945 3139 959 3170 .·
982 3126 1098 3170 Duos
1134 3129 1260 3171 etiam
1284 3119 1480 3170 cherubin

241 3219 295 3251 ex
313 3218 417 3249 auro
446 3203 605 3254 ductili,
631 3215 731 3258 quos
756 3202 896 3257 posuit
923 3213 974 3244 ex
1018 3207 1192 3256 utraque
1227 3207 1343 3256 parte
1385 3212 1481 3255 pro-

242 3277 469 3334 pitiatorii;
502 3274 648 3318 cherub
669 3289 793 3318 unum
829 3276 870 3318 in
896 3275 1132 3318 summitate
1169 3275 1302 3328 partis
1338 3275 1479 3325 unius,

243 3359 281 3395 et
303 3350 448 3400 clterub
471 3350 648 3393 alterum
670 3350 712 3391 in
733 3349 971 3390 summitate
993 3347 1124 3397 partis
1152 3346 1342 3389 alterius.
1364 3346 1480 3389 Duos

244 3423 435 3467 clterubiu
457 3422 500 3466 in
522 3421 693 3477 sinqulis
715 3419 1020 3462 summitatibus
1042 3419 1322 3475 propitiatorii
1340 3428 1482 3463 exten·

634 506 781 549 Facies
802 512 842 547 et
866 505 1057 547 lucernas
1078 510 1243 556 septem,
1281 511 1320 543 et
1347 512 1490 554 pones*

1549 354 1702 396 ductile
1733 353 1783 397 de
1810 365 1912 395 auro
1935 351 2223 412 mundissimo,
2247 350 2297 394 de
2319 350 2460 405 cujtts
2469 358 2576 403 vecte
2607 353 2760 398 calami
2778 382 2792 406 ,-

1550 426 1707 482 scyphi,
1742 424 1975 480 sphaerulae,
1999 436 2048 466 ac
2067 422 2156 469 lilia
2195 422 2484 478 procedebant,
2511 435 2583 467 sex
2613 423 2656 467 in
2678 433 2796 468 utro-

1550 512 1626 553 que
1643 499 1788 542 latere.
1817 497 1916 540 Tres
1939 495 2090 539 calami
2105 506 2155 538 ex
2169 502 2287 549 parte
2305 508 2404 548 una,
2426 502 2467 540 et
2488 502 2568 540 tres
2581 509 2632 540 ex
2643 496 2794 550 altera.

1554 571 1653 613 Tres
1685 568 1826 625 scyphi
1860 569 1903 611 in
1941 568 2060 611 »tucis
2089 565 2261 616 modum>
2290 579 2361 621 per
2385 566 2793 623 calamossinqulos,

1551 642 1844 699 sphoerttloeque
1865 639 2007 690 simul,
2046 647 2086 683 et
2121 640 2229 686 lilia.
2257 639 2443 697 AEquum
2468 647 2559 691 erat
2587 654 2689 696 opus
2722 653 2798 686 sex

1552 718 1826 766 calamorum,
1859 716 1930 771 qui
1963 713 2236 770 procedebant
2271 712 2321 757 de
2361 715 2500 770 stipite
2537 714 2793 758 candelabri.

1554 790 1606 833 In
1630 791 1714 845 ipso
1739 795 1875 831 autem
1897 796 2020 831 vecte.
2038 794 2160 830 erant
2187 794 2371 843 quatuor
2412 787 2554 844 scyphi
2605 789 2645 829 i:.·
2679 789 2795 831 nucis

1554 863 1734 913 modum,
1755 861 2051 916 sphoeruloeque
2084 873 2157 916 per
2195 854 2396 916 singulos,
2432 869 2471 904 et
2505 860 2616 914 lilia.
2643 860 2798 916 Spltoe-

1553 935 1657 978 ruia:
1681 934 1756 977 sub
1790 932 1949 976 duobus
1981 931 2157 976 cal-amis
2186 945 2260 989 per
2285 933 2375 976 loca
2419 934 2532 985 tria,-
2556 935 2628 990 qui
2670 934 2798 988 simui
2875 929 2879 940 ’

1553 1021 1625 1052 sest
1648 1009 1752 1063 fiunt
1769 995 1940 1058 calami,
1965 1005 2225 1061 procedentes
2247 1005 2298 1050 de
2319 1013 2428 1050 vecte
2449 1020 2547 1050 uno.
2574 1006 2635 1049 Et
2663 1006 2795 1061 spine.-

1553 1081 1657 1125 ruloe
1688 1081 1831 1137 iyitur,
1848 1078 2056 1123 etcalami
2075 1092 2126 1122 ea>
2145 1080 2231 1133 ipso
2253 1085 2387 1130 erant,
2408 1075 2599 1123 universa
2618 1078 2815 1135 ductilia¹

1553 1166 1604 1198 ex
1625 1164 1727 1197 auro
1760 1152 2000 1208 purissimo.
2043 1150 2161 1194 Fecit
2200 1158 2239 1194 et
2268 1151 2457 1194 lucernas
2498 1159 2649 1207 septem
2703 1161 2796 1194 cunt

1552 1226 1955 1276 emunctoriis.suis,
1981 1231 2147 1267 utvasa
2183 1231 2224 1267 et
2254 1237 2304 1268 ea
2347 1237 2439 1280 quae
2473 1232 2666 1267 emuncta
2701 1229 2800 1267 sunt

1554 1299 1892 1354 exstinguantur,
1926 1296 1976 1339 de
1999 1309 2103 1339 auro
2136 1296 2425 1340 mundissimo.
2460 1295 2676 1339 Talentum
2704 1297 2800 1340 auri

238 1385 308 1428 lud
329 1395 432 1428 auro
452 1382 674 1438 purissimo
709 1386 794 1422 tam
825 1377 1073 1420 craticulam
1095 1376 1202 1430 ejus,
1233 1385 1358 1428 quam
1395 1384 1471 1426 pa·
1499 1352 1531 1403 Β
1557 1370 1812 1426 appendebat
1845 1368 2140 1412 candelabrum
2181 1382 2274 1412 cum
2322 1369 2510 1413 omnibus
2547 1371 2656 1412 vasis
2692 1382 2798 1412 suis.
2831 1418 2836 1422 ⁶
2887 1403 2890 1405 .

1557 1443 1675 1487 Fecit
1698 1448 1738 1486 et
1761 1442 1896 1496 altare
1919 1440 2201 1498 thymiamatis
2238 1441 2288 1484 de
2322 1442 2445 1497 liquis
2477 1441 2620 1491 setim,
2647 1441 2799 1485 habens
2827 1494 2830 1496 v

1554 1528 1627 1571 per
1649 1514 1855 1572 quadrum
1878 1514 2062 1570 sinqulos
2093 1512 2267 1564 cubitos,
2291 1515 2391 1556 etin
2423 1512 2644 1556 altitudine
2675 1512 2796 1566 duos,
2883 1556 2886 1562 ,

1556 1603 1578 1634 ε
1599 1588 1718 1645 cujus
1742 1588 1904 1644 anqulis
1931 1586 2204 1643 procedebant
2231 1599 2416 1630 cornua:
2435 1588 2670 1644 vestivitque
2691 1586 2798 1638 illud
2827 1629 2832 1635 ,
2876 1599 2893 1653 ’Ἰ

1557 1677 1660 1709 auro
1680 1664 1901 1720 purissimo
1925 1676 2018 1706 cum
2040 1662 2260 1715 craticula,
2289 1675 2339 1705 ac
2362 1662 2605 1717 parietibus,
2639 1670 2681 1705 et
2707 1674 2800 1723 cor-

1555 1737 1694 1783 nibus.
1719 1736 1759 1780 F
1760 1737 1915 1793 ecitque
1937 1736 1975 1780 ei
1996 1748 2191 1780 coronam
2225 1735 2439 1782 aureolam
2469 1747 2541 1791 per
2573 1748 2736 1792 gyrum,
2761 1742 2800 1778 et
2825 1788 2832 1793 ί
2860 1752 2871 1766 »

1555 1813 1662 1857 duos
1694 1810 1871 1856 annulos
1910 1823 2057 1854 aureos
2095 1808 2170 1852 sub
2215 1822 2368 1852 corona
2390 1822 2463 1864 per
2498 1808 2662 1865 sinqula
2697 1809 2802 1852 late·
2879 1839 2883 1863 2

1557 1901 1608 1931 ra
1641 1893 1687 1929 ut
1725 1886 1948 1928 mittantur
1975 1884 2020 1927 in
2045 1897 2113 1927 eos
2158 1891 2304 1935 vectes,
2329 1890 2368 1926 et
2395 1882 2524 1939 possit
2553 1884 2688 1930 altare
2708 1895 2805 1938 por·
2884 1930 2888 1934 .

1559 1961 1660 2005 tari,
1693 1959 1813 2016 Ipsos
1847 1971 2004 2016 quoque
2035 1964 2164 2001 vectes
2199 1957 2298 2013 fecit
2333 1956 2383 2010 de
2413 1956 2536 2014 liquis
2570 1958 2688 2006 setim
2709 1987 2720 2006 ,
2761 1963 2806 2014 et

1558 2035 1718 2091 operuit
1741 2033 1910 2083 laminis
1936 2033 2094 2080 aureis.
2125 2027 2366 2087 Composuit
2385 2037 2426 2076 et
2447 2029 2583 2075 oleum
2613 2029 2668 2073 ad
2704 2041 2805 2073 san-
2883 2083 2884 2086 Ἰ

1558 2107 1823 2164 ctificationis
1851 2113 2121 2163 unquentum,
2147 2111 2188 2148 et
2220 2103 2495 2171 thymiamata
2521 2103 2572 2148 de
2602 2102 2806 2148 aromati·
2880 2131 2882 2133 »

1558 2181 1633 2224 bus
1672 2177 1968 2224 mundissimis
1998 2189 2119 2233 opere
2139 2176 2404 2233 piqmentarii
2434 2174 2589 2233 (Exod.
2620 2171 2800 2232 xxxvu).

2009 2249 2190 2295 CAPUT
2226 2247 2357 2294 xvu.

1716 2324 1930 2381 Expositio
1967 2323 2163 2368 litteralis
2188 2325 2336 2378 capitis
2361 2322 2643 2379 proecedentis.
2703 2382 2710 2387 ·

1614 2398 1819 2444 xxxvii.
1847 2398 1981 2456 Igitur
2003 2400 2048 2443 in
2074 2398 2170 2442 loco
2193 2397 2407 2454 interiori,
2431 2397 2505 2455 qui
2524 2398 2636 2442 intra
2663 2398 2804 2444 velum

1557 2479 1667 2525 erat,
1687 2472 1762 2518 ubi
1783 2473 1916 2518 semel
1940 2471 1985 2515 in
2008 2483 2122 2516 anno
2142 2470 2335 2527 pontifex
2358 2471 2561 2523 intrabat,
2587 2484 2687 2516 arca
2713 2479 2807 2518 crat

1558 2545 1612 2590 de
1628 2545 1758 2603 lignis
1781 2545 1953 2602 quidem
1973 2544 2099 2589 setim
2117 2542 2247 2597 sacta,
2266 2544 2342 2589 sed
2365 2544 2554 2601 undique
2574 2546 2805 2592 deauratas

1542 2630 1771 2668 ,coronam
1823 2618 1868 2661 in
1910 2617 2096 2661 circuitu
2130 2616 2199 2661 sui
2236 2611 2401 2662 babens
2439 2629 2634 2668 auream,
2678 2629 2809 2675 qttnm
2874 2650 2875 2654 ,

1559 2693 1764 2749 magister
1797 2691 1973 2748 quidam
2009 2690 2264 2736 limbum'in
2301 2690 2487 2735 circuitu
2523 2697 2662 2735 vocat.
2702 2689 2810 2745 Qut-

1557 2766 1656 2810 ‹lam
1694 2777 1798 2810 vero
1833 2765 1986 2810 dicunt
2028 2764 2141 2809 banc
2180 2775 2385 2808 coronam
2424 2764 2652 2822 ligaturam
2673 2762 2811 2810 ruisse

1559 2851 1733 2884 auream
1757 2837 1948 2894 undique
1969 2849 2116 2882 arcam
2143 2837 2593 2894 circumstringentem
2614 2868 2626 2890 ,
2651 2835 2807 2883 iactam

1559 2913 1614 2957 ad
1652 2912 1789 2970 ipsius
1823 2912 2020 2956 decorem
2042 2942 2054 2963 ,
2094 2911 2151 2956 et.
2177 2909 2474 2955 fortitudinem
2495 2941 2506 2961 ,
2538 2914 2588 2955 ut
2627 2908 2808 2954 dissolri

1558 2998 1647 3030 non
1690 2990 1853 3042 posset,
1889 2990 1932 3029 et
1953 2984 2189 3034 formosior
2238 2988 2478 3041 appareret.
2517 2981 2598 3027 Cui
2633 2981 2807 3039 quidem

1560 3070 1670 3103 arcae
1692 3057 1968 3102 incumbebat
1997 3056 2143 3101 tabu-la
2165 3056 2361 3113 quaedam
2396 3066 2544 3107 nitrea,
2568 3060 2612 3100 et
2632 3053 2809 3100 ductilis

1559 3130 1753 3176 eamdem
1787 3141 1887 3175 eum
1911 3142 2011 3174 arca
2035 3129 2366 3186 longitudinem,
2391 3129 2719 3175 etvlatitudinem
2736 3129 2811 3174 bn·

1560 3203 1684 3255 bens,
1721 3215 1818 3261 quae
1864 3203 2212 3260 propitiatorium
2254 3203 2505 3247 vocabatur.
2548 3200 2807 3260 operculum

1562 3287 1688 3328 arcae,
1710 3276 1855 3321 tabula
1889 3276 2053 3321 scilicet
2076 3275 2192 3320 unde
2213 3275 2485 3331 operiebatur
2521 3286 2650 3328 area,
2691 3273 2808 3321 dice-

1560 3350 1686 3414 batur
1708 3350 2051 3407 propitiatorium
2078 3365 2089 3393 :
2115 3349 2216 3408 quia
2241 3359 2437 3406 supereo
2461 3347 2575 3394 Deus
2595 3361 2808 3406 apparens
2859 3352 2861 3354 ’

1561 3424 1718 3481 populo
1756 3423 2087 3480 propitiabatur.
2121 3422 2166 3466 ln
2188 3421 2522 3478 cujusutraqne
2538 3427 2661 3478 parte
2693 3433 2808 3475 unus

245 3498 381 3541 dentes
405 3496 512 3547 alas,
537 3502 575 3537 ct
597 3499 770 3551 tegentes
791 3493 1122 3549 propitiatorium
1140 3524 1151 3544 ,
1176 3505 1296 3548 seque
1319 3499 1476 3542 mutuo.
1505 3508 1538 3551 Ι)
1563 3498 1702 3541 stabat
1726 3497 1888 3541 cherub
1911 3496 1965 3540 de
1991 3506 2096 3539 auro
2132 3495 2301 3547 ductili,
2325 3494 2496 3550 duoque
2520 3493 2566 3537 bi
2597 3491 2805 3552 cherubin

246 3578 284 3612 ct
314 3568 416 3612 iliud
441 3567 717 3624 respicientes,

305 3642 417 3685 Fecit
439 3648 479 3683 et
509 3652 693 3683 mensam
725 3638 773 3681 de
809 3638 932 3695 liqnis
977 3638 1096 3682 setim
1130 3637 1174 3681 in
1226 3638 1480 3694 longitudine

247 3715 421 3759 duorum
450 3712 712 3761 cubitorum,
746 3718 787 3755 et
817 3712 859 3754 in
901 3710 1122 3754 latitudine
1153 3712 1274 3755 unius
1313 3712 1478 3762 cubiti,

247 3800 338 3845 quoe
359 3786 531 3829 habebat
554 3787 596 3828 in
617 3784 835 3828 altitudine
856 3783 1038 3827 cubitum
1057 3797 1106 3826 ac
1126 3785 1367 3834 semissem:
1405 3786 1491 3827 cir·

249 3858 528 3913 cumdeditque
565 3870 657 3899 eam
690 3870 792 3900 auro
818 3857 1091 3901 mundissimo
1124 3864 1165 3900 et
1194 3857 1290 3914 fecit
1314 3857 1378 3901 illi
1418 3858 1478 3901 la-

250 3932 363 3975 bium
395 3944 565 3974 aureum
585 3943 655 3988 per
680 3942 841 3986 qyrum,
866 3932 1023 3986 ipsique
1054 3930 1165 3974 labio
1193 3944 1384 3974 coronam
1406 3944 1483 3973 au·

250 4009 362 4047 ream
381 4004 652 4048 interrasilem
690 4010 866 4060 quatuor
888 4004 1126 4059 digitorum,
1150 4011 1189 4047 et
1212 4018 1339 4060 supra
1369 4018 1483 4048 eam-

250 4075 342 4118 dem
361 4078 535 4119 alteram
555 4087 747 4119 eoronam
772 4090 954 4122 auream.
984 4076 1109 4119 Fudit
1131 4085 1169 4119 et
1185 4085 1364 4134 quatuor
1396 4079 1482 4120 cir·

252 4148 365 4191 culos
402 4159 564 4193 aureos,
596 4159 695 4203 quos
725 4148 861 4201 posuit
900 4148 943 4190 in
979 4155 1157 4204 quatuor
1188 4150 1380 4205 anqutis,
1412 4162 1485 4206 per

253 4219 436 4276 singulos
456 4219 575 4275 pedes
609 4232 760 4261 mensoe
793 4227 937 4262 contra
961 4233 1185 4273 coronam,
1218 4222 1407 4277 misitque
1442 4222 1485 4265 in

252 4304 320 4335 eos
350 4299 478 4335 vectes
519 4299 566 4334 ut
598 4292 725 4348 possit
775 4304 916 4335 mensa
956 4292 1130 4347 portari.
1170 4293 1287 4348 lpsos
1329 4307 1486 4351 quoque

254 4369 379 4407 vectes
405 4364 499 4417 [ecit
523 4362 572 4409 de
597 4358 718 4419 liquis
740 4363 872 4415 setim,
906 4370 944 4405 et
977 4364 1243 4409 circumdedit
1265 4378 1331 4408 cos
1354 4378 1484 4416 auro;

253 4443 291 4482 et
326 4448 425 4479 vasa
456 4434 508 4477 ad
543 4434 724 4479 diversos
749 4446 849 4478 usus
885 4447 1067 4486 mensoe,
1098 4435 1332 4488 acetabula,
1367 4436 1490 4491 pitia«-

259 4504 338 4562 tas,
362 4515 398 4553 st
430 4507 612 4567 cyathos,
637 4515 674 4554 st
699 4506 907 4553 thuribula
942 4519 992 4552 es:
1033 4522 1133 4555 auro
1170 4523 1300 4567 puro,
1338 4509 1379 4552 in
1397 4511 1491 4566 qui-

1562 3582 1664 3614 suas
1686 3566 1799 3613 inter
1819 3580 1867 3614 se
1905 3567 2189 3625 expandendo
2213 3568 2341 3619 alas,
2361 3565 2707 3624 propitiatorium
2737 3570 2805 3610 te·

1561 3641 1757 3698 gabant,
1781 3652 1913 3697 seque
1953 3644 2104 3684 mutuo
2141 3639 2446 3696 respiciebant
2490 3638 2691 3692 Quantae
2706 3648 2808 3682 vcro
2835 3626 2854 3643 ”

1561 3712 1802 3758 altitudinis
1841 3712 1954 3757 idem
1987 3696 2215 3765 ellembin,
2242 3713 2309 3757 vel
2348 3711 2638 3775 longitudinis
2657 3723 2807 3758 eorum
2849 3718 2852 3721 ’

1561 3788 1639 3832 alae
1661 3786 1822 3831 suerint
1861 3785 2086 3843 Scriptura
2119 3798 2208 3830 non
2228 3786 2351 3830 dicit.
2378 3784 2481 3829 Mihi
2503 3791 2646 3830 amem
2685 3784 2805 3830 vide·
2828 3813 2832 3831 .

1560 3867 1633 3905 tur
1669 3861 1800 3919 quod,
1826 3860 1929 3904 dum
1959 3866 2140 3918 uterque
2176 3860 2256 3905 alis
2294 3859 2386 3905 suis
2435 3864 2588 3918 contra
2622 3858 2806 3903 invicem

1561 3946 1615 3978 ex
1634 3939 1816 3989 utraque
1850 3939 1988 3989 parte.
2006 3932 2213 3990 expansis
2252 3932 2483 3989 utrumque
2518 3931 2805 3989 propitiatorii

1559 4001 1675 4049 latus
1706 4006 1892 4060 tegebat,
1914 3993 2118 4061 utraque
2136 4005 2360 4060 utriusque
2384 3990 2593 4065 cherubip
2615 4003 2684 4046 ala
2719 3999 2806 4046 non
2835 4054 2847 4062 .

1562 4078 1646 4122 nisi
1669 4078 1778 4121 duos
1814 4079 2002 4129 cubitos,-
2024 4085 2068 4122 et
2089 4076 2334 4128 dimidium,
2360 4076 2412 4120 ad
2439 4077 2606 4131 majus,
2636 4073 2808 4135 ‹inloti-

1563 4150 1795 4207 gitudinem
1829 4149 1977 4195 babuit
1995 4149 2134 4206 ;·quia
2164 4149 2315 4198 dicunt
2343 4148 2531 4205 quidam,
2557 4147 2673 4204 quod
2695 4158 2806 4192 unus
2839 4184 2843 4196 ,

1563 4222 1727 4267 cherub
1757 4222 1825 4266 ala
1846 4234 1925 4268 sua
1972 4221 2174 4280 tangebat
2206 4221 2413 4278 parietem
2446 4233 2607 4272 unum,
2630 4224 2674 4264 et
2695 4218 2807 4282 alius
2842 4211 2843 4214 '
2923 4215 2924 4218 ’

1565 4297 1632 4340 ala
1668 4308 1748 4340 sua
1782 4296 1988 4352 parietem
2021 4295 2354 4350 alterum,2;aliis
2376 4301 2520 4340 autem
2558 4294 2639 4339 alis
2661 4305 2709 4338 se
2741 4293 2808 4338 vi-

1565 4368 1712 4413 cissim
1742 4370 1786 4412 in
1837 4369 1980 4412 medio
2013 4369 2280 4425 tangebant
2331 4374 2374 4416 et
2419 4368 2498 4413 hae
2531 4366 2702 4426 mediae
2729 4366 2808 4412 alat·

1566 4441 1909 4497 propitiatorium
1925 4441 2138 4498 tegebant,
2169 4442 2282 4494 sieut
2313 4441 2399 4486 «luo
2419 4441 2565 4499 magni
2583 4423 2808 4527 cherubim

1570 4513 1611 4556 in
1635 4514 1792 4570 templo
1830 4512 2073 4559 Salomonis
2095 4512 2325 4559 faciebant.
