2924 4588
174 151 303 208 tait
516 186 545 221 ⁸

183 325 276 357 -non
312 317 510 368 possunt,
537 316 578 354 et
611 309 872 366 quandoque
888 307 1023 359 nulli3
1047 311 1090 349 et
1110 304 1346 349 indicatum
1369 309 1436 346 est

188 385 277 441 regi
302 383 417 439 quod
437 383 703 441 Davissesset
726 381 870 425 sciens
895 378 1080 434 psallere
1100 383 1143 420 et
1163 376 1230 420 vir
1259 375 1437 419 bellico-

189 469 280 501 sus.
302 456 496 509 Cumque
518 453 708 497 misisset
729 464 803 495 rex
823 450 878 493 ad
899 449 982 494 lsai
1006 460 1084 504 pro
1102 447 1190 492 filio
1206 446 1321 502 ejus,
1339 461 1355 487 1
1373 451 1438 490 tu-

190 529 239 572 lit
257 526 339 571 lsai
357 528 526 569 asinum
542 526 716 580 plenum
731 523 932 579 panibuS,
948 527 990 565 et
1005 521 1170 571 vinum,
1185 526 1228 564 et
1241 518 1434 570 hoedum,

187 605 232 644 et
254 600 372 643 misit
390 610 439 642 ea
459 597 550 652 regi
578 608 654 652 per
677 607 853 639 manum
878 593 1029 638 David.
1060 607 1076 633 1
1103 591 1272 637 Dicitur
1292 597 1435 635 autem

188 673 338 716 asinus
362 671 531 726 plenus,
551 669 592 712 id
617 673 685 712 est
703 667 964 712 sufficienter
979 670 1204 724 oneratus,
1225 665 1292 708 vel
1308 663 1434 714 sorte.

189 746 303 790 sicut
326 758 378 788 ex
395 745 502 788 bove
525 748 568 787 et
595 743 718 786 hirco
742 742 851 786 liunt
873 747 1010 791 utres,
1043 739 1103 782 ita
1127 738 1181 782 de
1208 738 1333 782 asino
1362 736 1440 780 tie·-

187 817 292 860 bant
309 817 423 860 saeei
448 815 500 858 ad
523 815 667 869 aliqua
698 811 890 857 serenda.
944 826 958 850 1
989 809 1123 867 igitur
1141 821 1238 853 cum
1258 807 1438 863 spiritus

188 887 420 945 arripiebat
443 885 562 938 Saul,
581 885 714 928 David
735 884 948 940 psallebat
973 882 1017 926 in
1038 881 1224 932 cithara,
1245 888 1286 924 et
1302 880 1438 925 levius

187 965 281 1002 erat
313 958 369 1012 ei,
392 964 435 1002 ct
459 958 719 1014 quandoque
759 955 988 1000 recedebat
1012 954 1067 998 ab
1102 965 1154 996 eo
1190 954 1388 1009 spiritus.
1418 968 1435 996 1

187 1029 382 1085 Cumque
411 1029 659 1085 aliquandiu
683 1027 889 1072 cessisset
922 1025 1104 1082 spiritus
1139 1025 1258 1074 Saul.
1285 1025 1440 1070 remis—

187 1115 263 1149 sus
285 1112 351 1148 est
375 1104 507 1147 David
539 1103 590 1147 ad
614 1109 797 1158 patrem.

187 1194 291 1240 Gar.
315 1193 524 1238 XV11.De
560 1193 664 1237 bello
693 1192 947 1236 philisthiim
978 1199 1124 1235 contra
1146 1191 1299 1243 Israel,
1329 1198 1367 1234 et
1389 1189 1439 1234 dc

659 1258 790 1292 morte
814 1248 961 1292 Gotiae.

243 1321 419 1366 Factum
446 1327 513 1366 est
540 1327 682 1365 autem
710 1327 756 1364 ut
785 1326 1151 1377 congregarentur
1174 1317 1435 1362 philisthiim
1462 1311 1495 1355 B

188 1395 396 1439 adversus
427 1393 559 1438 lsrael
598 1394 642 1436 in
681 1393 895 1449 praelium.
929 1392 1065 1436 Porro
1092 1391 1211 1442 Saul,
1238 1397 1279 1436 et
1308 1390 1440 1436 lsrael

187 1468 481 1511 castrametati
505 1471 603 1509 sunt
625 1465 667 1508 in
689 1465 801 1508 valle
824 1463 1092 1515 Terebintlii,
1122 1464 1203 1508 sub
1231 1476 1317 1522 qua
1339 1464 1441 1508 abs-

187 1540 336 1585 condit
371 1538 505 1583 Jacob
543 1537 674 1584 idola.
706 1552 720 1578 1
758 1536 808 1581 Et
837 1550 1038 1593 egressus
1067 1543 1134 1581 est
1167 1536 1234 1579 vir
1263 1536 1439 1592 spurius

187 1614 240 1658 de
277 1615 435 1658 castris
470 1612 829 1656 philisthinorum
872 1610 1042 1655 Goii‘uh
1079 1610 1280 1654 Gethaeus
1328 1626 1341 1651 ›
1386 1610 1441 1654 de

187 1689 354 1732 semine
390 1689 606 1743 giganteo,
650 1702 666 1728 1
706 1686 951 1729 altitudinis
984 1699 1060 1730 sex
1101 1685 1365 1735 cubitorum,
1397 1689 1440 1728 et

187 1760 319 1815 palmi
355 1759 395 1815 (Ι
418 1758 514 1814 Rey.
540 1758 665 1815 xvii).
698 1773 713 1800 ›
741 1757 825 1802 lste
855 1754 1036 1813 spurius*
1064 1757 1206 1802 dictus
1232 1766 1314 1808 est,
1336 1757 1440 1813 quia

185 1833 240 1876 de
260 1832 433 1886 ignobili
462 1838 599 1888 patre,
629 1832 668 1875 id
694 1837 760 1876 est
785 1832 951 1887 gentili,
974 1838 1016 1876 et
1040 1831 1173 1875 nobili
1198 1836 1354 1882 matre,
1388 1830 1434 1874 id

185 1912 252 1951 est
283 1905 430 1948 Judaea
467 1913 595 1949 natus
620 1912 731 1949 erat.
761 1903 942 1961 Spurius
968 1910 1011 1949 et
1055 1905 1236 1962 hybrida
1278 1904 1440 1947 dicitur

186 1978 386 2033 ignobilis
403 1991 455 2021 ex
472 1983 609 2034 patre,
629 1979 742 2023 sicut
759 1991 946 2030 nianzer,
975 1983 1016 2022 et
1034 1979 1194 2022 nothus
1209 1990 1262 2020 ex
1285 1982 1439 2021 matre.

186 2052 266 2095 tlle
290 2052 577 2109 exprobrabat
600 2051 732 2095 lsrael
750 2051 867 2108 quod
900 2051 1014 2095 servi
1037 2056 1186 2094 essent
1216 2049 1442 2094 Philistlii-

188 2138 359 2176 norum,
383 2131 424 2169 et
448 2125 715 2182 proponebat
739 2125 803 2169 eis
826 2124 1143 2174 monarchiam,
1168 2123 1227 2166 ita
1262 2128 1308 2167 ut
1331 2134 1442 2178 quo·-

188 2211 283 2242 rum
311 2199 557 2243 vinceretur
592 2198 770 2248 athleta,
813 2197 926 2241 servi
953 2202 1100 2240 essent
1135 2197 1335 2240 aliorum.
1363 2195 1444 2240 lle-

187 2269 291 2314 braei
331 2277 476 2312 autem
513 2269 764 2324 stupebant,
789 2274 831 2312 et
863 2269 1116 2311 metuebant
1156 2280 1254 2311 cuni
1290 2267 1438 2312 nimis.

190 2344 263 2387 Sic
284 2344 454 2387 dicebat
478 2343 649 2387 Galiath
674 2343 965 2399 quadraginta
1007 2343 1175 2388 diebus.
1204 2342 1338 2387 Erant
1362 2357 1440 2386 au-

188 2424 272 2460 tem
300 2424 388 2461 tres
406 2417 593 2472 majores
615 2416 772 2462 fratres
796 2417 931 2460 David
950 2418 992 2460 111
1017 2417 1229 2467 exercitu,
1254 2424 1295 2459 et
1322 2415 1442 2460 ini-sit

187 2491 253 2533 eis
281 2488 363 2533 lsai
399 2503 476 2546 per
516 2502 692 2533 manum
717 2488 849 2534 David
875 2490 974 2545 ephi
999 2490 1197 2545 polentae,
1230 2493 1272 2532 et
1293 2487 1443 2532 decem

190 2575 339 2619 panes,
366 2570 406 2606 et
445 2563 620 2607 tribuno
648 2563 729 2607 sub
766 2575 854 2619 quo
891 2563 1142 2607 militabant
1181 2559 1443 2606 (1000111101-

190 2638 340 2680 inellas
363 2638 496 2688 casei,
526 2637 568 2680 id
601 2644 668 2682 est
689 2636 837 2680 decem
872 2649 1024 2682 caseos
1051 2648 1209 2692 parvos
1228 2642 1271 2679 et
1292 2647 1443 2679 recen-

190 2717 273 2754 tes.
299 2709 504 2754 Hebraeus
523 2710 653 2754 habet
674 2712 822 2754 decem
849 2710 1067 2755 sectiones
1093 2709 1224 2753 casei.
1254 2707 1344 2752 [loe
1376 2713 1442 2752 cst

189 2785 336 2829 decem
356 2796 531 2841 genera,
550 2791 592 2827 et
613 2784 887 2829 diversitates
911 2785 1047 2835 casei,
1082 2789 1124 2827 et
1156 2784 1360 2840 praecepit
1394 2792 1441 2826 ut

191 2873 336 2906 secum
363 2859 535 2904 ass'erret
558 2861 736 2916 pignora
758 2861 958 2912 fratrum,
977 2861 1019 2904 id
1035 2866 1101 2905 est
1124 2861 1290 2903 libellos
1314 2872 1443 2916 repu-

190 2936 267 2982 dii.
290 2935 381 2979 Mos
403 2946 496 2980 erat
518 2936 721 2980 euntibus
745 2934 798 2978 ad
825 2935 1003 2986 bellum,
1025 2941 1071 2976 ut
1088 2933 1255 2977 libellos
1274 2933 1443 2988 repudii

190 3010 343 3055 darent
382 3010 608 3059 uxoribus,
650 3015 711 3060 ut,
755 3009 791 3052 sl
829 3013 1092 3065 caperentur
1129 3018 1209 3049 nee
1247 3007 1442 3050 redirent

191 3095 329 3138 usque
359 3082 412 3123 ad
446 3088 533 3125 tres
558 3094 711 3131 annos,
741 3082 890 3125 liceret
926 3081 1135 3123 uxoribus
1175 3080 1338 3123 nubere
1371 3079 1441 3122 eui

191 3156 363 3199 vellent.
393 3153 585 3210 Cumque
608 3153 743 3198 David
765 3154 958 3199 venisset
993 3153 1046 3196 ad
1071 3156 1212 3196 locum
1237 3153 1443 3196 certami⁴

191 3229 278 3280 nis,
304 3228 638 3285 egrediebantur
659 3229 774 3271 enim
795 3228 981 3284 singulis
1003 3228 1155 3271 diebus
1176 3228 1307 3282 aliqui
1335 3239 1438 3283 pra:-

191 3302 365 3353 nantes,
386 3314 486 3345 eece
510 3303 769 3346 ascendebat
785 3302 955 3346 Goliatli
975 3303 1243 3358 exprobrans
1267 3309 1311 3345 ut
1331 3301 1441 3353 lieri,

193 3380 235 3417 et
259 3374 594 3423 nudiustertius,
619 3380 662 3417 ct
698 3374 758 3417 l'u
744 3381 899 3431 „rerunt
920 3374 1126 3419 lsraclitae
1149 3387 1174 3418 a
1197 3374 1306 3418 facie
1328 3374 1439 3429 ejus,

194 3453 235 3491 ¹⁵¹
255 3446 475 3492 adstufanss
499 3446 651 3499 D²V¹d
677 3449 839 3491 ssud¹v¹¹
871 3460 894 3492 a
920 3449 1118 3504 {³¹¹¹1'1b115
1144 3449 1280 3492 V¹¹'¹S·
1311 3464 1326 3489 ⁴
1357 3450 1439 3502 Qui
1467 3451 1503 3497 D
1525 3459 1629 3515 regi,
1654 3471 1753 3501 cum
1778 3458 1945 3500 cithara
1969 3456 2122 3500 leniret
2153 3467 2268 3506 eum,
2296 3459 2546 3500 tamennon
2573 3455 2796 3511 cognovit
2859 3438 2864 3456 ²

196 3521 456 3577 percusserit
478 3520 624 3573 istum,
645 3521 801 3565 ditabit
819 3535 916 3567 eum
936 3535 1026 3574 rex,
1046 3528 1086 3566 et
1108 3522 1226 3566 dabit
1248 3523 1286 3565 ei
1312 3522 1443 3565 liliam

196 3605 375 3638 suam.»
395 3595 589 3651 Cumque
612 3596 782 3640 audiret
804 3610 871 3641 eu
864 3610 901 3639 n
927 3596 1048 3639 Eliab
1067 3597 1200 3640 trater
1223 3598 1319 3652 ejus
1343 3597 1444 3640 tali-i

195 3669 505 3721 sciscitantem,
532 3670 783 3726 increpabat
805 3683 921 3722 eum,
949 3671 1107 3714 timens
1145 3683 1199 3714 ne
1234 3677 1445 3726 pugnaret

195 3748 237 3786 et
257 3744 543 3789 occumberet.
563 3743 611 3785 Ei
633 3743 1013 3798 responditDavid.
1032 3759 1045 3784 ‹
1073 3744 1183 3796 Quid
1209 3745 1287 3787 feci
1302 3746 1319 3786 ’ἓ
1336 3743 1448 3787 Nun·

196 3815 303 3872 quid
326 3829 411 3860 non
435 3817 613 3860 verbum
637 3825 702 3862 est
721 3818 850 3875 imp„
876 3818 1052 3874 dignum
1071 3816 1384 3875 increpatione]
1401 3818 1443 3860 ζ’»

198 3886 331 3938 Quasi
354 3887 469 3932 dieat
492 3904 502 3929 ·.
522 3888 609 3931 Cur
630 3901 708 3946 pro
737 3890 829 3934 solo
859 3891 990 3933 verbo
1014 3890 1211 3946 increpas
1236 3890 1336 3933 me?
1369 3888 1447 3933 Vel

199 3960 289 4004 ita:
314 3960 500 4004 Verbum
527 3968 694 4006 tantum
729 3968 814 4016 est,
839 3971 882 4007 et
919 3976 1008 4007 non
1046 3975 1134 4015 res,
1173 3963 1218 4006 id
1254 3969 1322 4007 est
1360 3975 1446 4008 non

201 4037 344 4079 animo
369 4037 586 4092 pugnandi
616 4038 697 4082 hoc
721 4039 835 4089 dico,
866 4039 941 4082 sed
966 4046 1012 4083 ut
1030 4051 1122 4082 rem
1147 4038 1300 4082 sciam.
1327 4037 1450 4081 Nun-

201 4109 304 4152 tiata
327 4117 428 4154 sunt
443 4117 542 4155 ante
564 4111 695 4155 verba
714 4110 846 4155 David
864 4111 917 4155 ad
937 4111 1110 4162 Saul‚et
1122 4111 1182 4154 ait
1198 4111 1253 4154 ad
1274 4123 1444 4167 regem:

207 4198 222 4222 ι
249 4181 338 4238 Ego
362 4195 514 4228 servus
531 4192 630 4228 tuus
648 4186 848 4242 pugnabo
869 4186 1077 4230 adversus
1094 4184 1408 4228 philisthaeum.
1428 4199 1443 4225 1

203 4254 396 4311 Cumque
418 4258 663 4312 prohiberet
685 4270 782 4302 eum
809 4259 931 4310 Saul,
964 4259 1065 4315 quia
1089 4268 1195 4314 puer
1221 4264 1351 4308 esset,
1372 4254 1451 4299 ad«

204 4327 312 4371 didit
338 4343 349 4373 ε
377 4345 390 4370 1
421 4330 507 4385 Ego
526 4343 676 4375 servus
693 4337 794 4375 tuus
811 4330 1008 4375 interfeci
1030 4331 1197 4374 leonem
1220 4335 1262 4373 et
1281 4341 1446 4380 ursum,

206 4412 302 4442 cum
321 4402 578 4447 invasissent
598 4416 785 4462 gregem.
812 4404 903 4448 Erit
930 4405 1058 4460 igitur
1075 4403 1145 4447 hic
1168 4403 1446 4446 incircumci-

207 4484 282 4517 sus
302 4475 425 4533 quasi
451 4489 561 4520 unus
581 4489 629 4522 cx
650 4479 729 4532 eis,
761 4493 776 4520 1
804 4476 985 4522 Domino
1003 4489 1068 4521 me
1083 4475 1304 4520 liberante.
1327 4474 1448 4522 Tunc

1210 132 1384 187 PETnt
1405 136 1769 186 coussswnls

187 237 480 301 mathematici
499 237 614 294 quod
644 236 766 296 multi
792 236 1012 287 daemones
1029 231 1300 277 harmoniam
1325 229 1438 273 serie
1460 243 1511 286 Α
1508 227 1659 270 induit
1681 238 1780 271 eum
1805 222 1909 270 Saul
1933 226 2068 271 armis
2096 225 2229 272 suis:
2250 231 2294 271 et
2315 222 2525 283 deposuit·
2543 238 2594 272 ea
2615 226 2774 283 David,

1509 301 1619 356 -quia
1648 309 1736 343 non
1782 299 1973 343 habebat
2006 305 2226 344 armorum
2268 287 2642 356 consuetudinem,
2681 315 2699 343 1
2727 306 2774 348 et

1496 451 1641 491 ‘rente
1661 446 1852 502 quinque
1893 444 2059 502 lapides
2095 445 2443 503 limpidissimos,
2467 461 2483 488 ›
2508 445 2555 491 id
2586 445 2797 503 estpta‘-

1502 2671 1505 2676 f
1523 2651 1666 2695 labilis
1701 2659 1867 2694 memor
1870 2651 1951 2693 iae

1518 4400 1583 4450 'ne
1597 4418 1622 4448 a
1642 4406 1768 4463 domo
1785 4417 1864 4448 sua
1878 4402 2190 4448 transferretur
2213 4414 2422 4458 regnum;
2443 4416 2458 4443 1
2482 4405 2524 4444 et
2550 4399 2768 4442 invidebat

2660 134 2777 187 131!

1517 373 1618 418 tulit
1643 373 1692 416 in·
1713 385 1845 416 manu
1863 372 2068 416 baculum
2091 373 2374 429 pastoralem,
2394 379 2438 418 et
2458 372 2590 430 elegit
2605 371 2665 419 de
2680 379 2796 418 tor-2

1517 533 1598 564 nos
1621 525 1664 564 et
1686 518 1913 570 volubiles,
1943 533 1959 561 1
1997 523 2039 563 et
2067 519 2188 564 misit
2219 531 2296 564 eos
2320 518 2366 563 111
2397 528 2545 577 peram
2578 522 2791 587 pastor-272

1517 594 1619 644 lem,
1651 607 1667 634 1
1696 591 1737 636 111
1773 598 1843 637 est
1880 604 1958 637 vas
2001 605 2090 650 quo
2128 592 2195 636 lae
2226 593 2461 650 mulgebat,
2501 592 2569 637 'vel
2609 591 2776 645 serebat

1519 679 1693 724 panem,
1723 680 1739 708 1
1766 672 1808 711 et
1830 666 2008 710 fundam
2032 679 2164 710 manu
2186 666 2300 717 tulit,
2320 674 2363 710 et
2382 666 2599 723 processit
2621 664 2776 712 adver·-
2808 698 2809 702 ,
2864 668 2865 671 ’
2892 645 2893 648 ¹
2923 691 2924 706 1

1519 752 1596 785 sus
1629 738 1948 784 Philistbaeum.
1980 755 1995 782 1
2030 738 2112 792 Qui
2137 739 2399 796 contempsit
2421 738 2573 791 David,
2597 743 2642 783 et
2677 738 2774 786 ait=

1523 830 1538 856 ‹
1576 813 1784 870 Nunquid
1822 826 1901 870 ego
1940 814 2062 858 canis
2103 826 2217 866 sum,
2255 815 2358 871 quia
2382 817 2430 856 tu
2459 814 2582 858 venis
2614 812 2670 859 ad
2703 824 2778 858 mo>

1519 900 1619 932 eum
1641 887 1813 932 baculo.
1834 885 1918 931 Cui
1941 886 2167 944 respondtt
2198 886 2350 931 David.
2374 885 2439 931 Tu
2459 887 2581 932 venis
2614 886 2668 930 ad
2705 897 2776 931 me

1518 971 1620 1003 eum
1644 960 1795 1011 armis,
1815 971 1896 1016 ego
1920 965 2064 1003 autem
2092 959 2218 1003 venio
2251 959 2304 1002 ad
2331 964 2372 1003 te
2405 959 2450 1003 in
2474 958 2651 1004 nomine
2687 957 2775 1003 Do·
2802 991 2804 995 y

1519 1032 1645 1083 mini,
1675 1038 1721 1075 ut
1754 1031 1864 1076 sciat
1902 1031 2031 1075 hodie
2067 1032 2271 1076 universa
2311 1032 2498 1076 eeclesia
2540 1030 2649 1084 haee,
2674 1030 2777 1088 quia

1517 1116 1609 1147 -non
1633 1105 1676 1147 in
1703 1103 1847 1160 gladio
1879 1102 2018 1147 salvat
2042 1102 2267 1148 Dominus.
2292 1102 2489 1159 Cumque
2508 1102 2688 1158 iecisset
2714 1102 2777 1145 la-

1522 1178 1682 1233 pidem,
1700 1177 1831 1220 l'unda
1850 1176 2067 1232 percussit
2084 1189 2182 1220 eum
2202 1176 2244 1219 in
2269 1176 2427 1221 fronte.
2449 1174 2651 1232 Secundo
2667 1186 2775 1232 quo·
2802 1227 2803 1230 ¹
2868 1174 2869 1178 ’
2891 1167 2893 1169 ’

1521 1262 1623 1307 que,
1650 1258 1692 1294 et
1726 1251 1854 1295 tertio
1875 1250 2018 1306 lapide
2043 1250 2262 1306 percussit
2280 1262 2380 1294 eum
2411 1249 2456 1294 in
2477 1248 2628 1294 eodem
2659 1250 2774 1300 loco,

1518 1331 1562 1371 ct
1586 1325 1715 1368 tertio
1731 1323 1851 1379 jactu
1892 1323 2050 1379 deiecit
2078 1335 2194 1371 eum,
2217 1327 2260 1366 et
2296 1335 2478 1367 currens
2511 1322 2660 1366 eduxit
2686 1322 2778 1378 gla·
2804 1357 2807 1360 .

1520 1398 1639 1442 dium
1664 1396 1798 1447 illius,
1822 1402 1863 1440 et
1895 1394 2090 1452 praecidit
2127 1400 2257 1451 caput
2285 1395 2398 1450 ejus.
2423 1393 2503 1437 Hie
2528 1393 2798 1438 fabulantur'

1520 1470 1696 1524 quidam
1713 1469 1866 1522 Judaei,
1886 1468 2001 1526 quod
2025 1467 2186 1513 l'errum
2208 1468 2340 1524 galeae
2361 1467 2506 1511 loricae
2521 1466 2776 1523 obsequium

1520 1544 1721 1599 praestitit
1740 1542 1939 1594 Domino,
1964 1541 2076 1587 dans
2097 1542 2240 1585 Iocum
2263 1539 2412 1596 lapidi,
2439 1545 2486 1583 ut
2510 1540 2692 1583 intraret
2722 1537 2777 1582 ad

1521 1616 1741 1660 hominem
1766 1613 2069 1665 occidendum,
2095 1621 2140 1658 et
2161 1614 2216 1656 ob
2241 1613 2325 1656 hoc
2353 1612 2560 1667 deinceps
2590 1611 2779 1655 eircum-

1521 1690 1630 1732 cisio
1654 1687 1768 1731 sacta
1796 1695 1863 1732 est
1886 1699 1985 1730 eum
2016 1687 2192 1731 cultello
2212 1686 2369 1739 ferreo,
2389 1698 2484 1743 quae
2507 1685 2628 1741 prius
2652 1685 2779 1728 tiebat

1521 1761 1708 1819 petrino.
1733 1757 1956 1816 Fugerunt
1991 1759 2139 1816 itaque
2167 1757 2425 1810 Philistliaei,
2449 1766 2485 1801 e:
2516 1756 2647 1802 lsrael
2681 1769 2778 1814 per-

1521 1844 1700 1884 secutus
1728 1843 1794 1882 est
1817 1849 1910 1892 eos,
1937 1850 2077 1894 usque
2108 1837 2160 1880 ad
2188 1843 2338 1893 portas
2370 1836 2587 1880 Accaron.
2617 1849 2631 1877 1
2660 1833 2779 1882 Tulit

1522 1917 1668 1956 autem
1692 1910 1827 1956 David
1851 1917 1999 1967 caput,
2027 1916 2070 1957 et
2089 1911 2298 1968 gladium,
2318 1919 2359 1954 et
2387 1909 2532 1965 posuit
2562 1912 2606 1952 in
2633 1909 2778 1953 taber·
2852 1899 2876 1924 '³
2920 1885 2924 1901 Ι

1521 1985 1677 2029 naeulo
1697 1997 1776 2030 suo
1803 1999 1814 2028 ε
1847 2000 1862 2026 1
1890 1985 2020 2040 longo
2042 1988 2236 2039 tempore
2260 1988 2358 2040 post
2388 1982 2487 2026 tulit
2525 1982 2598 2025 illa
2628 1981 2674 2025 in
2706 1979 2780 2026 Je-

1521 2061 1728 2111 rusalem,
1757 2059 1963 2104 Hebraeus
1986 2060 2221 2104 nonhabet
2241 2074 2256 2100 ‹
2276 2070 2374 2104 su0.
2396 2074 2411 2101 »
2438 2057 2503 2103 Ob
2526 2059 2610 2104 boc
2632 2058 2778 2103 credi-

1523 2138 1594 2176 tur
1615 2133 1729 2189 quod
1750 2134 1797 2176 in>
1815 2133 2054 2189 trophaeum
2080 2133 2222 2190 posuit
2240 2145 2291 2177 ea
2309 2133 2353 2176 in
2382 2131 2662 2178 tabernaculo
2687 2131 2773 2176 Do·

1521 2204 1643 2248 mini.
1666 2203 1789 2249 Unde
1813 2212 1962 2262 postea
1984 2204 2233 2250 Abiinelech
2251 2205 2417 2262 accepit
2433 2205 2781 2261 gladiuni.eum-

1520 2289 1607 2334 que
1639 2277 1840 2322 rediisset
1870 2277 2005 2322 David
2040 2290 2064 2321 a
2093 2278 2257 2335 praelio,
2283 2278 2344 2321 ait
2375 2276 2480 2321 Saul
2505 2277 2557 2321 ad
2587 2277 2733 2323 Abner
2760 2291 2772 2323 :

1525 2364 1540 2392 1
1576 2350 1638 2396 De
1658 2355 1745 2408 qua
1770 2352 1903 2407 stirpe
1926 2357 1993 2396 est
2030 2351 2101 2395 hic
2138 2351 2421 2395 adolescens?
2458 2366 2473 2392 1
2501 2349 2667 2396 Forsan
2691 2363 2771 2395 vo-

1524 2428 1620 2472 lens
1639 2426 1768 2479 seire,
1797 2426 1867 2469 cui
1888 2427 2070 2470 daturus
2092 2431 2208 2471 esset
2242 2425 2392 2469 filiam.
2412 2422 2501 2470 Nec
2529 2426 2781 2483 recognovit

1524 2513 1624 2546 eum
1649 2499 1771 2552 Saul,
1803 2503 1906 2558 qula
1944 2500 2197 2556 aliquandiu
2230 2500 2389 2544 absens
2425 2499 2581 2553 suerat,
2608 2505 2652 2543 et
2673 2499 2782 2544 alte·

1522 2581 1644 2619 ratus
1671 2587 1748 2631 per
1770 2575 2130 2631 excogitationem
2155 2574 2254 2618 mali
2289 2574 2491 2630 spiritus,
2519 2572 2662 2619 factus
2685 2579 2780 2618 erat

2019 2649 2070 2693 Et
2115 2649 2342 2705 respondit
2386 2650 2566 2694 Abner:
2605 2665 2621 2691 1
2664 2648 2780 2695 Vivit

1525 2725 1671 2768 anima
1712 2729 1803 2775 tua,
1830 2737 1922 2775 rex,
1958 2724 1996 2768 si
2033 2724 2270 2774 novicum,
2303 2739 2318 2766 ›
2361 2723 2404 2768 id
2437 2730 2519 2770 est
2540 2735 2616 2781 per
2646 2724 2779 2784 sitam

1525 2807 1639 2842 tuam
1663 2808 1750 2842 non
1772 2797 1873 2842 novi
1892 2809 2010 2851 eum,
2029 2799 2096 2842 vel
2123 2809 2199 2854 per
2223 2797 2584 2842 exsecrationem.
2610 2780 2778 2841 1101111111

1524 2871 1638 2916 enim
1679 2883 1794 2927 saepe
1825 2871 2056 2915 nominant
2083 2870 2196 2914 mala
2232 2883 2257 2913 a
2280 2870 2512 2915 contrariis
2533 2870 2703 2923 eorum,
2728 2875 2780 2914 ut

1523 2945 1583 2989 ibi
1627 2959 1638 2989 ε
1688 2956 1702 2986 1
1747 2943 1936 2988 Benedie
1975 2943 2176 2996 Domino,
2223 2950 2266 2988 et
2300 2956 2472 2988 morere
2517 2942 2613 3002 (Iob
2647 2943 2712 3001 n).
2757 2958 2773 2985 »

1524 3018 1719 3073 Cumque
1754 3018 1982 3074 quaesisset
2007 3016 2111 3061 Saul
2148 3030 2172 3060 a
2212 3017 2363 3070 David,
2398 3018 2497 3073 quis
2519 3021 2650 3076 esset,
2675 3003 2736 3061 ait
2761 3032 2771 3045 ›-

1529 3107 1542 3131 1
1570 3089 1706 3134 Filius
1738 3102 1833 3134 sum
1859 3090 1973 3134 set-'vi
1999 3091 2060 3132 tui
2087 3089 2184 3134 lsai.
2217 3105 2232 3131 ›
2260 3089 2313 3132 Et
2337 3096 2443 3133 tunc
2465 3090 2609 3132 anima
2643 3087 2777 3134 Jona-

1526 3165 1609 3207 thae
1633 3165 1930 3218 conglutinata
1963 3169 2030 3207 est
2053 3164 2206 3207 animae
2226 3162 2379 3213 David,
2408 3171 2451 3207 et
2482 3150 2777 3207 inierunt'roe-

1524 3238 1606 3281 dus
1631 3251 1640 3280 :
1667 3242 1710 3280 et
1733 3236 1852 3280 dedit
1868 3234 2078 3280 Jonathas
2097 3234 2231 3278 David
2250 3235 2507 3279 vestimenta
2525 3246 2620 3285 sua,
2640 3246 2778 3291 usque
2860 3280 2862 3282 ,

1526 3310 1577 3354 ad
1603 3321 1769 3361 arcum,
1799 3316 1843 3354 et
1868 3310 2076 3366 gladium,
2096 3311 2138 3352 ct
2173 3309 2366 3352 balteum
2391 3306 2434 3363 (Ι
2455 3307 2552 3363 Req.
2578 3309 2721 3365 xrin).
2755 3324 2771 3354 1
2847 3337 2849 3339 ·

1532 3402 1536 3406 -
1580 3383 1835 3428 Additioi.
1871 3382 2077 3436 Quamvis
2114 3387 2214 3425 ante
2249 3391 2362 3437 saepe
2390 3393 2581 3437 praesens
2622 3381 2774 3426 suisset
2862 3389 2865 3397 ’

1527 3545 1623 3576 eum
1648 3531 1794 3574 modo.

1619 3603 1721 3648 Gar.
1744 3601 1890 3646 xvln.
1918 3602 2041 3656 Quod
2067 3601 2172 3646 Saul
2195 3609 2433 3657 persecutns
2458 3608 2518 3644 est
2535 3600 2687 3645 David.

1582 3677 1760 3721 Factum
1783 3684 1866 3728 est,
1893 3690 1990 3720 cum
2018 3677 2209 3720 redirent
2234 3676 2551 3731 triumphantes
2579 3675 2632 3719 de
2663 3686 2773 3730 prie-

1528 3750 1602 3801 lio,
1627 3754 1670 3792 et
1689 3747 1824 3792 David.
1847 3748 2098 3804 disponeret
2123 3747 2238 3801 serre
2274 3754 2404 3803 caput
2426 3745 2559 3790 Goliae
2583 3747 2625 3790 in
2647 3745 2774 3790 Jeru-

1528 3823 1660 3867 salem
1688 3816 1836 3874 :nain,
1875 3830 1923 3864 ut
1941 3821 2000 3864 ait
2027 3813 2258 3875 Josephus,
2291 3820 2372 3863 hoc
2395 3831 2543 3864 secum
2571 3818 2769 3869 habehat,

1528 3891 1607 3939 sed*
1626 3894 1792 3938 hastam
1812 3893 1902 3949 J'am
1936 3893 2156 3936 dicaverat
2187 3891 2291 3945 Deo,
2315 3892 2645 3948 egrediebantur
2675 3903 2772 3934 mu-

1527 3970 1654 4014 lieres
1689 3979 1742 4011 ex
1776 3967 1996 4011 universis
2023 3966 2228 4019 urbibus;
2267 3972 2322 4009 et·
2346 3977 2444 4008 cum
2470 3964 2771 4009 instrumentis

1530 4043 1819 4100 praecinebant
1843 4042 2048 4085 mulieres
2074 4057 2084 4085 ;
2114 4055 2129 4082 1
2156 4039 2258 4083 Saul
2281 4040 2498 4095 percussit
2520 4040 2657 4092 mille;
2688 4054 2703 4081 1
2730 4044 2772 4082 et

1526 4115 1844 4174 respondebant
1880 4114 2072 4171 virgines
2111 4129 2122 4158 z
2160 4129 2174 4154 ‹
2201 4112 2253 4157 Et
2285 4113 2421 4158 David
2451 4112 2600 4157 decem
2638 4112 2779 4162 millia

1530 4189 1572 4245 (Ι
1593 4188 1690 4245 Req.
1708 4187 1853 4244 xviii).
1872 4186 2063 4231 Audiens
2087 4185 2188 4230 Saul
2209 4198 2386 4230 causam
2407 4184 2602 4229 victoriae
2625 4185 2771 4239 potius

1530 4260 1704 4303 attribui
1741 4258 1876 4302 David
1915 4269 2045 4314 quam
2086 4258 2184 4307 sibi,
2209 4257 2361 4301 dolens
2406 4257 2521 4300 intra
2559 4268 2606 4300 se
2650 4256 2710 4298 ait
2756 4269 2767 4298 :

1534 4348 1547 4374 1
1574 4332 1683 4386 Quid
1700 4333 1739 4377 ei
1759 4334 1977 4388 superest,
2006 4330 2091 4375 nisi
2114 4330 2254 4374 solum
2277 4341 2474 4393 regnum.
2501 4344 2516 4371 ›
2545 4327 2597 4370 Et
2625 4327 2766 4370 timuit

1533 4479 1681 4533 David,
1700 4490 1780 4523 nec
1802 4478 1891 4535 jam
1915 4477 2047 4522 rectis
2074 4475 2212 4520 oculis
2238 4474 2498 4531 respiciebat
2520 4482 2636 4517 eum.
2666 4469 2770 4516 Post
