2924 4588
364 92 472 140 tat?

362 258 481 302 ciens
511 229 706 307 ne⁸quis
742 251 900 293 arbiter
942 248 1181 304 impediret,
1221 258 1267 290 se
1312 250 1600 300 percussurus

362 330 578 372 dexteram
602 310 899 369 stistulit.⁶Sed
922 318 1149 369 Acciabus‚
1175 320 1463 362 consobrinus
1486 318 1598 372 ejus,

363 400 582 443 dexteram
607 395 846 446 continuit,
872 380 1103 448 statimque
1135 391 1322 434 ululatus
1346 396 1412 433 est
1434 402 1506 433 rex
1523 421 1534 439 ,
1558 395 1600 432 et

364 472 574 516 tumultus
606 453 648 513 fit
674 469 786 524 regia
827 468 954 510 domo
989 466 1199 509 excitatus
1217 471 1297 507 est.
1318 462 1412 515 Quo
1431 462 1598 511 audito,

364 543 585 600 Antipater
616 543 837 586 exsultans
871 541 1004 582 multa
1041 537 1294 581 custodibus
1327 534 1602 591 promittebat

365 620 413 659 ut
434 628 528 659 etun
566 614 795 658 solverent.
837 611 959 663 Quod
991 622 1088 652 cum
1126 609 1366 664 accepisset
1395 605 1600 653 Herodes,

365 688 538 743 gravius
561 685 655 728 tulit
680 683 1007 727 exsultationem
1047 681 1138 729 titii,
1177 689 1304 734 quam
1337 684 1534 727 mortem,
1562 683 1604 720 et

366 760 570 802 continuo
594 756 739 800 missis
770 754 1026 798 satellitibus
1065 753 1222 796 occidit
1258 764 1372 801 eum,
1410 750 1604 806 sepeliri-

365 843 448 887 que
471 829 668 884 praecepit
692 828 734 869 in
758 825 977 869 Hircanio.
1004 822 1244 880 Statimque
1267 829 1438 865 mutans
1469 829 1602 864 testa·

366 908 571 948 mentum,
590 899 847 942 Archelaum
871 896 991 952 regni
1015 895 1188 951 scripsit
1210 906 1522 944 successorem,
1546 893 1606 936 ita

363 979 507 1016 tamen
532 970 643 1027 quod
667 970 721 1011 ab
748 967 942 1023 Augusto
962 967 1198 1023 susciperet
1222 967 1436 1010 diadema.

420 1045 521 1087 Car.
558 1039 702 1086 lell.
731 1041 789 1083 De
810 1048 941 1138 ”¹⁰:2oe
962 1038 1168 1138 ΙΗῖνφάὶε,
1197 1045 1235 1081 et
1258 1037 1551 1082 substitutione

917 1109 960 1138 rc
974 1108 1009 1138 te
1030 1109 1088 1138 αι.

395 1172 481 1227 (59)
505 1170 606 1214 Post
617 1175 794 1214 mortem
804 1174 943 1213 autem
957 1168 1046 1218 tilii,
1060 1167 1249 1222 quinque
1263 1165 1415 1210 diebus
1426 1164 1604 1216 exactis,

365 1253 562 1288 mostssus
584 1252 650 1287 est
675 1239 865 1288 Herodes
890 1241 1110 1296 trigesimo
1141 1241 1321 1294 ΒθΡῑῐῐῐῑῡ
1352 1249 1466 1281 ²¹¹¹¹⁰
1485 1245 1606 1293 9⁰⁸²·
1629 1233 1662 1276 B
1686 1247 1739 1292 de
1764 1246 1889 1304 Syria
1923 1247 2176 1302 accepisset,
2211 1243 2382 1290 ludaeos
2416 1244 2626 1290 defecisse
2659 1247 2839 1291 nuntian

364 1335 492 1378 quam
519 1334 541 1364 a
561 1321 764 1364 Romanis
788 1331 862 1364 rex
886 1318 1129 1362 declaratus
1150 1313 1325 1360 erat.1n
1349 1315 1445 1358 aliis
1469 1313 1606 1357 foi-tu·

365 1394 701 1444 natissimus,.in
726 1393 856 1437 rebus
885 1390 1135 1435 do.i:esticis
1159 1387 1484 1432 infelicissimus
1507 1385 1604 1443 fuit.

368 1465 539 1509 Salome
562 1477 662 1508 vero
685 1475 794 1519 quos
824 1461 962 1506 occidi
997 1460 1272 1504 mandaverat
1311 1458 1511 1502 absolvit.
1555 1455 1608 1500 Et

367 1538 561 1595 sepelivit
585 1549 681 1580 euin
721 1532 955 1579 Archelaus
981 1533 1022 1576 in
1047 1531 1234 1576 flet-odio
1250 1563 1261 1583 ‚
1281 1531 1403 1586 juxta
1437 1529 1609 1573 manda-

367 1619 455 1653 tum
490 1610 641 1666 ipsius,
675 1607 782 1651 nihil
823 1606 929 1663 regii
965 1613 1144 1648 ornatus
1182 1604 1226 1646 in
1265 1603 1430 1647 funeris
1451 1613 1606 1658 pompa

366 1682 712 1737 praetermittens,
754 1685 916 1736 septem
961 1685 1103 1722 autem
1141 1677 1294 1720 diebus
1331 1677 1374 1719 in
1425 1673 1607 1730 lugendo

366 1763 531 1812 patrem
554 1754 838 1810 consumptis,
862 1753 1085 1808 epulisque
1114 1750 1319 1794 feralibus
1339 1748 1506 1805 prolixe
1532 1759 1609 1803 po-

366 1830 468 1882 pulo
489 1827 690 1871 exhibitis
705 1859 716 1879 ,
739 1827 811 1882 qui
837 1838 931 1869 mos
954 1823 1199 1867 ludaeorum
1227 1822 1282 1865 ob
1304 1831 1516 1877 expensas
1541 1819 1608 1862 fu-

367 1915 519 1947 nerum
563 1902 722 1946 multos
750 1901 1053 1956 depauperavit
1084 1897 1262 1942 candida
1286 1888 1404 1940 veste
1432 1892 1607 1938 indutus

367 1976 562 2019 ascendit
586 1975 630 2019 in
667 1974 891 2030 templum,
930 1969 1404 2028 variisque-favoribus
1439 1979 1463 2011 a
1489 1967 1610 2024 plebe

368 2052 595 2102 susceptus
626 2050 709 2095 est,
744 2041 984 2101 sedensque
1016 2057 1093 2099 pro
1130 2041 1364 2092 tribunali,
1401 2039 1524 2091 dixit,
1562 2053 1610 2084 se

367 2117 494 2160 etiam
533 2127 558 2159 a
600 2115 715 2171 regis
752 2114 925 2158 nomine
957 2114 1064 2157 velle
1103 2120 1359 2167 temperare,
1403 2110 1540 2153 donec
1583 2122 1607 2152 a

369 2191 537 2232 Caesare
556 2188 807 2231 confirmata
833 2187 940 2232 foret
965 2187 1198 2232 successio.
1219 2185 1472 2239 promittens
1493 2183 1606 2240 quod

370 2266 492 2314 patre
515 2259 663 2302 melior
697 2258 896 2303 omnibus
920 2263 1160 2313 appareret.
1193 2258 1402 2310 Quocirca
1427 2256 1498 2299 alii
1530 2254 1608 2298 tri·

371 2331 472 2374 buta
500 2332 645 2381 levari,
666 2330 736 2372 alii
759 2330 980 2386 vectigalia
1005 2330 1112 2380 tolli,
1138 2329 1311 2386 quidam
1334 2329 1441 2372 solvi
1464 2335 1611 2372 custo·

371 2404 466 2447 dias
518 2403 834 2446 acclamabant.
887 2401 1121 2446 Postulatis
1179 2410 1320 2446 autem
1375 2400 1611 2447 Archelaus

372 2487 592 2528 annuens,
627 2474 853 2519 celebratis
893 2475 1071 2526 hostiis,
1098 2482 1190 2518 erat
1226 2487 1323 2519 cum
1370 2474 1522 2518 amicis
1567 2474 1610 2517 in

373 2549 531 2603 epulis.

372 2619 473 2663 Car.
496 2618 608 2664 XIX.
634 2618 695 2663 De
713 2620 784 2663 lite
800 2620 977 2675 fratrum
1001 2631 1075 2675 pro
1104 2634 1227 2676 reque
1245 2634 1386 2663 coram
1403 2620 1608 2678 Augusto.

427 2689 515 2747 (to)
541 2691 641 2734 Orta
658 2699 723 2736 est
739 2698 878 2736 autem
897 2694 1064 2742 seditio,
1080 2705 1175 2748 quae
1197 2695 1238 2735 iu
1254 2694 1377 2738 novis
1391 2695 1521 2739 rebus
1537 2706 1587 2738 ac
1601 2717 1611 2727 ·

369 2764 513 2808 cidere
535 2766 656 2814 solet,
679 2765 847 2819 plurimi
873 2767 984 2810 enim
1008 2766 1241 2822 sophistas,
1267 2779 1344 2823 pro
1363 2767 1612 2813 defensioue

373 2838 480 2893 legis
526 2837 714 2887 occisos.
761 2838 991 2893 lugebant;
1030 2852 1180 2883 onmes
1221 2839 1309 2883 fere
1349 2841 1610 2897 pontificem,

374 2921 499 2965 quem
536 2908 725 2954 Herodes
757 2911 895 2965 pretio
931 2919 1165 2963 creaverat,
1191 2913 1474 2957 amovendum
1513 2925 1613 2971 pro·

375 2982 632 3025 clamabant.
679 2980 868 3026 Instante
905 2991 1045 3027 atstei-
1086 2997 1338 3041 azymorum
1383 2987 1469 3037 die,
1514 2998 1612 3030 cum

375 3052 502 3095 turba
526 3053 579 3096 ab
601 3053 892 3098 immolatione
907 3056 1151 3112 prohiberet
1175 3058 1614 3113 pontiticem,Arclte·

375 3125 494 3174 laus,
537 3125 670 3171 misso
712 3126 979 3179 chiliarcho,
1019 3129 1164 3173 verbis
1194 3141 1269 3175 eos
1309 3134 1429 3187 prius
1462 3132 1615 3177 sedare

373 3198 615 3241 attentavit.
678 3198 787 3242 Cum
840 3206 984 3243 autem
1030 3201 1303 3245 vulneratum
1349 3204 1614 3248 remisissent

375 3269 685 3321 chiliarchum,
725 3271 858 3316 missa
899 3272 1050 3329 grandi
1084 3286 1213 3317 manu
1249 3274 1500 3328 satellitum,
1534 3275 1615 3320 Ar·

375 3342 549 3386 chelaus
571 3342 745 3388 circiter
768 3356 919 3388 novem
943 3345 1073 3388 millia
1098 3347 1276 3398 occidit,
1297 3353 1341 3391 et
1365 3361 1441 3405 per
1461 3361 1552 3394 voc:
1569 3362 1610 3393 m
1635 3361 1672 3407 1)

376 3415 590 3471 prasconis
609 3428 758 3460 omnes
778 3417 832 3460 ad
853 3418 1023 3474 propria
1048 3420 1189 3463 redire
1210 3427 1507 3473 continentius,
1536 3434 1614 3466 ne·

377 3489 513 3544 glecta
548 3487 796 3537 festivitate.
836 3503 986 3535 omnes
1020 3481 1236 3538 abieruntss
1267 3492 1361 3550 ipse
1390 3507 1493 3539 vero
1517 3507 1615 3539 cum

376 3557 553 3602 Nicotao
575 3565 615 3602 et
635 3558 882 3611 Ptolomaeo,
908 3563 1306 3619 secretariispatris
1329 3564 1412 3612 sui,
1437 3561 1615 3608 Romam

378 3633 597 3687 protectus
637 3638 717 3682 est,
761 3632 1080 3691 Salomamque,
1118 3643 1160 3679 et
1202 3635 1314 3681 filios
1350 3637 1614 3693 ejttssecum

378 3705 516 3753 duxit,
560 3712 605 3747 ut
648 3717 744 3747 cum
785 3713 1043 3756 testamento
1080 3714 1314 3751 extremam
1349 3711 1616 3754 voluntatem

378 3779 515 3833 patris
536 3780 602 3822 sui
629 3786 906 3832 testarentur,
931 3779 1127 3836 Philippo
1164 3781 1293 3826 fratre
1313 3784 1434 3839 regni
1457 3796 1615 3839 procu·

380 3856 522 3892 ratore
545 3851 710 3894 relicto.
734 3850 955 3895 Profectus
979 3859 1044 3895 est
1066 3854 1192 3896 ctiam
1223 3853 1402 3898 Romam
1427 3855 1616 3900 Herodes

379 3921 580 3975 AnUpas,
608 3929 655 3964 ut
679 3922 731 3966 de
754 3937 881 3978 regno
905 3924 1100 3967 habendo
1126 3924 1389 3980 disceptaret
1413 3939 1509 3970 cum
1532 3928 1617 3969 fra-

382 3996 462 4037 tre.
494 4000 665 4036 oratore
690 3993 897 4050 {lyrenem
925 4004 1097 4051 propter
1121 3998 1398 4041 acrimoniam
1427 3997 1614 4050 dicendi,

381 4063 611 4117 plurimum
644 4065 845 4109 confisus.
871 4066 1015 4109 Caesar
1043 4080 1227 4123 quoque,
1262 4069 1410 4112 ascitis
1435 4068 1617 4123 optima-

380 4135 498 4177 tibus
538 4133 855 4189 Romauorum,
898 4141 1091 4194 p.rtil›us
1126 4142 1409 4196 prosequendi
1449 4142 1616 4196 copiam

382 4203 515 4248 dedit.
541 4205 686 4261 ibique
716 4214 817 4252 tunc
847 4211 1031 4264 primum
1064 4212 1239 4266 Gaium,
1269 4226 1319 4257 ex
1350 4214 1550 4271 Agrippa,
1576 4222 1618 4258 et

443 4293 531 4349 (39)
555 4293 612 4356 ΒΧ
634 4296 834 4353 josepho.

444 4350 531 4402 (δύ)
556 4350 613 4393 hx
630 4354 796 4398 eodem.

1356 81 1518 127 rssrnt
1547 79 1896 127 cottus'roms

294 226 311 248 ἱ
359 199 444 242 qne
474 196 570 227 cuin
617 181 721 225 tussi
760 180 943 221 violenta
982 174 1314 224 distenderetur,
1345 171 1603 226 eircutnspi·
1628 176 1662 219 Α
1685 172 1770 214 filia
1809 181 1887 214 sua
1926 175 2093 220 natum,
2131 167 2263 211 fllium
2305 165 2550 222 adoptivum
2589 165 2737 211 sedere
2767 168 2879 222 jussi

2791 62 2902 143 ist]

1678 241 1918 288 Archelaus
1942 241 2025 284 sibi
2052 252 2229 295 regnum
2259 238 2404 282 deberi
2429 237 2667 289 asserebat,
2700 245 2742 282 et
2778 244 2872 283 aetat

1680 315 1852 364 merito,
1891 319 1933 357 et
1975 313 2151 356 secundi
2198 310 2443 355 testamenti
2470 309 2704 353 voluntate.
2740 309 2837 354 Anti
2888 360 2892 362 Y
2923 315 2924 320 ’

1680 398 1782 428 vero
1806 385 1989 440 primum
2026 389 2327 445 testamentum
2357 383 2513 427 debere
2553 383 2734 433 servari,
2762 385 2894 433 aiela

1682 456 1796 514 quod
1819 464 1953 513 pater,
1977 456 2149 513 quaudo
2163 469 2339 511 compos
2360 457 2514 499 mentis
2538 459 2667 503 esset.
2688 457 2872 513 insci-ips

1681 537 1764 574 rat.
1792 529 2037 573 Secundum
2059 541 2162 572 vero
2186 529 2350 571 nullum
2373 527 2479 578 fore,
2502 529 2616 583 quod
2642 529 2781 584 ipsum
2803 541 2853 586 pa

1680 602 1839 647 mentis
1861 603 2000 658 impos
2024 602 2197 645 [cerat.
2222 597 2327 643 Nam
2348 606 2389 645 et
2408 606 2510 644 tunc
2531 601 2704 656 propria
2725 613 2853 646 manu

1682 671 2131 728 appetierat.Addebat
2142 683 2328 727 quoque.
2344 669 2458 727 quod
2471 670 2710 715 Archelaus
2727 671 2904 732 umbras

1682 745 1805 800 regui
1840 744 2064 788 detulisset
2110 743 2164 786 aul
2206 742 2419 786 Caesarem
2435 774 2446 792 ‚
2487 753 2586 786 cum
2629 742 2722 799 ipse
2764 755 2817 788 co
2854 765 2859 780 ·

1682 828 1827 860 rerum
1856 814 2136 871 gerendarum
2163 813 2242 857 sibi
2274 814 2517 870 rapuisset3
2542 819 2785 870 postremo,

1685 887 1805 931 initia
1820 887 2047 943 potestatis
2065 899 2154 930 suae
2173 899 2326 930 novem
2350 886 2534 930 millium
2557 885 2800 930 occisorum
2823 886 2914 943 ses,

1683 962 1813 1020 guiue
1834 961 2109 1006 maculasset.
2137 957 2283 1002 Caesar
2307 970 2407 1002 vero
2429 964 2684 1014 responsum
2702 956 2847 1003 differ

1686 1047 1833 1078 secum
1871 1031 1924 1078 de
1961 1031 2148 1089 cognitis
2178 1031 2460 1082 deliberabat,
2501 1042 2555 1075 an
2590 1032 2774 1087 aliquem
2805 1019 2921 1095 reg'f

1686 1113 1981 1146 successorem
2021 1102 2226 1146 constitui
2264 1106 2497 1156 oporteret,
2543 1113 2598 1146 an
2638 1101 2717 1145 toti
2757 1098 2894 1148 tamti

1687 1173 1885 1218 distribui
1903 1174 2206 1230 principatum,
2224 1173 2460 1229 praesertim
2483 1184 2582 1217 cum
2602 1174 2767 1218 litteras
2785 1174 2915 1219 vari

1686 1318 1858 1364 Interim
1890 1332 2060 1377 quoque
2085 1325 2222 1362 mater
2251 1317 2448 1362 Archelai
2479 1325 2649 1362 mortua
2685 1319 2834 1362 nuntia
2871 1326 2921 1380 -a'f

1827 1394 1929 1437 Car.
1958 1391 2051 1437 XX.
2076 1391 2137 1435 De
2166 1401 2344 1444 quatuor
2370 1392 2532 1447 reqibus
2555 1392 2598 1434 in
2619 1389 2788 1436 Judaea.
2894 1380 2916 1388 ,.

1715 1467 1801 1524 (41)
1817 1465 1977 1514 Eodem·
1993 1477 2096 1509 sane
2109 1471 2193 1508 tem
2200 1477 2302 1521 pore
2313 1472 2496 1522 quatuor
2513 1477 2634 1521 reges
2646 1440 2924 1542 surrexeruss

1686 1541 1730 1585 iu
1747 1540 1909 1585 Judaea.
1938 1538 2043 1581 Nam
2070 1539 2113 1581 in
2130 1538 2312 1582 ldumaea
2341 1538 2429 1582 duo
2451 1537 2583 1580 millia
2605 1543 2875 1582 veteranoru
2901 1557 2921 1601 ,ψ

1686 1612 1758 1667 qui
1798 1611 1879 1655 sub
1920 1609 2090 1653 Herode
2128 1610 2435 1661 militaverant,
2473 1620 2617 1666 regem
2657 1619 2836 1654 crearer

1689 1682 1869 1740 Sephori
1893 1694 1995 1726 vero
2030 1680 2214 1724 Galilaeae
2236 1679 2390 1732 liidas.
2426 1679 2540 1725 tilius
2569 1680 2760 1724 Ezechiae
2790 1680 2876 1724 latr
2900 1671 2919 1697 '⁴

1687 1769 1788 1800 num
1812 1754 2021 1812 print-ipis
2045 1755 2098 1798 ab
2131 1752 2303 1798 Herode
2333 1753 2436 1798 olim
2459 1752 2570 1810 capti
2592 1785 2603 1804 ,
2628 1752 2823 1798 diadema

1687 1829 1907 1886 'troposuin
1933 1827 2074 1872 Trans
2112 1826 2270 1871 flumen
2306 1839 2476 1884 quoque
2509 1824 2658 1870 Simon
2681 1826 2854 1884 quidam
2889 1859 2921 1881 ·,

1689 1903 1825 1948 servis
1845 1901 2079 1959 regalibus,
2104 1901 2306 1944 vastitate
2327 1898 2525 1955 corporis
2549 1898 2684 1943 fretus
2707 1911 2732 1943 a
2753 1899 2836 1943 latr
2876 1891 2903 1935 ‚'

1687 1975 1770 2020 bus
1792 1987 1868 2019 rex
1884 1980 2056 2018 creatus
2077 1977 2158 2017 est.
2179 1971 2381 2016 Pasinres
2396 1983 2567 2028 quoque
2585 1970 2812 2029 queindam
2832 1985 2859 2030 p

1688 2048 1777 2093 eeri
1798 2048 2009 2104 corporis,
2037 2059 2134 2091 cum
2158 2054 2308 2103 pastor
2356 2051 2472 2091 esset
2515 2046 2558 2090 in
2603 2045 2760 2090 tinibus
2782 2044 2869 2090 tsra
2910 2060 2915 2097 j

1687 2131 1833 2176 regem
1865 2118 1949 2163 sibi
1973 2124 2230 2162 statuerant.
2272 2116 2336 2161 Ob
2359 2117 2450 2161 haec
2481 2116 2739 2160 insinuanda
2771 2115 2866 2162 Caes
2888 2155 2912 2165 „

1690 2191 1850 2234 missus
1868 2196 1935 2234 est
1952 2188 2132 2233 Romam
2155 2202 2179 2232 a
2197 2188 2311 2232 Varo
2330 2187 2572 2245 Philippus,
2597 2188 2765 2232 duabus
2787 2193 2873 2234 tam
2887 2207 2906 2238 ι,

1692 2262 1933 2307 incidenter
1954 2261 2008 2306 de
2029 2263 2191 2310 causis,
2219 2267 2282 2313 ut,
2306 2268 2349 2306 et
2370 2261 2582 2304 Archelao
2601 2261 2864 2312 subveniret,
2901 2310 2907 2317 ,

1693 2337 1728 2381 si
1757 2349 1935 2393 reguum
1971 2335 2153 2380 Herodis
2189 2335 2419 2391 nepotibus
2456 2333 2658 2379 distribui
2684 2334 2848 2391 placuis
2881 2352 2913 2389 a,

1691 2415 1855 2466 partem
1891 2409 2078 2464 aliquam
2110 2414 2362 2453 mereretur.
2397 2406 2569 2451 lverunt
2600 2408 2729 2451 etiam
2755 2419 2852 2451 cum
2890 2427 2897 2445 ;

1690 2470 2000 2540 quinuuaginta
2026 2483 2078 2526 ‹te
2110 2480 2271 2527 Judaets
2302 2480 2519 2531 honorati,
2554 2480 2628 2536 qui
2663 2485 2763 2523 octo
2798 2478 2907 2522 mil:

1690 2555 1952 2604 ludaeorum,
1993 2553 2139 2598 Romae
2177 2561 2281 2597 tune
2317 2552 2580 2609 degentium,
2607 2564 2753 2596 secum
2788 2557 2851 2594 tra

1691 2637 1793 2672 runt
1821 2628 1875 2671 ad
1897 2626 2128 2671 Caesarem.
2161 2626 2270 2670 Ante
2291 2626 2406 2669 enim
2430 2624 2719 2680 captivitatem
2744 2622 2871 2666 ssnaie
2915 2671 2916 2674 Ἴ

1691 2699 1714 2744 J
1720 2701 1843 2750 iudaei,
1861 2712 1936 2756 pet·
1948 2699 2218 2756 captivitates
2236 2697 2535 2754 particulares,
2555 2695 2714 2752 ubique
2730 2693 2876 2750 disper

1691 2779 1734 2818 et
1771 2772 2001 2817 venundati
2047 2770 2232 2815 fueraut.
2267 2768 2386 2823 Quos
2427 2774 2474 2812 ut
2505 2769 2673 2811 audii-et
2698 2765 2858 2815 Caesar.

1691 2846 1900 2902 palatium
1939 2844 2155 2901 Apollinis
2193 2844 2341 2899 templi
2386 2842 2496 2886 sedit
2538 2851 2636 2884 cum
2671 2839 2837 2883 amicis.
2869 2834 2902 2886 11

1691 2930 1793 2963 vero
1813 2917 2083 2974 tyrannidem
2106 2915 2305 2965 Herodis,
2327 2921 2370 2958 ct
2389 2913 2574 2958 tiliorum
2591 2912 2686 2968 eius
2705 2912 2747 2955 iu
2764 2906 2862 2956 Lul-v

1691 2990 1976 3047 explicantes,
2000 2987 2300 3044 supplicabant
2324 2984 2556 3035 Romanis,
2589 2989 2636 3028 ut
2655 2982 2814 3028 Judaeae
2834 2980 2895 3028 re!
2912 3038 2924 3044 ν

1692 3065 1818 3123 quias
1837 3062 2135 3109 misericordia
2153 3059 2555 3118 dignas-judicaret,
2576 3062 2620 3102 et
2642 3064 2716 3101 aut
2729 3058 2802 3112 jus
2823 3046 2924 3106 autfi

1692 3149 1824 3195 quum
1845 3136 1965 3194 retni
1986 3133 2070 3180 sibi
2092 3134 2279 3185 restitui,
2296 3142 2370 3177 aut
2388 3131 2524 3187 Syriae
2539 3130 2742 3187 conjungi
2761 3128 2863 3175 tinib

1695 3216 1770 3253 aut
1788 3221 1866 3266 per
1888 3207 2110 3252 Romanos
2127 3205 2301 3263 iudices
2320 3201 2514 3249 Judaeam
2536 3201 2850 3260 administrari.
2887 3208 2924 3260 nt„

1902 3280 2004 3326 Cu».
2033 3277 2143 3324 xxt.
2167 3276 2231 3324 De
2249 3275 2448 3322 simulato
2468 3274 2722 3321 Alexandro.
2885 3269 2924 3310 ἔθ’

1746 3351 1835 3412 (ts)
1862 3352 1922 3397 Eo
1936 3354 2066 3398 etiam
2087 3358 2282 3409 tempore
2302 3348 2477 3407 quidam
2500 3349 2674 3393 natione
2693 3346 2884 3411 iudeus-3

1696 3426 1972 3472 Sidoniorum
2019 3426 2175 3482 oppida
2221 3423 2431 3470 educatus
2451 3453 2464 3475 ‚
2512 3433 2642 3479 quam
2690 3420 2837 3466 sumtu

1693 3499 1940 3544 Alexandro
1964 3497 2146 3542 Herodis
2173 3497 2278 3548 tilio,
2313 3507 2458 3551 quem,
2491 3499 2536 3538 et
2563 3499 2685 3550 pater
2709 3488 2924 3544 intem*

1695 3579 1791 3622 rat.
1815 3573 1932 3618 venit
1975 3572 2018 3616 in
2054 3570 2244 3615 Judaeam
2280 3569 2489 3613 instinctu
2525 3566 2751 3622 cujusdam
2793 3565 2820 3609 Ι·
2919 3563 2924 3606 i

1695 3644 1893 3695 Herodis,
1919 3646 1992 3701 qui
2023 3657 2175 3689 omnes
2218 3648 2342 3687 actus
2379 3643 2521 3698 regios
2551 3639 2713 3696 optime
2750 3651 2796 3683 sc
2875 3687 2881 3690 ‚
2910 3682 2914 3691 ,

1695 3729 1897 3761 asserens
1920 3716 2002 3760 sibi
2025 3726 2203 3772 regnum
2227 3714 2396 3764 deberi,
2417 3720 2510 3756 tum
2534 3712 2634 3768 quia
2657 3710 2801 3766 major
2814 3707 2924 3770 ‚ttttun

1695 3785 1895 3837 Herodis,
1925 3792 2017 3829 tutu
2039 3786 2144 3841 quia
2166 3797 2218 3829 ex
2246 3789 2369 3841 parte
2396 3783 2549 3827 matris
2571 3794 2661 3827 suae
2691 3780 2924 3857 Marianum

1694 3872 1792 3903 eum
1810 3859 2098 3914 contingebat.
2112 3857 2305 3914 Cumque
2319 3854 2716 3914 plurchudaeorum
2727 3861 2924 3910 seutiam

1697 3931 1890 3981 haberet,
1918 3930 2098 3974 Romam
2128 3942 2298 3987 quoque
2333 3929 2552 3984 profectus
2582 3932 2663 3972 est.
2701 3925 2834 3982 Igitur
2857 3921 2924 3975 lu«

1696 4004 1774 4046 ‹laei
1799 4003 1948 4046 Romae
1988 4009 2092 4047 tunc
2128 4002 2334 4058 degentes
2364 4001 2531 4045 visendi
2561 4002 2656 4055 eius
2677 3997 2822 4046 studio
2845 3986 2924 4048 eb*

1696 4075 2000 4119 curuum-bant.
2024 4075 2366 4131 Sciscitatusque
2380 4074 2565 4130 qualiter
2581 4063 2756 4120 viveret,
2774 4068 2924 4123 aiem}-

1696 4149 1872 4191 lictores
1896 4148 2125 4192 miseratos
2154 4147 2353 4197 fratrum,
2378 4147 2488 4190 alios
2521 4145 2684 4189 similes
2711 4142 2776 4187 eis
2801 4134 2924 4186 nodi

1695 4219 1947 4274 subJ'ecisse.
1980 4219 2271 4264 Aristobolum
2294 4229 2465 4275 quoque
2486 4216 2662 4261 fratrem
2695 4213 2836 4259 adbuc
2865 4209 2924 4273 ψ

1755 4308 1844 4362 (Μ)
1871 4307 1932 4351 Ex
1954 4308 2126 4353 eodem.

1754 4363 1840 4419 (ΑΞ)
1875 4363 1931 4406 Ex
1963 4363 2131 4407 eodem.
