<?xml version="1.0" encoding="UTF-8"?>
<!DOCTYPE html PUBLIC "-//W3C//DTD XHTML 1.0 Transitional//EN"
    "http://www.w3.org/TR/xhtml1/DTD/xhtml1-transitional.dtd">
<html xmlns="http://www.w3.org/1999/xhtml" xml:lang="en" lang="en">
 <head>
  <title>
</title>
<meta http-equiv="Content-Type" content="text/html;charset=utf-8" />
  <meta name='ocr-system' content='tesseract 3.04.00' />
  <meta name='ocr-capabilities' content='ocr_page ocr_carea ocr_par ocr_line ocrx_word'/>
</head>
<body>
  <div class='ocr_page' id='page_1' title='image "./patrologiaecursu00hammuoft_0479.png"; bbox 0 0 2924 4588; ppageno 0'>
   <div class='ocr_carea' id='block_1_1' title="bbox 0 200 51 4588">
    <p class='ocr_par' dir='ltr' id='par_1_1' title="bbox 0 200 51 4588">
     <span class='ocr_line' id='line_1_1' title="bbox 0 200 51 4588; baseline 0 0"><span class='ocrx_word' id='word_1_1' title='bbox 0 200 51 4588; x_wconf 95' lang='lat' dir='ltr'> </span> 
     </span>
    </p>
   </div>
   <div class='ocr_carea' id='block_1_2' title="bbox 103 198 182 242">
    <p class='ocr_par' dir='ltr' id='par_1_2' title="bbox 103 198 182 242">
     <span class='ocr_line' id='line_1_2' title="bbox 103 198 182 242; baseline 0 0"><span class='ocrx_word' id='word_1_2' title='bbox 103 198 182 242; x_wconf 72' lang='lat' dir='ltr'>att</span> 
     </span>
    </p>
   </div>
   <div class='ocr_carea' id='block_1_3' title="bbox 61 285 1327 1783">
    <p class='ocr_par' dir='ltr' id='par_1_3' title="bbox 61 285 1327 1783">
     <span class='ocr_line' id='line_1_3' title="bbox 61 285 1236 343; baseline 0 -13"><span class='ocrx_word' id='word_1_3' title='bbox 61 303 63 305; x_wconf 61' lang='grc'>’</span> <span class='ocrx_word' id='word_1_4' title='bbox 99 289 188 331; x_wconf 82' lang='lat' dir='ltr'>Rex</span> <span class='ocrx_word' id='word_1_5' title='bbox 209 289 280 332; x_wconf 84' lang='lat' dir='ltr'>ubi</span> <span class='ocrx_word' id='word_1_6' title='bbox 304 288 517 343; x_wconf 80' lang='lat' dir='ltr'>laudatur,</span> <span class='ocrx_word' id='word_1_7' title='bbox 542 287 642 332; x_wconf 89' lang='lat' dir='ltr'>dum</span> <span class='ocrx_word' id='word_1_8' title='bbox 670 288 814 332; x_wconf 76' lang='lat' dir='ltr'>Caesar</span> <span class='ocrx_word' id='word_1_9' title='bbox 837 287 881 330; x_wconf 92' lang='lat' dir='ltr'>in</span> <span class='ocrx_word' id='word_1_10' title='bbox 904 285 1021 331; x_wconf 84' lang='lat' dir='ltr'>Urbe</span> <span class='ocrx_word' id='word_1_11' title='bbox 1042 295 1236 339; x_wconf 74' lang='lat' dir='ltr'>vocatur,</span> 
     </span>
     <span class='ocr_line' id='line_1_4' title="bbox 98 359 1140 416; baseline -0.004 -12"><span class='ocrx_word' id='word_1_12' title='bbox 98 360 276 404; x_wconf 83' lang='lat' dir='ltr'>Cantica</span> <span class='ocrx_word' id='word_1_13' title='bbox 297 360 493 412; x_wconf 86' lang='lat' dir='ltr'>miratur,</span> <span class='ocrx_word' id='word_1_14' title='bbox 518 359 675 415; x_wconf 83' lang='lat' dir='ltr'>quibus</span> <span class='ocrx_word' id='word_1_15' title='bbox 698 372 720 401; x_wconf 83' lang='lat' dir='ltr'>a</span> <span class='ocrx_word' id='word_1_16' title='bbox 746 359 903 416; x_wconf 87' lang='lat' dir='ltr'>populo</span> <span class='ocrx_word' id='word_1_17' title='bbox 922 359 1140 409; x_wconf 73' lang='lat' dir='ltr'><strong>reboatur,</strong></span> 
     </span>
     <span class='ocr_line' id='line_1_5' title="bbox 152 429 1098 486; baseline 0 -15"><span class='ocrx_word' id='word_1_18' title='bbox 152 429 322 484; x_wconf 82' lang='lat' dir='ltr'>lstaque</span> <span class='ocrx_word' id='word_1_19' title='bbox 342 430 610 486; x_wconf 84' lang='lat' dir='ltr'>principibus</span> <span class='ocrx_word' id='word_1_20' title='bbox 629 430 743 473; x_wconf 85' lang='lat' dir='ltr'>dicta</span> <span class='ocrx_word' id='word_1_21' title='bbox 767 429 928 473; x_wconf 75' lang='lat' dir='ltr'>referre</span> <span class='ocrx_word' id='word_1_22' title='bbox 947 429 1098 482; x_wconf 70' lang='lat' dir='ltr'>datur-3</span> 
     </span>
     <span class='ocr_line' id='line_1_6' title="bbox 97 501 1162 558; baseline -0.002 -14"><span class='ocrx_word' id='word_1_23' title='bbox 97 501 265 558; x_wconf 75' lang='lat' dir='ltr'>Imperii</span> <span class='ocrx_word' id='word_1_24' title='bbox 282 514 438 546; x_wconf 88' lang='lat' dir='ltr'>nomen</span> <span class='ocrx_word' id='word_1_25' title='bbox 461 501 534 558; x_wconf 86' lang='lat' dir='ltr'>qui</span> <span class='ocrx_word' id='word_1_26' title='bbox 558 502 649 545; x_wconf 82' lang='lat' dir='ltr'>vult</span> <span class='ocrx_word' id='word_1_27' title='bbox 672 502 773 544; x_wconf 79' lang='lat' dir='ltr'>mihi</span> <span class='ocrx_word' id='word_1_28' title='bbox 797 513 993 557; x_wconf 85' lang='lat' dir='ltr'>promere</span> <span class='ocrx_word' id='word_1_29' title='bbox 1010 501 1162 552; x_wconf 76' lang='lat' dir='ltr'>Roma,</span> 
     </span>
     <span class='ocr_line' id='line_1_7' title="bbox 95 573 1234 631; baseline 0.001 -15"><span class='ocrx_word' id='word_1_30' title='bbox 95 573 143 617; x_wconf 81' lang='lat' dir='ltr'>ln</span> <span class='ocrx_word' id='word_1_31' title='bbox 166 586 346 618; x_wconf 82' lang='lat' dir='ltr'>vacuum</span> <span class='ocrx_word' id='word_1_32' title='bbox 370 581 553 631; x_wconf 87' lang='lat' dir='ltr'>promet,</span> <span class='ocrx_word' id='word_1_33' title='bbox 579 574 664 618; x_wconf 82' lang='lat' dir='ltr'>nisi</span> <span class='ocrx_word' id='word_1_34' title='bbox 690 575 862 618; x_wconf 87' lang='lat' dir='ltr'>nomine</span> <span class='ocrx_word' id='word_1_35' title='bbox 882 573 1076 619; x_wconf 79' lang='lat' dir='ltr'>conserat</span> <span class='ocrx_word' id='word_1_36' title='bbox 1094 585 1234 617; x_wconf 88' lang='lat' dir='ltr'>omen.</span> 
     </span>
     <span class='ocr_line' id='line_1_8' title="bbox 148 644 1052 702; baseline 0.002 -14"><span class='ocrx_word' id='word_1_37' title='bbox 148 644 217 693; x_wconf 65' lang='lat' dir='ltr'>‚nul</span> <span class='ocrx_word' id='word_1_38' title='bbox 242 645 382 701; x_wconf 79' lang='lat' dir='ltr'>agitur</span> <span class='ocrx_word' id='word_1_39' title='bbox 407 658 487 702; x_wconf 85' lang='lat' dir='ltr'>pro</span> <span class='ocrx_word' id='word_1_40' title='bbox 512 657 597 697; x_wconf 86' lang='lat' dir='ltr'>me,</span> <span class='ocrx_word' id='word_1_41' title='bbox 614 646 658 689; x_wconf 85' lang='lat' dir='ltr'>ni</span> <span class='ocrx_word' id='word_1_42' title='bbox 678 646 859 689; x_wconf 82' lang='lat' dir='ltr'>valitura</span> <span class='ocrx_word' id='word_1_43' title='bbox 882 652 1052 698; x_wconf 85' lang='lat' dir='ltr'>sonent.</span> 
     </span>
     <span class='ocr_line' id='line_1_9' title="bbox 93 716 1192 774; baseline 0 -14"><span class='ocrx_word' id='word_1_44' title='bbox 93 717 312 762; x_wconf 81' lang='lat' dir='ltr'><strong>Laudibus</strong></span> <span class='ocrx_word' id='word_1_45' title='bbox 333 718 501 774; x_wconf 82' lang='lat' dir='ltr'>imperii</span> <span class='ocrx_word' id='word_1_46' title='bbox 525 723 692 761; x_wconf 85' lang='lat' dir='ltr'>tantum</span> <span class='ocrx_word' id='word_1_47' title='bbox 718 716 866 772; x_wconf 87' lang='lat' dir='ltr'>nequit</span> <span class='ocrx_word' id='word_1_48' title='bbox 891 718 1008 761; x_wconf 88' lang='lat' dir='ltr'>orbis</span> <span class='ocrx_word' id='word_1_49' title='bbox 1030 716 1192 762; x_wconf 77' lang='lat' dir='ltr'>haberi.</span> 
     </span>
     <span class='ocr_line' id='line_1_10' title="bbox 92 789 1135 845; baseline 0.001 -14"><span class='ocrx_word' id='word_1_50' title='bbox 92 789 298 832; x_wconf 73' lang='lat' dir='ltr'>Effectum</span> <span class='ocrx_word' id='word_1_51' title='bbox 323 801 419 832; x_wconf 84' lang='lat' dir='ltr'>cum</span> <span class='ocrx_word' id='word_1_52' title='bbox 442 789 568 833; x_wconf 84' lang='lat' dir='ltr'>laude</span> <span class='ocrx_word' id='word_1_53' title='bbox 585 789 680 845; x_wconf 80' lang='lat' dir='ltr'>geri</span> <span class='ocrx_word' id='word_1_54' title='bbox 702 789 942 844; x_wconf 78' lang='lat' dir='ltr'>respublica</span> <span class='ocrx_word' id='word_1_55' title='bbox 963 790 1135 845; x_wconf 71' lang='lat' dir='ltr'>quaerit,</span> 
     </span>
     <span class='ocr_line' id='line_1_11' title="bbox 147 859 1008 916; baseline -0.001 -13"><span class='ocrx_word' id='word_1_56' title='bbox 147 861 193 903; x_wconf 85' lang='lat' dir='ltr'>Si</span> <span class='ocrx_word' id='word_1_57' title='bbox 218 861 312 904; x_wconf 88' lang='lat' dir='ltr'>laus</span> <span class='ocrx_word' id='word_1_58' title='bbox 334 872 445 903; x_wconf 83' lang='lat' dir='ltr'>vana</span> <span class='ocrx_word' id='word_1_59' title='bbox 469 861 594 916; x_wconf 85' lang='lat' dir='ltr'>perit,</span> <span class='ocrx_word' id='word_1_60' title='bbox 613 859 750 916; x_wconf 84' lang='lat' dir='ltr'>gloria</span> <span class='ocrx_word' id='word_1_61' title='bbox 774 860 888 904; x_wconf 88' lang='lat' dir='ltr'>risus</span> <span class='ocrx_word' id='word_1_62' title='bbox 909 860 1008 904; x_wconf 84' lang='lat' dir='ltr'>erit.</span> 
     </span>
     <span class='ocr_line' id='line_1_12' title="bbox 89 932 1151 989; baseline 0.001 -14"><span class='ocrx_word' id='word_1_63' title='bbox 89 932 168 977; x_wconf 77' lang='lat' dir='ltr'>Ast</span> <span class='ocrx_word' id='word_1_64' title='bbox 191 933 290 989; x_wconf 81' lang='lat' dir='ltr'>quia</span> <span class='ocrx_word' id='word_1_65' title='bbox 312 933 568 989; x_wconf 81' lang='lat' dir='ltr'>complacuit</span> <span class='ocrx_word' id='word_1_66' title='bbox 587 933 744 988; x_wconf 88' lang='lat' dir='ltr'>populo</span> <span class='ocrx_word' id='word_1_67' title='bbox 767 945 835 977; x_wconf 89' lang='lat' dir='ltr'>me</span> <span class='ocrx_word' id='word_1_68' title='bbox 858 932 983 976; x_wconf 90' lang='lat' dir='ltr'>laude</span> <span class='ocrx_word' id='word_1_69' title='bbox 1002 933 1151 985; x_wconf 82' lang='lat' dir='ltr'>levari,</span> 
     </span>
     <span class='ocr_line' id='line_1_13' title="bbox 87 1002 1090 1060; baseline -0.001 -13"><span class='ocrx_word' id='word_1_70' title='bbox 87 1002 289 1060; x_wconf 76' lang='lat' dir='ltr'>Papaque</span> <span class='ocrx_word' id='word_1_71' title='bbox 309 1003 504 1048; x_wconf 61' lang='lat' dir='ltr'>Caesarea</span> <span class='ocrx_word' id='word_1_72' title='bbox 527 1004 664 1048; x_wconf 84' lang='lat' dir='ltr'>voluit</span> <span class='ocrx_word' id='word_1_73' title='bbox 686 1015 753 1047; x_wconf 89' lang='lat' dir='ltr'>me</span> <span class='ocrx_word' id='word_1_74' title='bbox 773 1005 890 1047; x_wconf 84' lang='lat' dir='ltr'>sorte</span> <span class='ocrx_word' id='word_1_75' title='bbox 909 1006 1090 1056; x_wconf 86' lang='lat' dir='ltr'>sacrari,</span> 
     </span>
     <span class='ocr_line' id='line_1_14' title="bbox 141 1074 1014 1131; baseline 0 -14"><span class='ocrx_word' id='word_1_76' title='bbox 141 1075 202 1119; x_wconf 87' lang='lat' dir='ltr'>Ne</span> <span class='ocrx_word' id='word_1_77' title='bbox 224 1076 376 1119; x_wconf 79' lang='lat' dir='ltr'>videar·</span> <span class='ocrx_word' id='word_1_78' title='bbox 389 1076 584 1130; x_wconf 79' lang='lat' dir='ltr'>pavidus,</span> <span class='ocrx_word' id='word_1_79' title='bbox 607 1074 911 1131; x_wconf 73' lang='lat' dir='ltr'><strong>suscipiamus,</strong></span> <span class='ocrx_word' id='word_1_80' title='bbox 938 1075 1014 1126; x_wconf 89' lang='lat' dir='ltr'>ait,</span> 
     </span>
     <span class='ocr_line' id='line_1_15' title="bbox 86 1146 1327 1203; baseline 0.002 -13"><span class='ocrx_word' id='word_1_81' title='bbox 86 1147 209 1201; x_wconf 81' lang='lat' dir='ltr'>Quod</span> <span class='ocrx_word' id='word_1_82' title='bbox 240 1161 323 1191; x_wconf 89' lang='lat' dir='ltr'>non</span> <span class='ocrx_word' id='word_1_83' title='bbox 352 1146 486 1191; x_wconf 84' lang='lat' dir='ltr'>Roma</span> <span class='ocrx_word' id='word_1_84' title='bbox 509 1153 640 1199; x_wconf 88' lang='lat' dir='ltr'>tenet,</span> <span class='ocrx_word' id='word_1_85' title='bbox 662 1147 802 1203; x_wconf 83' lang='lat' dir='ltr'>gladio</span> <span class='ocrx_word' id='word_1_86' title='bbox 830 1159 922 1190; x_wconf 86' lang='lat' dir='ltr'>mea</span> <span class='ocrx_word' id='word_1_87' title='bbox 957 1148 1106 1191; x_wconf 80' lang='lat' dir='ltr'>dextra</span> <span class='ocrx_word' id='word_1_88' title='bbox 1138 1149 1327 1203; x_wconf 74' lang='lat' dir='ltr'><strong>requiret</strong></span> 
     </span>
     <span class='ocr_line' id='line_1_16' title="bbox 85 1219 1217 1277; baseline 0 -12"><span class='ocrx_word' id='word_1_89' title='bbox 85 1220 195 1276; x_wconf 86' lang='lat' dir='ltr'>Opto</span> <span class='ocrx_word' id='word_1_90' title='bbox 219 1233 349 1277; x_wconf 86' lang='lat' dir='ltr'>super</span> <span class='ocrx_word' id='word_1_91' title='bbox 371 1219 539 1264; x_wconf 81' lang='lat' dir='ltr'>Danaos</span> <span class='ocrx_word' id='word_1_92' title='bbox 558 1232 783 1276; x_wconf 82' lang='lat' dir='ltr'>procerum</span> <span class='ocrx_word' id='word_1_93' title='bbox 800 1220 1062 1275; x_wconf 74' lang='lat' dir='ltr'>praetendere</span> <span class='ocrx_word' id='word_1_94' title='bbox 1087 1222 1217 1271; x_wconf 81' lang='lat' dir='ltr'>vires,</span> 
     </span>
     <span class='ocr_line' id='line_1_17' title="bbox 141 1291 1053 1348; baseline 0 -12"><span class='ocrx_word' id='word_1_95' title='bbox 141 1293 270 1337; x_wconf 81' lang='lat' dir='ltr'>Urbis</span> <span class='ocrx_word' id='word_1_96' title='bbox 291 1299 333 1339; x_wconf 79' lang='lat' dir='ltr'>et</span> <span class='ocrx_word' id='word_1_97' title='bbox 355 1292 472 1337; x_wconf 80' lang='lat' dir='ltr'>orbis</span> <span class='ocrx_word' id='word_1_98' title='bbox 495 1305 596 1348; x_wconf 82' lang='lat' dir='ltr'>opes</span> <span class='ocrx_word' id='word_1_99' title='bbox 623 1292 816 1335; x_wconf 78' lang='lat' dir='ltr'>conserat</span> <span class='ocrx_word' id='word_1_100' title='bbox 839 1293 922 1335; x_wconf 78' lang='lat' dir='ltr'>ista</span> <span class='ocrx_word' id='word_1_101' title='bbox 946 1291 1053 1336; x_wconf 83' lang='lat' dir='ltr'>dies.</span> 
     </span>
     <span class='ocr_line' id='line_1_18' title="bbox 83 1363 1049 1421; baseline -0.001 -13"><span class='ocrx_word' id='word_1_102' title='bbox 83 1365 256 1421; x_wconf 82' lang='lat' dir='ltr'>Imperii</span> <span class='ocrx_word' id='word_1_103' title='bbox 277 1377 434 1409; x_wconf 84' lang='lat' dir='ltr'>nomen</span> <span class='ocrx_word' id='word_1_104' title='bbox 455 1377 543 1409; x_wconf 89' lang='lat' dir='ltr'>non</span> <span class='ocrx_word' id='word_1_105' title='bbox 567 1377 699 1408; x_wconf 87' lang='lat' dir='ltr'>renuo</span> <span class='ocrx_word' id='word_1_106' title='bbox 722 1365 869 1408; x_wconf 88' lang='lat' dir='ltr'>tollere</span> <span class='ocrx_word' id='word_1_107' title='bbox 887 1363 1049 1414; x_wconf 82' lang='lat' dir='ltr'>Romae,</span> 
     </span>
     <span class='ocr_line' id='line_1_19' title="bbox 82 1429 1173 1493; baseline 0.001 -13"><span class='ocrx_word' id='word_1_108' title='bbox 82 1435 273 1492; x_wconf 81' lang='lat' dir='ltr'><strong>Namque</strong></span> <span class='ocrx_word' id='word_1_109' title='bbox 297 1449 425 1493; x_wconf 87' lang='lat' dir='ltr'>super</span> <span class='ocrx_word' id='word_1_110' title='bbox 441 1436 608 1480; x_wconf 87' lang='lat' dir='ltr'>Danaos</span> <span class='ocrx_word' id='word_1_111' title='bbox 632 1436 851 1492; x_wconf 79' lang='lat' dir='ltr'>capiemus</span> <span class='ocrx_word' id='word_1_112' title='bbox 868 1429 965 1491; x_wconf 79' lang='lat' dir='ltr'>ju&#39;ra</span> <span class='ocrx_word' id='word_1_113' title='bbox 986 1446 1173 1489; x_wconf 68' lang='lat' dir='ltr'>cerame,</span> 
     </span>
     <span class='ocr_line' id='line_1_20' title="bbox 139 1509 1015 1553; baseline 0 -2"><span class='ocrx_word' id='word_1_114' title='bbox 139 1509 307 1553; x_wconf 79' lang='lat' dir='ltr'>Tollere</span> <span class='ocrx_word' id='word_1_115' title='bbox 330 1509 392 1553; x_wconf 89' lang='lat' dir='ltr'>sic</span> <span class='ocrx_word' id='word_1_116' title='bbox 416 1521 572 1553; x_wconf 88' lang='lat' dir='ltr'>nomen</span> <span class='ocrx_word' id='word_1_117' title='bbox 594 1509 713 1551; x_wconf 84' lang='lat' dir='ltr'>curia</span> <span class='ocrx_word' id='word_1_118' title='bbox 737 1514 826 1551; x_wconf 78' lang='lat' dir='ltr'>tota</span> <span class='ocrx_word' id='word_1_119' title='bbox 857 1513 1015 1552; x_wconf 87' lang='lat' dir='ltr'>monet.</span> 
     </span>
     <span class='ocr_line' id='line_1_21' title="bbox 79 1580 1099 1637; baseline -0.002 -11"><span class='ocrx_word' id='word_1_120' title='bbox 79 1583 262 1627; x_wconf 85' lang='lat' dir='ltr'>Carolus</span> <span class='ocrx_word' id='word_1_121' title='bbox 286 1581 454 1637; x_wconf 87' lang='lat' dir='ltr'>imperii</span> <span class='ocrx_word' id='word_1_122' title='bbox 474 1581 662 1637; x_wconf 76' lang='lat' dir='ltr'><strong>suscepit</strong></span> <span class='ocrx_word' id='word_1_123' title='bbox 685 1580 729 1624; x_wconf 85' lang='lat' dir='ltr'>in</span> <span class='ocrx_word' id='word_1_124' title='bbox 752 1581 857 1626; x_wconf 84' lang='lat' dir='ltr'>urbe</span> <span class='ocrx_word' id='word_1_125' title='bbox 878 1593 1099 1632; x_wconf 86' lang='lat' dir='ltr'>coronam,</span> 
     </span>
     <span class='ocr_line' id='line_1_22' title="bbox 80 1652 1165 1710; baseline -0.001 -12"><span class='ocrx_word' id='word_1_126' title='bbox 80 1652 215 1709; x_wconf 73' lang='lat' dir='ltr'>Cuius</span> <span class='ocrx_word' id='word_1_127' title='bbox 241 1661 283 1698; x_wconf 83' lang='lat' dir='ltr'>et</span> <span class='ocrx_word' id='word_1_128' title='bbox 305 1655 476 1699; x_wconf 81' lang='lat' dir='ltr'>auxiliis</span> <span class='ocrx_word' id='word_1_129' title='bbox 498 1661 668 1710; x_wconf 84' lang='lat' dir='ltr'>reparat</span> <span class='ocrx_word' id='word_1_130' title='bbox 683 1665 772 1698; x_wconf 81' lang='lat' dir='ltr'>sua</span> <span class='ocrx_word' id='word_1_131' title='bbox 797 1659 988 1710; x_wconf 84' lang='lat' dir='ltr'>tempora</span> <span class='ocrx_word' id='word_1_132' title='bbox 1011 1652 1165 1706; x_wconf 81' lang='lat' dir='ltr'>Roma,</span> 
     </span>
     <span class='ocr_line' id='line_1_23' title="bbox 136 1726 1059 1783; baseline 0 -13"><span class='ocrx_word' id='word_1_133' title='bbox 136 1726 257 1770; x_wconf 86' lang='lat' dir='ltr'>Sicut</span> <span class='ocrx_word' id='word_1_134' title='bbox 281 1732 321 1771; x_wconf 85' lang='lat' dir='ltr'>et</span> <span class='ocrx_word' id='word_1_135' title='bbox 344 1726 386 1770; x_wconf 87' lang='lat' dir='ltr'>in</span> <span class='ocrx_word' id='word_1_136' title='bbox 409 1727 542 1771; x_wconf 83' lang='lat' dir='ltr'>titulis</span> <span class='ocrx_word' id='word_1_137' title='bbox 557 1727 711 1783; x_wconf 82' lang='lat' dir='ltr'>pagina</span> <span class='ocrx_word' id='word_1_138' title='bbox 731 1732 879 1771; x_wconf 87' lang='lat' dir='ltr'>nostra</span> <span class='ocrx_word' id='word_1_139' title='bbox 901 1733 1059 1772; x_wconf 63' lang='lat' dir='ltr'>sonat.&gt;</span> 
     </span>
    </p>
   </div>
   <div class='ocr_carea' id='block_1_4' title="bbox 4 1814 1316 1872">
    <p class='ocr_par' dir='ltr' id='par_1_4' title="bbox 4 1814 1316 1872">
     <span class='ocr_line' id='line_1_24' title="bbox 4 1814 1316 1872; baseline 0.001 -13"><span class='ocrx_word' id='word_1_140' title='bbox 4 1838 8 1848; x_wconf 71' lang='grc'><strong>»</strong></span> <span class='ocrx_word' id='word_1_141' title='bbox 80 1814 257 1859; x_wconf 78' lang='lat' dir='ltr'><strong><em>Carolus</em></strong></span> <span class='ocrx_word' id='word_1_142' title='bbox 277 1814 416 1858; x_wconf 75' lang='lat' dir='ltr'>Roma:</span> <span class='ocrx_word' id='word_1_143' title='bbox 438 1823 660 1859; x_wconf 75' lang='lat' dir='ltr'>coronatus</span> <span class='ocrx_word' id='word_1_144' title='bbox 675 1847 685 1865; x_wconf 84' lang='lat'>,</span> <span class='ocrx_word' id='word_1_145' title='bbox 709 1816 860 1872; x_wconf 77' lang='lat' dir='ltr'>coqitat</span> <span class='ocrx_word' id='word_1_146' title='bbox 885 1815 1075 1860; x_wconf 75' lang='lat' dir='ltr'>invadere</span> <span class='ocrx_word' id='word_1_147' title='bbox 1095 1817 1316 1872; x_wconf 77' lang='lat' dir='ltr'>imperium</span> 
     </span>
    </p>
   </div>
   <div class='ocr_carea' id='block_1_5' title="bbox 66 1871 1310 3447">
    <p class='ocr_par' dir='ltr' id='par_1_5' title="bbox 66 1871 1310 3447">
     <span class='ocr_line' id='line_1_25' title="bbox 562 1871 817 1915; baseline 0 -1"><span class='ocrx_word' id='word_1_148' title='bbox 562 1871 817 1915; x_wconf 79' lang='lat' dir='ltr'>Groecorum.</span> 
     </span>
     <span class='ocr_line' id='line_1_26' title="bbox 78 1941 1078 1998; baseline -0.001 -12"><span class='ocrx_word' id='word_1_149' title='bbox 78 1941 258 1986; x_wconf 78' lang='lat' dir='ltr'>Carolus</span> <span class='ocrx_word' id='word_1_150' title='bbox 275 1947 321 1985; x_wconf 86' lang='lat' dir='ltr'>ut</span> <span class='ocrx_word' id='word_1_151' title='bbox 339 1941 456 1998; x_wconf 76' lang='lat' dir='ltr'>iungi</span> <span class='ocrx_word' id='word_1_152' title='bbox 475 1942 624 1987; x_wconf 74' lang='lat' dir='ltr'>statuit</span> <span class='ocrx_word' id='word_1_153' title='bbox 646 1943 885 1986; x_wconf 79' lang='lat' dir='ltr'>diademate</span> <span class='ocrx_word' id='word_1_154' title='bbox 913 1943 1078 1994; x_wconf 86' lang='lat' dir='ltr'>mundi,</span> 
     </span>
     <span class='ocr_line' id='line_1_27' title="bbox 76 2012 1094 2071; baseline 0.001 -14"><span class='ocrx_word' id='word_1_155' title='bbox 76 2012 294 2059; x_wconf 81' lang='lat' dir='ltr'>Pontificis</span> <span class='ocrx_word' id='word_1_156' title='bbox 317 2015 695 2058; x_wconf 68' lang='lat' dir='ltr'>summi‘manibus</span> <span class='ocrx_word' id='word_1_157' title='bbox 716 2014 906 2061; x_wconf 86' lang='lat' dir='ltr'>decrevit</span> <span class='ocrx_word' id='word_1_158' title='bbox 927 2015 1094 2071; x_wconf 84' lang='lat' dir='ltr'>inungi,</span> 
     </span>
     <span class='ocr_line' id='line_1_28' title="bbox 132 2085 1061 2141; baseline -0.001 -12"><span class='ocrx_word' id='word_1_159' title='bbox 132 2085 339 2129; x_wconf 60' lang='lat' dir='ltr'>Caesareis</span> <span class='ocrx_word' id='word_1_160' title='bbox 361 2085 528 2141; x_wconf 85' lang='lat' dir='ltr'>Aquilis</span> <span class='ocrx_word' id='word_1_161' title='bbox 552 2097 708 2128; x_wconf 87' lang='lat' dir='ltr'>nomen</span> <span class='ocrx_word' id='word_1_162' title='bbox 734 2097 929 2140; x_wconf 87' lang='lat' dir='ltr'>onusque</span> <span class='ocrx_word' id='word_1_163' title='bbox 948 2087 1061 2128; x_wconf 77' lang='lat' dir='ltr'>tunt.</span> 
     </span>
     <span class='ocr_line' id='line_1_29' title="bbox 74 2157 1118 2214; baseline -0.002 -12"><span class='ocrx_word' id='word_1_164' title='bbox 74 2158 227 2202; x_wconf 85' lang='lat' dir='ltr'>Clerus</span> <span class='ocrx_word' id='word_1_165' title='bbox 248 2157 287 2202; x_wconf 90' lang='lat' dir='ltr'>ei</span> <span class='ocrx_word' id='word_1_166' title='bbox 312 2158 483 2210; x_wconf 78' lang='lat' dir='ltr'>cecinit,</span> <span class='ocrx_word' id='word_1_167' title='bbox 509 2159 693 2214; x_wconf 86' lang='lat' dir='ltr'>populus</span> <span class='ocrx_word' id='word_1_168' title='bbox 715 2169 794 2201; x_wconf 88' lang='lat' dir='ltr'>sua</span> <span class='ocrx_word' id='word_1_169' title='bbox 811 2158 909 2213; x_wconf 79' lang='lat' dir='ltr'>Jura</span> <span class='ocrx_word' id='word_1_170' title='bbox 932 2157 1118 2213; x_wconf 78' lang='lat' dir='ltr'>subegit,</span> 
     </span>
     <span class='ocr_line' id='line_1_30' title="bbox 75 2230 1216 2288; baseline 0 -14"><span class='ocrx_word' id='word_1_171' title='bbox 75 2230 161 2274; x_wconf 84' lang='lat' dir='ltr'>Nec</span> <span class='ocrx_word' id='word_1_172' title='bbox 183 2236 326 2275; x_wconf 82' lang='lat' dir='ltr'>tamen</span> <span class='ocrx_word' id='word_1_173' title='bbox 352 2231 517 2285; x_wconf 84' lang='lat' dir='ltr'>imperii</span> <span class='ocrx_word' id='word_1_174' title='bbox 538 2237 640 2273; x_wconf 88' lang='lat' dir='ltr'>tune</span> <span class='ocrx_word' id='word_1_175' title='bbox 662 2230 834 2285; x_wconf 82' lang='lat' dir='ltr'>plenum</span> <span class='ocrx_word' id='word_1_176' title='bbox 865 2230 1035 2276; x_wconf 81' lang='lat' dir='ltr'>culmen</span> <span class='ocrx_word' id='word_1_177' title='bbox 1057 2230 1216 2288; x_wconf 76' lang='lat' dir='ltr'>adegit,</span> 
     </span>
     <span class='ocr_line' id='line_1_31' title="bbox 130 2302 1062 2358; baseline 0.001 -13"><span class='ocrx_word' id='word_1_178' title='bbox 130 2303 236 2346; x_wconf 83' lang='lat' dir='ltr'>Nam</span> <span class='ocrx_word' id='word_1_179' title='bbox 254 2302 339 2348; x_wconf 88' lang='lat' dir='ltr'>Leo</span> <span class='ocrx_word' id='word_1_180' title='bbox 363 2302 607 2346; x_wconf 58' lang='lat' dir='ltr'>Graecorum</span> <span class='ocrx_word' id='word_1_181' title='bbox 629 2315 702 2346; x_wconf 78' lang='lat' dir='ltr'>rex</span> <span class='ocrx_word' id='word_1_182' title='bbox 724 2303 920 2346; x_wconf 77' lang='lat' dir='ltr'>diadema</span> <span class='ocrx_word' id='word_1_183' title='bbox 936 2303 1062 2358; x_wconf 82' lang='lat' dir='ltr'>regit.</span> 
     </span>
     <span class='ocr_line' id='line_1_32' title="bbox 73 2372 1186 2431; baseline 0 -13"><span class='ocrx_word' id='word_1_184' title='bbox 73 2373 266 2431; x_wconf 86' lang='lat' dir='ltr'>Cumque</span> <span class='ocrx_word' id='word_1_185' title='bbox 288 2372 396 2418; x_wconf 79' lang='lat' dir='ltr'>foret</span> <span class='ocrx_word' id='word_1_186' title='bbox 421 2375 562 2430; x_wconf 71' lang='lat' dir='ltr'>magni</span> <span class='ocrx_word' id='word_1_187' title='bbox 584 2375 762 2420; x_wconf 77' lang='lat' dir='ltr'>terroris</span> <span class='ocrx_word' id='word_1_188' title='bbox 784 2373 897 2417; x_wconf 77' lang='lat' dir='ltr'>fama</span> <span class='ocrx_word' id='word_1_189' title='bbox 918 2386 995 2429; x_wconf 83' lang='lat' dir='ltr'>per</span> <span class='ocrx_word' id='word_1_190' title='bbox 1021 2375 1186 2426; x_wconf 78' lang='lat' dir='ltr'>orbem,</span> 
     </span>
     <span class='ocr_line' id='line_1_33' title="bbox 74 2446 1186 2503; baseline 0.002 -14"><span class='ocrx_word' id='word_1_191' title='bbox 74 2446 196 2499; x_wconf 83' lang='lat' dir='ltr'>Quod</span> <span class='ocrx_word' id='word_1_192' title='bbox 215 2453 343 2503; x_wconf 84' lang='lat' dir='ltr'>caput</span> <span class='ocrx_word' id='word_1_193' title='bbox 361 2446 491 2490; x_wconf 81' lang='lat' dir='ltr'>ltaliae</span> <span class='ocrx_word' id='word_1_194' title='bbox 507 2446 595 2502; x_wconf 82' lang='lat' dir='ltr'>jam</span> <span class='ocrx_word' id='word_1_195' title='bbox 619 2447 800 2491; x_wconf 80' lang='lat' dir='ltr'>Carolus</span> <span class='ocrx_word' id='word_1_196' title='bbox 823 2447 988 2491; x_wconf 82' lang='lat' dir='ltr'>obtinet</span> <span class='ocrx_word' id='word_1_197' title='bbox 1014 2447 1186 2499; x_wconf 83' lang='lat' dir='ltr'>Urbem,</span> 
     </span>
     <span class='ocr_line' id='line_1_34' title="bbox 129 2518 1158 2574; baseline 0.001 -12"><span class='ocrx_word' id='word_1_198' title='bbox 129 2518 296 2572; x_wconf 78' lang='lat' dir='ltr'>Gliscit,</span> <span class='ocrx_word' id='word_1_199' title='bbox 322 2525 366 2562; x_wconf 85' lang='lat' dir='ltr'>ut</span> <span class='ocrx_word' id='word_1_200' title='bbox 389 2526 430 2563; x_wconf 86' lang='lat' dir='ltr'>et</span> <span class='ocrx_word' id='word_1_201' title='bbox 452 2519 630 2561; x_wconf 77' lang='lat' dir='ltr'>Romam</span> <span class='ocrx_word' id='word_1_202' title='bbox 653 2520 788 2574; x_wconf 69' lang='lat' dir='ltr'>possit</span> <span class='ocrx_word' id='word_1_203' title='bbox 811 2519 966 2563; x_wconf 85' lang='lat' dir='ltr'>habere</span> <span class='ocrx_word' id='word_1_204' title='bbox 987 2533 1158 2563; x_wconf 86' lang='lat' dir='ltr'>novam.</span> 
     </span>
     <span class='ocr_line' id='line_1_35' title="bbox 73 2589 1148 2647; baseline 0.002 -14"><span class='ocrx_word' id='word_1_205' title='bbox 73 2589 166 2634; x_wconf 83' lang='lat' dir='ltr'>Non</span> <span class='ocrx_word' id='word_1_206' title='bbox 189 2592 294 2635; x_wconf 86' lang='lat' dir='ltr'>satis</span> <span class='ocrx_word' id='word_1_207' title='bbox 315 2598 381 2636; x_wconf 88' lang='lat' dir='ltr'>est</span> <span class='ocrx_word' id='word_1_208' title='bbox 399 2605 540 2647; x_wconf 68' lang='lat' dir='ltr'>regem</span> <span class='ocrx_word' id='word_1_209' title='bbox 556 2591 703 2635; x_wconf 80' lang='lat' dir='ltr'>Ro&#39;mae</span> <span class='ocrx_word' id='word_1_210' title='bbox 721 2596 918 2646; x_wconf 82' lang='lat' dir='ltr'>captasse</span> <span class='ocrx_word' id='word_1_211' title='bbox 942 2592 1148 2644; x_wconf 77' lang='lat' dir='ltr'>savorem,</span> 
     </span>
     <span class='ocr_line' id='line_1_36' title="bbox 73 2660 1087 2718; baseline 0.005 -14"><span class='ocrx_word' id='word_1_212' title='bbox 73 2660 160 2706; x_wconf 91' lang='lat' dir='ltr'>Ncc</span> <span class='ocrx_word' id='word_1_213' title='bbox 176 2669 296 2718; x_wconf 87' lang='lat' dir='ltr'>putat</span> <span class='ocrx_word' id='word_1_214' title='bbox 318 2663 540 2718; x_wconf 84' lang='lat' dir='ltr'>imperium</span> <span class='ocrx_word' id='word_1_215' title='bbox 566 2664 692 2718; x_wconf 88' lang='lat' dir='ltr'>pleno</span> <span class='ocrx_word' id='word_1_216' title='bbox 709 2663 893 2707; x_wconf 84' lang='lat' dir='ltr'>retinere</span> <span class='ocrx_word' id='word_1_217' title='bbox 917 2663 1087 2716; x_wconf 77' lang='lat' dir='ltr'>decore,</span> 
     </span>
     <span class='ocr_line' id='line_1_37' title="bbox 131 2735 1127 2793; baseline 0.001 -14"><span class='ocrx_word' id='word_1_218' title='bbox 131 2735 252 2780; x_wconf 85' lang='lat' dir='ltr'>Unde</span> <span class='ocrx_word' id='word_1_219' title='bbox 275 2749 402 2792; x_wconf 83' lang='lat' dir='ltr'>super</span> <span class='ocrx_word' id='word_1_220' title='bbox 425 2735 595 2781; x_wconf 87' lang='lat' dir='ltr'>Danaos</span> <span class='ocrx_word' id='word_1_221' title='bbox 613 2737 810 2793; x_wconf 82' lang='lat' dir='ltr'>protinus</span> <span class='ocrx_word' id='word_1_222' title='bbox 829 2749 947 2780; x_wconf 84' lang='lat' dir='ltr'>arma</span> <span class='ocrx_word' id='word_1_223' title='bbox 972 2744 1127 2782; x_wconf 80' lang='lat' dir='ltr'>movet.</span> 
     </span>
     <span class='ocr_line' id='line_1_38' title="bbox 76 2808 1120 2866; baseline 0.003 -15"><span class='ocrx_word' id='word_1_224' title='bbox 76 2808 226 2865; x_wconf 66' lang='lat' dir='ltr'>Migrat</span> <span class='ocrx_word' id='word_1_225' title='bbox 247 2809 289 2852; x_wconf 89' lang='lat' dir='ltr'>in</span> <span class='ocrx_word' id='word_1_226' title='bbox 308 2809 556 2861; x_wconf 73' lang='lat' dir='ltr'>Ausoniam,</span> <span class='ocrx_word' id='word_1_227' title='bbox 584 2810 709 2865; x_wconf 91' lang='lat' dir='ltr'>pleno</span> <span class='ocrx_word' id='word_1_228' title='bbox 731 2811 837 2865; x_wconf 84' lang='lat' dir='ltr'>petit</span> <span class='ocrx_word' id='word_1_229' title='bbox 860 2812 942 2854; x_wconf 89' lang='lat' dir='ltr'>ista</span> <span class='ocrx_word' id='word_1_230' title='bbox 963 2810 1120 2866; x_wconf 78' lang='lat' dir='ltr'>rigore,</span> 
     </span>
     <span class='ocr_line' id='line_1_39' title="bbox 73 2879 1226 2939; baseline 0.003 -15"><span class='ocrx_word' id='word_1_231' title='bbox 73 2879 247 2926; x_wconf 82' lang='lat' dir='ltr'>Graecus</span> <span class='ocrx_word' id='word_1_232' title='bbox 269 2889 314 2925; x_wconf 87' lang='lat' dir='ltr'>ut</span> <span class='ocrx_word' id='word_1_233' title='bbox 337 2883 561 2939; x_wconf 84' lang='lat' dir='ltr'>imperium</span> <span class='ocrx_word' id='word_1_234' title='bbox 585 2883 667 2926; x_wconf 84' lang='lat' dir='ltr'>sibi</span> <span class='ocrx_word' id='word_1_235' title='bbox 692 2882 855 2927; x_wconf 77' lang='lat' dir='ltr'>deserat</span> <span class='ocrx_word' id='word_1_236' title='bbox 881 2883 1041 2939; x_wconf 83' lang='lat' dir='ltr'>absque</span> <span class='ocrx_word' id='word_1_237' title='bbox 1063 2890 1226 2935; x_wconf 87' lang='lat' dir='ltr'>tenore,</span> 
     </span>
     <span class='ocr_line' id='line_1_40' title="bbox 129 2952 1126 3011; baseline 0.003 -16"><span class='ocrx_word' id='word_1_238' title='bbox 129 2952 201 2997; x_wconf 76' lang='lat' dir='ltr'>lile</span> <span class='ocrx_word' id='word_1_239' title='bbox 216 2966 362 2998; x_wconf 83' lang='lat' dir='ltr'>necem</span> <span class='ocrx_word' id='word_1_240' title='bbox 387 2960 582 2998; x_wconf 84' lang='lat' dir='ltr'>metuens</span> <span class='ocrx_word' id='word_1_241' title='bbox 606 2967 795 3010; x_wconf 86' lang='lat' dir='ltr'>congrua</span> <span class='ocrx_word' id='word_1_242' title='bbox 821 2961 945 3011; x_wconf 83' lang='lat' dir='ltr'>pacta</span> <span class='ocrx_word' id='word_1_243' title='bbox 969 2961 1126 2999; x_wconf 83' lang='lat' dir='ltr'>movet.</span> 
     </span>
     <span class='ocr_line' id='line_1_41' title="bbox 77 3032 1310 3101; baseline 0.003 -16"><span class='ocrx_word' id='word_1_244' title='bbox 77 3032 328 3097; x_wconf 77' lang='lat' dir='ltr'>Nicephorns</span> <span class='ocrx_word' id='word_1_245' title='bbox 353 3041 588 3086; x_wconf 76' lang='lat' dir='ltr'>Groecorum</span> <span class='ocrx_word' id='word_1_246' title='bbox 611 3045 850 3098; x_wconf 80' lang='lat' dir='ltr'>imperator,</span> <span class='ocrx_word' id='word_1_247' title='bbox 879 3058 905 3087; x_wconf 82' lang='lat' dir='ltr'>a</span> <span class='ocrx_word' id='word_1_248' title='bbox 937 3042 1134 3101; x_wconf 67' lang='lat' dir='ltr'>Bulyaris</span> <span class='ocrx_word' id='word_1_249' title='bbox 1157 3047 1310 3090; x_wconf 73' lang='lat' dir='ltr'>occidi·</span> 
     </span>
     <span class='ocr_line' id='line_1_42' title="bbox 128 3098 1308 3158; baseline 0.006 -18"><span class='ocrx_word' id='word_1_250' title='bbox 128 3106 194 3141; x_wconf 77' lang='lat' dir='ltr'>tur</span> <span class='ocrx_word' id='word_1_251' title='bbox 209 3131 220 3150; x_wconf 87' lang='lat'>,</span> <span class='ocrx_word' id='word_1_252' title='bbox 262 3098 438 3141; x_wconf 76' lang='lat' dir='ltr'>Michael</span> <span class='ocrx_word' id='word_1_253' title='bbox 493 3113 613 3155; x_wconf 61' lang='grc' dir='ltr'><em>ρεπεν</em></span> <span class='ocrx_word' id='word_1_254' title='bbox 669 3100 758 3154; x_wconf 77' lang='lat' dir='ltr'>ejus</span> <span class='ocrx_word' id='word_1_255' title='bbox 801 3101 989 3156; x_wconf 67' lang='lat' dir='ltr'>erigitur,</span> <span class='ocrx_word' id='word_1_256' title='bbox 1033 3100 1184 3144; x_wconf 71' lang='lat' dir='ltr'>Car-oto</span> <span class='ocrx_word' id='word_1_257' title='bbox 1215 3105 1308 3158; x_wconf 61' lang='lat' dir='ltr'>‚iam</span> 
     </span>
     <span class='ocr_line' id='line_1_43' title="bbox 128 3153 529 3208; baseline 0.005 -12"><span class='ocrx_word' id='word_1_258' title='bbox 128 3153 267 3198; x_wconf 69' lang='lat' dir='ltr'>nomm</span> <span class='ocrx_word' id='word_1_259' title='bbox 292 3156 529 3208; x_wconf 72' lang='lat' dir='ltr'><strong><em>imperante.</em></strong></span> 
     </span>
     <span class='ocr_line' id='line_1_44' title="bbox 129 3243 1308 3302; baseline 0.006 -16"><span class='ocrx_word' id='word_1_260' title='bbox 129 3243 250 3287; x_wconf 83' lang='lat' dir='ltr'>Anno</span> <span class='ocrx_word' id='word_1_261' title='bbox 284 3245 338 3288; x_wconf 87' lang='lat' dir='ltr'>ab</span> <span class='ocrx_word' id='word_1_262' title='bbox 360 3246 661 3288; x_wconf 68' lang='lat' dir='ltr'>‘incarnatione</span> <span class='ocrx_word' id='word_1_263' title='bbox 698 3243 868 3290; x_wconf 87' lang='lat' dir='ltr'>Domini</span> <span class='ocrx_word' id='word_1_264' title='bbox 905 3245 1005 3298; x_wconf 72' lang='lat'>812,</span> <span class='ocrx_word' id='word_1_265' title='bbox 1039 3245 1308 3302; x_wconf 80' lang='lat' dir='ltr'>Nicephorus</span> 
     </span>
     <span class='ocr_line' id='line_1_45' title="bbox 66 3314 1308 3376; baseline 0.006 -17"><span class='ocrx_word' id='word_1_266' title='bbox 66 3314 314 3360; x_wconf 79' lang='lat' dir='ltr'>Graecorum</span> <span class='ocrx_word' id='word_1_267' title='bbox 337 3318 582 3373; x_wconf 83' lang='lat' dir='ltr'>imperator,</span> <span class='ocrx_word' id='word_1_268' title='bbox 606 3329 629 3359; x_wconf 87' lang='lat' dir='ltr'>a</span> <span class='ocrx_word' id='word_1_269' title='bbox 660 3317 854 3373; x_wconf 83' lang='lat' dir='ltr'>Bulgaris</span> <span class='ocrx_word' id='word_1_270' title='bbox 883 3319 1053 3374; x_wconf 85' lang='lat' dir='ltr'>publico</span> <span class='ocrx_word' id='word_1_271' title='bbox 1074 3331 1308 3376; x_wconf 81' lang='lat' dir='ltr'>congressu</span> 
     </span>
     <span class='ocr_line' id='line_1_46' title="bbox 72 3387 1310 3447; baseline 0.004 -16"><span class='ocrx_word' id='word_1_272' title='bbox 72 3393 263 3431; x_wconf 81' lang='lat' dir='ltr'>necatur.</span> <span class='ocrx_word' id='word_1_273' title='bbox 291 3387 367 3430; x_wconf 87' lang='lat' dir='ltr'>Cui</span> <span class='ocrx_word' id='word_1_274' title='bbox 382 3399 512 3443; x_wconf 80' lang='lat' dir='ltr'>gener</span> <span class='ocrx_word' id='word_1_275' title='bbox 533 3401 639 3432; x_wconf 87' lang='lat' dir='ltr'>suus</span> <span class='ocrx_word' id='word_1_276' title='bbox 662 3388 856 3439; x_wconf 78' lang='lat' dir='ltr'>Michael,</span> <span class='ocrx_word' id='word_1_277' title='bbox 884 3392 928 3433; x_wconf 87' lang='lat' dir='ltr'>in</span> <span class='ocrx_word' id='word_1_278' title='bbox 952 3402 1129 3447; x_wconf 79' lang='lat' dir='ltr'>regnum</span> <span class='ocrx_word' id='word_1_279' title='bbox 1148 3394 1310 3437; x_wconf 84' lang='lat' dir='ltr'>substi-</span> 
     </span>
    </p>
   </div>
   <div class='ocr_carea' id='block_1_6' title="bbox 1013 191 2656 343">
    <p class='ocr_par' dir='ltr' id='par_1_6' title="bbox 1013 191 2656 343">
     <span class='ocr_line' id='line_1_47' title="bbox 1013 191 1725 240; baseline -0.011 0"><span class='ocrx_word' id='word_1_280' title='bbox 1013 193 1320 240; x_wconf 71' lang='lat' dir='ltr'><strong>PANTREON.</strong></span> <span class='ocrx_word' id='word_1_281' title='bbox 1351 218 1406 226; x_wconf 75' lang='lat'>-·-</span> <span class='ocrx_word' id='word_1_282' title='bbox 1433 193 1575 238; x_wconf 78' lang='lat' dir='ltr'>PARS</span> <span class='ocrx_word' id='word_1_283' title='bbox 1601 191 1725 238; x_wconf 83' lang='lat' dir='ltr'>xvu.</span> 
     </span>
     <span class='ocr_line' id='line_1_48' title="bbox 1361 284 2656 343; baseline 0.001 -15"><span class='ocrx_word' id='word_1_284' title='bbox 1361 291 1394 334; x_wconf 72' lang='lat' dir='ltr'>A</span> <span class='ocrx_word' id='word_1_285' title='bbox 1418 286 1550 329; x_wconf 87' lang='lat' dir='ltr'>tionis</span> <span class='ocrx_word' id='word_1_286' title='bbox 1585 297 1733 338; x_wconf 78' lang='lat' dir='ltr'>causa,</span> <span class='ocrx_word' id='word_1_287' title='bbox 1762 284 2101 343; x_wconf 77' lang='lat' dir='ltr'>Hierosolymam</span> <span class='ocrx_word' id='word_1_288' title='bbox 2134 298 2210 341; x_wconf 85' lang='lat' dir='ltr'>per</span> <span class='ocrx_word' id='word_1_289' title='bbox 2239 284 2656 340; x_wconf 76' lang='lat' dir='ltr'>Constantinopolim</span> 
     </span>
    </p>
   </div>
   <div class='ocr_carea' id='block_1_7' title="bbox 2569 195 2652 244">
    <p class='ocr_par' dir='ltr' id='par_1_7' title="bbox 2569 195 2652 244">
     <span class='ocr_line' id='line_1_49' title="bbox 2569 195 2652 244; baseline 0.084 -8"><span class='ocrx_word' id='word_1_290' title='bbox 2569 195 2652 244; x_wconf 68' lang='lat'>9⁴2.</span> 
     </span>
    </p>
   </div>
   <div class='ocr_carea' id='block_1_8' title="bbox 1405 354 2659 1334">
    <p class='ocr_par' dir='ltr' id='par_1_8' title="bbox 1413 354 2659 695">
     <span class='ocr_line' id='line_1_50' title="bbox 1415 354 2658 412; baseline 0.002 -15"><span class='ocrx_word' id='word_1_291' title='bbox 1415 356 1585 398; x_wconf 78' lang='lat' dir='ltr'>transit.</span> <span class='ocrx_word' id='word_1_292' title='bbox 1621 354 1838 412; x_wconf 81' lang='lat' dir='ltr'><strong>Factaque</strong></span> <span class='ocrx_word' id='word_1_293' title='bbox 1877 356 1934 400; x_wconf 83' lang='lat' dir='ltr'>ibi</span> <span class='ocrx_word' id='word_1_294' title='bbox 1974 357 2184 406; x_wconf 80' lang='lat' dir='ltr'>oratione,</span> <span class='ocrx_word' id='word_1_295' title='bbox 2209 368 2284 412; x_wconf 88' lang='lat' dir='ltr'>per</span> <span class='ocrx_word' id='word_1_296' title='bbox 2310 354 2518 407; x_wconf 89' lang='lat' dir='ltr'>Siciliam,</span> <span class='ocrx_word' id='word_1_297' title='bbox 2545 357 2658 400; x_wconf 85' lang='lat' dir='ltr'>sicut</span> 
     </span>
     <span class='ocr_line' id='line_1_51' title="bbox 1415 424 2659 482; baseline 0.002 -15"><span class='ocrx_word' id='word_1_298' title='bbox 1415 424 1589 475; x_wconf 71' lang='lat' dir='ltr'>(licitur,</span> <span class='ocrx_word' id='word_1_299' title='bbox 1612 426 1834 477; x_wconf 82' lang='lat' dir='ltr'>remeavit,</span> <span class='ocrx_word' id='word_1_300' title='bbox 1862 434 1988 481; x_wconf 80' lang='lat' dir='ltr'>atque</span> <span class='ocrx_word' id='word_1_301' title='bbox 2005 427 2103 470; x_wconf 89' lang='lat' dir='ltr'>inde</span> <span class='ocrx_word' id='word_1_302' title='bbox 2122 439 2197 482; x_wconf 86' lang='lat' dir='ltr'>per</span> <span class='ocrx_word' id='word_1_303' title='bbox 2218 426 2458 471; x_wconf 80' lang='lat' dir='ltr'>Calabriam</span> <span class='ocrx_word' id='word_1_304' title='bbox 2481 431 2524 470; x_wconf 88' lang='lat' dir='ltr'>et</span> <span class='ocrx_word' id='word_1_305' title='bbox 2547 426 2659 482; x_wconf 87' lang='lat' dir='ltr'>Apu·</span> 
     </span>
     <span class='ocr_line' id='line_1_52' title="bbox 1414 495 2658 554; baseline 0.002 -15"><span class='ocrx_word' id='word_1_306' title='bbox 1414 498 1513 539; x_wconf 87' lang='lat' dir='ltr'>liam</span> <span class='ocrx_word' id='word_1_307' title='bbox 1555 495 1736 540; x_wconf 87' lang='lat' dir='ltr'>Romam</span> <span class='ocrx_word' id='word_1_308' title='bbox 1778 498 1921 548; x_wconf 78' lang='lat' dir='ltr'>rediit,</span> <span class='ocrx_word' id='word_1_309' title='bbox 1949 499 2018 541; x_wconf 87' lang='lat' dir='ltr'>ubi</span> <span class='ocrx_word' id='word_1_310' title='bbox 2064 505 2234 554; x_wconf 79' lang='lat' dir='ltr'>recepta</span> <span class='ocrx_word' id='word_1_311' title='bbox 2278 499 2575 542; x_wconf 83' lang='lat' dir='ltr'>benedictione</span> <span class='ocrx_word' id='word_1_312' title='bbox 2613 499 2658 542; x_wconf 86' lang='lat' dir='ltr'>in</span> 
     </span>
     <span class='ocr_line' id='line_1_53' title="bbox 1414 565 2657 626; baseline 0.002 -16"><span class='ocrx_word' id='word_1_313' title='bbox 1414 565 1573 612; x_wconf 86' lang='lat' dir='ltr'>Gallias</span> <span class='ocrx_word' id='word_1_314' title='bbox 1591 569 1778 618; x_wconf 86' lang='lat' dir='ltr'>rediens,</span> <span class='ocrx_word' id='word_1_315' title='bbox 1799 572 1909 625; x_wconf 87' lang='lat' dir='ltr'>apud</span> <span class='ocrx_word' id='word_1_316' title='bbox 1930 572 2246 626; x_wconf 82' lang='lat' dir='ltr'>Aq&#39;uisgranum</span> <span class='ocrx_word' id='word_1_317' title='bbox 2261 571 2487 615; x_wconf 88' lang='lat' dir='ltr'>ecclesiam</span> <span class='ocrx_word' id='word_1_318' title='bbox 2516 570 2657 614; x_wconf 74' lang='lat' dir='ltr'>Beatae</span> 
     </span>
     <span class='ocr_line' id='line_1_54' title="bbox 1413 639 2179 695; baseline 0.009 -15"><span class='ocrx_word' id='word_1_319' title='bbox 1413 639 1556 682; x_wconf 80' lang='lat' dir='ltr'>Mariae</span> <span class='ocrx_word' id='word_1_320' title='bbox 1582 652 1707 695; x_wconf 83' lang='lat' dir='ltr'>opere</span> <span class='ocrx_word' id='word_1_321' title='bbox 1734 641 1916 685; x_wconf 85' lang='lat' dir='ltr'>mirilico</span> <span class='ocrx_word' id='word_1_322' title='bbox 1940 642 2179 687; x_wconf 76' lang='lat' dir='ltr'>aedificavit.</span> 
     </span>
    </p>

    <p class='ocr_par' dir='ltr' id='par_1_9' title="bbox 1405 708 2653 1334">
     <span class='ocr_line' id='line_1_55' title="bbox 1466 708 2653 769; baseline 0.007 -19"><span class='ocrx_word' id='word_1_323' title='bbox 1466 708 1570 752; x_wconf 83' lang='lat' dir='ltr'>ltem</span> <span class='ocrx_word' id='word_1_324' title='bbox 1587 709 1770 754; x_wconf 78' lang='lat' dir='ltr'>Carolus</span> <span class='ocrx_word' id='word_1_325' title='bbox 1792 723 1866 765; x_wconf 87' lang='lat' dir='ltr'>per</span> <span class='ocrx_word' id='word_1_326' title='bbox 1888 711 2222 756; x_wconf 77' lang='lat' dir='ltr'>admonitionem</span> <span class='ocrx_word' id='word_1_327' title='bbox 2247 715 2403 768; x_wconf 77' lang='lat' dir='ltr'>angeli,</span> <span class='ocrx_word' id='word_1_328' title='bbox 2429 716 2474 759; x_wconf 90' lang='lat' dir='ltr'>in</span> <span class='ocrx_word' id='word_1_329' title='bbox 2493 713 2653 769; x_wconf 84' lang='lat' dir='ltr'>Hispa-</span> 
     </span>
     <span class='ocr_line' id='line_1_56' title="bbox 1411 780 2649 840; baseline 0.004 -19"><span class='ocrx_word' id='word_1_330' title='bbox 1411 780 1506 823; x_wconf 85' lang='lat' dir='ltr'>nias</span> <span class='ocrx_word' id='word_1_331' title='bbox 1526 787 1650 835; x_wconf 86' lang='lat' dir='ltr'>parat</span> <span class='ocrx_word' id='word_1_332' title='bbox 1669 782 1920 832; x_wconf 76' lang='lat' dir='ltr'>exercitum,</span> <span class='ocrx_word' id='word_1_333' title='bbox 1946 783 2035 833; x_wconf 86' lang='lat' dir='ltr'>ubi,</span> <span class='ocrx_word' id='word_1_334' title='bbox 2056 789 2105 840; x_wconf 83' lang='lat' dir='ltr'>ut</span> <span class='ocrx_word' id='word_1_335' title='bbox 2127 784 2262 838; x_wconf 83' lang='lat' dir='ltr'>aiunt,</span> <span class='ocrx_word' id='word_1_336' title='bbox 2285 796 2360 840; x_wconf 84' lang='lat' dir='ltr'>per</span> <span class='ocrx_word' id='word_1_337' title='bbox 2381 795 2517 828; x_wconf 88' lang='lat' dir='ltr'>annos</span> <span class='ocrx_word' id='word_1_338' title='bbox 2540 795 2649 840; x_wconf 85' lang='lat' dir='ltr'>qua-</span> 
     </span>
     <span class='ocr_line' id='line_1_57' title="bbox 1410 851 2648 912; baseline 0.003 -20"><span class='ocrx_word' id='word_1_339' title='bbox 1410 851 1651 895; x_wconf 74' lang='lat' dir='ltr'>tuordecim</span> <span class='ocrx_word' id='word_1_340' title='bbox 1691 853 1919 905; x_wconf 86' lang='lat' dir='ltr'>laboravit,</span> <span class='ocrx_word' id='word_1_341' title='bbox 1961 854 2168 909; x_wconf 87' lang='lat' dir='ltr'>plurimas</span> <span class='ocrx_word' id='word_1_342' title='bbox 2219 861 2366 912; x_wconf 83' lang='lat' dir='ltr'>gentes</span> <span class='ocrx_word' id='word_1_343' title='bbox 2418 855 2648 905; x_wconf 79' lang='lat' dir='ltr'>convertit,</span> 
     </span>
     <span class='ocr_line' id='line_1_58' title="bbox 1410 921 2651 982; baseline 0.006 -22"><span class='ocrx_word' id='word_1_344' title='bbox 1410 921 1619 974; x_wconf 57' lang='lat' dir='ltr'>piurimos</span> <span class='ocrx_word' id='word_1_345' title='bbox 1655 923 1813 966; x_wconf 86' lang='lat' dir='ltr'>amisit.</span> <span class='ocrx_word' id='word_1_346' title='bbox 1838 922 1942 968; x_wconf 82' lang='lat' dir='ltr'>Inde</span> <span class='ocrx_word' id='word_1_347' title='bbox 1961 925 2276 981; x_wconf 86' lang='lat' dir='ltr'>Aquisgranum</span> <span class='ocrx_word' id='word_1_348' title='bbox 2312 937 2528 978; x_wconf 76' lang='lat' dir='ltr'>reversus,</span> <span class='ocrx_word' id='word_1_349' title='bbox 2552 934 2651 982; x_wconf 85' lang='lat' dir='ltr'>post</span> 
     </span>
     <span class='ocr_line' id='line_1_59' title="bbox 1409 991 2649 1053; baseline 0.006 -21"><span class='ocrx_word' id='word_1_350' title='bbox 1409 991 1600 1037; x_wconf 80' lang='lat' dir='ltr'>infinitas</span> <span class='ocrx_word' id='word_1_351' title='bbox 1631 993 1851 1046; x_wconf 85' lang='lat' dir='ltr'>victorias,</span> <span class='ocrx_word' id='word_1_352' title='bbox 1878 996 1923 1038; x_wconf 88' lang='lat' dir='ltr'>in</span> <span class='ocrx_word' id='word_1_353' title='bbox 1960 997 2119 1051; x_wconf 86' lang='lat' dir='ltr'>palatio</span> <span class='ocrx_word' id='word_1_354' title='bbox 2154 996 2428 1053; x_wconf 80' lang='lat' dir='ltr'>Aquisgrani,</span> <span class='ocrx_word' id='word_1_355' title='bbox 2451 998 2524 1041; x_wconf 88' lang='lat' dir='ltr'>ubi</span> <span class='ocrx_word' id='word_1_356' title='bbox 2557 998 2649 1053; x_wconf 86' lang='lat' dir='ltr'>ipse</span> 
     </span>
     <span class='ocr_line' id='line_1_60' title="bbox 1408 1062 2617 1120; baseline 0.006 -17"><span class='ocrx_word' id='word_1_357' title='bbox 1408 1062 1688 1116; x_wconf 65' lang='lat' dir='ltr'>wincipalem</span> <span class='ocrx_word' id='word_1_358' title='bbox 1743 1065 1885 1109; x_wconf 88' lang='lat' dir='ltr'>sedem</span> <span class='ocrx_word' id='word_1_359' title='bbox 1929 1066 2048 1120; x_wconf 78' lang='lat' dir='ltr'>regni</span> <span class='ocrx_word' id='word_1_360' title='bbox 2094 1066 2356 1111; x_wconf 82' lang='lat' dir='ltr'>Francorum</span> <span class='ocrx_word' id='word_1_361' title='bbox 2393 1067 2617 1112; x_wconf 88' lang='lat' dir='ltr'>constituit</span> 
     </span>
     <span class='ocr_line' id='line_1_61' title="bbox 1408 1133 2629 1196; baseline 0.008 -22"><span class='ocrx_word' id='word_1_362' title='bbox 1408 1135 1535 1176; x_wconf 80' lang='lat' dir='ltr'>baem</span> <span class='ocrx_word' id='word_1_363' title='bbox 1558 1133 1654 1177; x_wconf 86' lang='lat' dir='ltr'>vitae</span> <span class='ocrx_word' id='word_1_364' title='bbox 1675 1137 1879 1191; x_wconf 81' lang='lat' dir='ltr'>suscepit,</span> <span class='ocrx_word' id='word_1_365' title='bbox 1905 1149 2017 1180; x_wconf 83' lang='lat' dir='ltr'>anno</span> <span class='ocrx_word' id='word_1_366' title='bbox 2041 1136 2367 1193; x_wconf 81' lang='lat' dir='ltr'>quadragesimo</span> <span class='ocrx_word' id='word_1_367' title='bbox 2387 1143 2508 1182; x_wconf 64' lang='lat' dir='ltr'>&#39;sexto</span> <span class='ocrx_word' id='word_1_368' title='bbox 2526 1153 2629 1196; x_wconf 82' lang='lat' dir='ltr'>regn</span> 
     </span>
     <span class='ocr_line' id='line_1_62' title="bbox 1405 1205 2641 1264; baseline 0.005 -16"><span class='ocrx_word' id='word_1_369' title='bbox 1405 1205 1495 1256; x_wconf 87' lang='lat' dir='ltr'>sui;</span> <span class='ocrx_word' id='word_1_370' title='bbox 1517 1205 1706 1249; x_wconf 84' lang='lat' dir='ltr'>subactae</span> <span class='ocrx_word' id='word_1_371' title='bbox 1729 1218 1833 1250; x_wconf 86' lang='lat' dir='ltr'>vero</span> <span class='ocrx_word' id='word_1_372' title='bbox 1855 1206 1986 1250; x_wconf 73' lang='lat' dir='ltr'>ltalia:</span> <span class='ocrx_word' id='word_1_373' title='bbox 2011 1220 2123 1251; x_wconf 85' lang='lat' dir='ltr'>anno</span> <span class='ocrx_word' id='word_1_374' title='bbox 2155 1210 2478 1264; x_wconf 82' lang='lat' dir='ltr'>quadragesimo</span> <span class='ocrx_word' id='word_1_375' title='bbox 2500 1212 2641 1262; x_wconf 86' lang='lat' dir='ltr'>tertio,</span> 
     </span>
     <span class='ocr_line' id='line_1_63' title="bbox 1405 1275 2643 1334; baseline 0.006 -18"><span class='ocrx_word' id='word_1_376' title='bbox 1405 1275 1572 1330; x_wconf 83' lang='lat' dir='ltr'>imperii</span> <span class='ocrx_word' id='word_1_377' title='bbox 1589 1283 1732 1319; x_wconf 83' lang='lat' dir='ltr'>autem</span> <span class='ocrx_word' id='word_1_378' title='bbox 1758 1276 1841 1327; x_wconf 83' lang='lat' dir='ltr'>sui,</span> <span class='ocrx_word' id='word_1_379' title='bbox 1866 1290 1979 1320; x_wconf 87' lang='lat' dir='ltr'>anno</span> <span class='ocrx_word' id='word_1_380' title='bbox 2003 1278 2169 1322; x_wconf 84' lang='lat' dir='ltr'>decimo</span> <span class='ocrx_word' id='word_1_381' title='bbox 2192 1287 2360 1334; x_wconf 80' lang='lat' dir='ltr'>quarto,</span> <span class='ocrx_word' id='word_1_382' title='bbox 2380 1281 2517 1324; x_wconf 77' lang='lat' dir='ltr'>aetatis</span> <span class='ocrx_word' id='word_1_383' title='bbox 2539 1293 2643 1330; x_wconf 78' lang='lat' dir='ltr'>suae.</span> 
     </span>
    </p>
   </div>
   <div class='ocr_carea' id='block_1_9' title="bbox 1347 1347 2646 1406">
    <p class='ocr_par' dir='ltr' id='par_1_10' title="bbox 1347 1347 2646 1406">
     <span class='ocr_line' id='line_1_64' title="bbox 1347 1347 2646 1406; baseline 0.003 -15"><span class='ocrx_word' id='word_1_384' title='bbox 1347 1347 1382 1391; x_wconf 86' lang='lat' dir='ltr'>B</span> <span class='ocrx_word' id='word_1_385' title='bbox 1405 1357 1517 1389; x_wconf 87' lang='lat' dir='ltr'>anno</span> <span class='ocrx_word' id='word_1_386' title='bbox 1545 1350 1859 1404; x_wconf 77' lang='lat' dir='ltr'>septuagesimo</span> <span class='ocrx_word' id='word_1_387' title='bbox 1890 1349 2093 1398; x_wconf 80' lang='lat' dir='ltr'>seeundo,</span> <span class='ocrx_word' id='word_1_388' title='bbox 2121 1351 2382 1406; x_wconf 70' lang='lat' dir='ltr'>sepulturam</span> <span class='ocrx_word' id='word_1_389' title='bbox 2416 1350 2646 1395; x_wconf 84' lang='lat' dir='ltr'>honorabi-</span> 
     </span>
    </p>
   </div>
   <div class='ocr_carea' id='block_1_10' title="bbox 1393 1418 2646 2336">
    <p class='ocr_par' dir='ltr' id='par_1_11' title="bbox 1402 1418 2641 1534">
     <span class='ocr_line' id='line_1_65' title="bbox 1403 1418 2641 1479; baseline 0.005 -19"><span class='ocrx_word' id='word_1_390' title='bbox 1403 1418 1486 1461; x_wconf 86' lang='lat' dir='ltr'>lem</span> <span class='ocrx_word' id='word_1_391' title='bbox 1525 1419 1570 1462; x_wconf 90' lang='lat' dir='ltr'>in</span> <span class='ocrx_word' id='word_1_392' title='bbox 1605 1419 1755 1463; x_wconf 88' lang='lat' dir='ltr'>eadem</span> <span class='ocrx_word' id='word_1_393' title='bbox 1793 1420 1963 1474; x_wconf 76' lang='lat' dir='ltr'>Sanctae</span> <span class='ocrx_word' id='word_1_394' title='bbox 1995 1420 2137 1464; x_wconf 74' lang='lat' dir='ltr'>Mariae</span> <span class='ocrx_word' id='word_1_395' title='bbox 2181 1422 2391 1474; x_wconf 83' lang='lat' dir='ltr'>ecclesia,</span> <span class='ocrx_word' id='word_1_396' title='bbox 2431 1423 2641 1479; x_wconf 87' lang='lat' dir='ltr'>imperiali</span> 
     </span>
     <span class='ocr_line' id='line_1_66' title="bbox 1402 1490 1829 1534; baseline 0.012 -5"><span class='ocrx_word' id='word_1_397' title='bbox 1402 1499 1522 1531; x_wconf 85' lang='lat' dir='ltr'>more</span> <span class='ocrx_word' id='word_1_398' title='bbox 1546 1490 1726 1533; x_wconf 83' lang='lat' dir='ltr'>sortitus</span> <span class='ocrx_word' id='word_1_399' title='bbox 1748 1497 1829 1534; x_wconf 89' lang='lat' dir='ltr'>est.</span> 
     </span>
    </p>

    <p class='ocr_par' dir='ltr' id='par_1_12' title="bbox 1393 1558 2646 2336">
     <span class='ocr_line' id='line_1_67' title="bbox 1455 1558 2646 1621; baseline 0.008 -20"><span class='ocrx_word' id='word_1_400' title='bbox 1455 1558 1559 1602; x_wconf 81' lang='lat' dir='ltr'>Erat</span> <span class='ocrx_word' id='word_1_401' title='bbox 1579 1568 1721 1604; x_wconf 86' lang='lat' dir='ltr'>autem</span> <span class='ocrx_word' id='word_1_402' title='bbox 1753 1560 1951 1613; x_wconf 82' lang='lat' dir='ltr'>Carolus,</span> <span class='ocrx_word' id='word_1_403' title='bbox 1977 1570 2022 1606; x_wconf 84' lang='lat' dir='ltr'>ut</span> <span class='ocrx_word' id='word_1_404' title='bbox 2046 1564 2218 1619; x_wconf 87' lang='lat' dir='ltr'>quidam</span> <span class='ocrx_word' id='word_1_405' title='bbox 2244 1565 2526 1621; x_wconf 86' lang='lat' dir='ltr'>scripserunt,</span> <span class='ocrx_word' id='word_1_406' title='bbox 2546 1579 2646 1611; x_wconf 81' lang='lat' dir='ltr'>eor·</span> 
     </span>
     <span class='ocr_line' id='line_1_68' title="bbox 1400 1633 2643 1694; baseline 0.01 -22"><span class='ocrx_word' id='word_1_407' title='bbox 1400 1643 1505 1686; x_wconf 81' lang='lat' dir='ltr'>pore</span> <span class='ocrx_word' id='word_1_408' title='bbox 1525 1633 1667 1688; x_wconf 87' lang='lat' dir='ltr'>amplo</span> <span class='ocrx_word' id='word_1_409' title='bbox 1695 1646 1751 1678; x_wconf 83' lang='lat' dir='ltr'>ac</span> <span class='ocrx_word' id='word_1_410' title='bbox 1766 1635 1961 1686; x_wconf 83' lang='lat' dir='ltr'>robusto,</span> <span class='ocrx_word' id='word_1_411' title='bbox 1982 1642 2147 1680; x_wconf 87' lang='lat' dir='ltr'>statura</span> <span class='ocrx_word' id='word_1_412' title='bbox 2164 1639 2394 1689; x_wconf 82' lang='lat' dir='ltr'>eminente,</span> <span class='ocrx_word' id='word_1_413' title='bbox 2424 1639 2545 1694; x_wconf 81' lang='lat' dir='ltr'>apice</span> <span class='ocrx_word' id='word_1_414' title='bbox 2569 1653 2643 1684; x_wconf 84' lang='lat' dir='ltr'>ca-</span> 
     </span>
     <span class='ocr_line' id='line_1_69' title="bbox 1399 1703 2638 1768; baseline 0.01 -24"><span class='ocrx_word' id='word_1_415' title='bbox 1399 1703 1503 1758; x_wconf 87' lang='lat' dir='ltr'>pitis</span> <span class='ocrx_word' id='word_1_416' title='bbox 1525 1705 1725 1756; x_wconf 78' lang='lat' dir='ltr'>rotundo,</span> <span class='ocrx_word' id='word_1_417' title='bbox 1751 1707 1900 1750; x_wconf 86' lang='lat' dir='ltr'>oeulos</span> <span class='ocrx_word' id='word_1_418' title='bbox 1924 1708 2072 1751; x_wconf 82' lang='lat' dir='ltr'>habuit</span> <span class='ocrx_word' id='word_1_419' title='bbox 2095 1711 2367 1766; x_wconf 75' lang='lat' dir='ltr'>praegrandes</span> <span class='ocrx_word' id='word_1_420' title='bbox 2390 1716 2432 1755; x_wconf 84' lang='lat' dir='ltr'>et</span> <span class='ocrx_word' id='word_1_421' title='bbox 2454 1719 2638 1768; x_wconf 80' lang='lat' dir='ltr'>vegetes,</span> 
     </span>
     <span class='ocr_line' id='line_1_70' title="bbox 1398 1775 2642 1835; baseline 0.008 -19"><span class='ocrx_word' id='word_1_422' title='bbox 1398 1785 1550 1818; x_wconf 89' lang='lat' dir='ltr'>nasum</span> <span class='ocrx_word' id='word_1_423' title='bbox 1577 1775 1798 1830; x_wconf 76' lang='lat' dir='ltr'>paululum</span> <span class='ocrx_word' id='word_1_424' title='bbox 1831 1778 2106 1822; x_wconf 76' lang='lat' dir='ltr'>excedentem</span> <span class='ocrx_word' id='word_1_425' title='bbox 2143 1780 2504 1835; x_wconf 84' lang='lat' dir='ltr'>mediocritatem,</span> <span class='ocrx_word' id='word_1_426' title='bbox 2524 1784 2642 1827; x_wconf 88' lang='lat' dir='ltr'>cani-</span> 
     </span>
     <span class='ocr_line' id='line_1_71' title="bbox 1398 1846 2640 1902; baseline 0.01 -14"><span class='ocrx_word' id='word_1_427' title='bbox 1398 1846 1500 1890; x_wconf 90' lang='lat' dir='ltr'>tiem</span> <span class='ocrx_word' id='word_1_428' title='bbox 1540 1848 1763 1902; x_wconf 84' lang='lat' dir='ltr'>pulchram</span> <span class='ocrx_word' id='word_1_429' title='bbox 1786 1882 1796 1901; x_wconf 86' lang='lat'><strong>‚</strong></span> <span class='ocrx_word' id='word_1_430' title='bbox 1849 1847 2000 1895; x_wconf 79' lang='lat' dir='ltr'>faciem</span> <span class='ocrx_word' id='word_1_431' title='bbox 2046 1853 2182 1894; x_wconf 65' lang='lat' dir='ltr'>laetam</span> <span class='ocrx_word' id='word_1_432' title='bbox 2220 1858 2263 1896; x_wconf 86' lang='lat' dir='ltr'>et</span> <span class='ocrx_word' id='word_1_433' title='bbox 2299 1853 2495 1898; x_wconf 86' lang='lat' dir='ltr'>hilarem.</span> <span class='ocrx_word' id='word_1_434' title='bbox 2541 1855 2640 1901; x_wconf 74' lang='lat' dir='ltr'>Elo-</span> 
     </span>
     <span class='ocr_line' id='line_1_72' title="bbox 1398 1919 2638 1983; baseline 0.009 -24"><span class='ocrx_word' id='word_1_435' title='bbox 1398 1919 1572 1972; x_wconf 81' lang='lat' dir='ltr'>quentia</span> <span class='ocrx_word' id='word_1_436' title='bbox 1595 1925 1688 1963; x_wconf 82' lang='lat' dir='ltr'>erat</span> <span class='ocrx_word' id='word_1_437' title='bbox 1714 1922 1916 1976; x_wconf 87' lang='lat' dir='ltr'>copiosus</span> <span class='ocrx_word' id='word_1_438' title='bbox 1940 1929 1981 1965; x_wconf 88' lang='lat' dir='ltr'>et</span> <span class='ocrx_word' id='word_1_439' title='bbox 2004 1923 2260 1975; x_wconf 75' lang='lat' dir='ltr'>exuberans,</span> <span class='ocrx_word' id='word_1_440' title='bbox 2286 1924 2331 1966; x_wconf 85' lang='lat' dir='ltr'>in</span> <span class='ocrx_word' id='word_1_441' title='bbox 2362 1925 2457 1969; x_wconf 82' lang='lat' dir='ltr'>cibo</span> <span class='ocrx_word' id='word_1_442' title='bbox 2478 1931 2638 1983; x_wconf 46' lang='lat' dir='ltr'>tempe*</span> 
     </span>
     <span class='ocr_line' id='line_1_73' title="bbox 1396 1991 2637 2051; baseline 0.008 -20"><span class='ocrx_word' id='word_1_443' title='bbox 1396 1996 1534 2041; x_wconf 82' lang='lat' dir='ltr'>ratus,</span> <span class='ocrx_word' id='word_1_444' title='bbox 1559 1991 1603 2034; x_wconf 83' lang='lat' dir='ltr'>in</span> <span class='ocrx_word' id='word_1_445' title='bbox 1641 1998 1745 2047; x_wconf 87' lang='lat' dir='ltr'>potu</span> <span class='ocrx_word' id='word_1_446' title='bbox 1777 1994 2099 2049; x_wconf 80' lang='lat' dir='ltr'>temperantior.</span> <span class='ocrx_word' id='word_1_447' title='bbox 2124 1993 2258 2050; x_wconf 73' lang='lat' dir='ltr'>Regni.</span> <span class='ocrx_word' id='word_1_448' title='bbox 2281 1996 2374 2051; x_wconf 85' lang='lat' dir='ltr'>ejus</span> <span class='ocrx_word' id='word_1_449' title='bbox 2409 2002 2511 2040; x_wconf 84' lang='lat' dir='ltr'>tunc</span> <span class='ocrx_word' id='word_1_450' title='bbox 2545 2005 2637 2042; x_wconf 83' lang='lat' dir='ltr'>erat</span> 
     </span>
     <span class='ocr_line' id='line_1_74' title="bbox 1396 2064 2637 2124; baseline 0.008 -21"><span class='ocrx_word' id='word_1_451' title='bbox 1396 2064 1607 2106; x_wconf 78' lang='lat' dir='ltr'>terminus</span> <span class='ocrx_word' id='word_1_452' title='bbox 1637 2077 1662 2107; x_wconf 89' lang='lat' dir='ltr'>a</span> <span class='ocrx_word' id='word_1_453' title='bbox 1694 2064 1891 2120; x_wconf 81' lang='lat' dir='ltr'>Bulgaria</span> <span class='ocrx_word' id='word_1_454' title='bbox 1925 2065 2015 2109; x_wconf 76' lang='lat' dir='ltr'>sive</span> <span class='ocrx_word' id='word_1_455' title='bbox 2045 2067 2098 2109; x_wconf 90' lang='lat' dir='ltr'>ab</span> <span class='ocrx_word' id='word_1_456' title='bbox 2118 2065 2303 2123; x_wconf 84' lang='lat' dir='ltr'>Illyrico,</span> <span class='ocrx_word' id='word_1_457' title='bbox 2325 2081 2459 2124; x_wconf 83' lang='lat' dir='ltr'>usque</span> <span class='ocrx_word' id='word_1_458' title='bbox 2489 2070 2542 2112; x_wconf 77' lang='lat' dir='ltr'>ad</span> <span class='ocrx_word' id='word_1_459' title='bbox 2562 2070 2637 2114; x_wconf 79' lang='lat' dir='ltr'>Hi·</span> 
     </span>
     <span class='ocr_line' id='line_1_75' title="bbox 1396 2135 2632 2194; baseline 0.01 -20"><span class='ocrx_word' id='word_1_460' title='bbox 1396 2146 1576 2188; x_wconf 79' lang='lat' dir='ltr'>spanos;</span> <span class='ocrx_word' id='word_1_461' title='bbox 1604 2140 1732 2191; x_wconf 87' lang='lat' dir='ltr'>atque</span> <span class='ocrx_word' id='word_1_462' title='bbox 1767 2149 1790 2179; x_wconf 87' lang='lat' dir='ltr'>a</span> <span class='ocrx_word' id='word_1_463' title='bbox 1825 2135 1971 2190; x_wconf 71' lang='lat' dir='ltr'>Danis,</span> <span class='ocrx_word' id='word_1_464' title='bbox 2007 2151 2141 2193; x_wconf 74' lang='lat' dir='ltr'>usque</span> <span class='ocrx_word' id='word_1_465' title='bbox 2172 2139 2224 2181; x_wconf 85' lang='lat' dir='ltr'>ad</span> <span class='ocrx_word' id='word_1_466' title='bbox 2250 2139 2435 2185; x_wconf 77' lang='lat' dir='ltr'>Pharum</span> <span class='ocrx_word' id='word_1_467' title='bbox 2461 2139 2632 2194; x_wconf 76' lang='lat' dir='ltr'>Siciliae,</span> 
     </span>
     <span class='ocr_line' id='line_1_76' title="bbox 1393 2205 2633 2267; baseline 0.01 -21"><span class='ocrx_word' id='word_1_468' title='bbox 1393 2205 1586 2258; x_wconf 71' lang='lat' dir='ltr'>exceptis</span> <span class='ocrx_word' id='word_1_469' title='bbox 1625 2206 1923 2267; x_wconf 79' lang='lat' dir='ltr'>adjacentibus</span> <span class='ocrx_word' id='word_1_470' title='bbox 1963 2208 2225 2263; x_wconf 78' lang='lat' dir='ltr'>regionibus,</span> <span class='ocrx_word' id='word_1_471' title='bbox 2262 2217 2408 2264; x_wconf 85' lang='lat' dir='ltr'>utpote</span> <span class='ocrx_word' id='word_1_472' title='bbox 2442 2208 2633 2259; x_wconf 73' lang='lat' dir='ltr'>Boemia.</span> 
     </span>
     <span class='ocr_line' id='line_1_77' title="bbox 1394 2273 2633 2336; baseline 0.009 -19"><span class='ocrx_word' id='word_1_473' title='bbox 1394 2273 1587 2328; x_wconf 63' lang='lat' dir='ltr'>Polemio,</span> <span class='ocrx_word' id='word_1_474' title='bbox 1610 2276 1838 2330; x_wconf 79' lang='lat' dir='ltr'>Dalmatia,</span> <span class='ocrx_word' id='word_1_475' title='bbox 1858 2277 2036 2331; x_wconf 81' lang='lat' dir='ltr'>Histria,</span> <span class='ocrx_word' id='word_1_476' title='bbox 2062 2279 2503 2336; x_wconf 78' lang='lat' dir='ltr'>Venetia,Britannia‚</span> <span class='ocrx_word' id='word_1_477' title='bbox 2521 2283 2633 2328; x_wconf 81' lang='lat' dir='ltr'>aliis-</span> 
     </span>
    </p>
   </div>
   <div class='ocr_carea' id='block_1_11' title="bbox 1336 2349 2281 2482">
    <p class='ocr_par' dir='ltr' id='par_1_13' title="bbox 1336 2349 2281 2482">
     <span class='ocr_line' id='line_1_78' title="bbox 1395 2349 1752 2404; baseline 0.014 -15"><span class='ocrx_word' id='word_1_478' title='bbox 1395 2359 1478 2403; x_wconf 83' lang='lat' dir='ltr'>que</span> <span class='ocrx_word' id='word_1_479' title='bbox 1501 2349 1752 2404; x_wconf 84' lang='lat' dir='ltr'>provinciis.</span> 
     </span>
     <span class='ocr_line' id='line_1_79' title="bbox 1336 2407 2281 2482; baseline 0.007 -18"><span class='ocrx_word' id='word_1_480' title='bbox 1336 2407 1367 2450; x_wconf 75' lang='lat' dir='ltr'>C</span> <span class='ocrx_word' id='word_1_481' title='bbox 1451 2420 1614 2479; x_wconf 77' lang='lat' dir='ltr'>Coetera</span> <span class='ocrx_word' id='word_1_482' title='bbox 1631 2425 1814 2479; x_wconf 80' lang='lat' dir='ltr'>versifice</span> <span class='ocrx_word' id='word_1_483' title='bbox 1830 2432 1945 2480; x_wconf 69' lang='lat' dir='ltr'>qesta</span> <span class='ocrx_word' id='word_1_484' title='bbox 1963 2426 2113 2482; x_wconf 70' lang='lat' dir='ltr'>referre</span> <span class='ocrx_word' id='word_1_485' title='bbox 2132 2426 2281 2481; x_wconf 79' lang='lat' dir='ltr'>placet,</span> 
     </span>
    </p>
   </div>
   <div class='ocr_carea' id='block_1_12' title="bbox 1394 2492 2631 2610">
    <p class='ocr_par' dir='ltr' id='par_1_14' title="bbox 1394 2492 2631 2610">
     <span class='ocr_line' id='line_1_80' title="bbox 1394 2492 2631 2552; baseline 0.008 -17"><span class='ocrx_word' id='word_1_486' title='bbox 1394 2492 1499 2537; x_wconf 79' lang='lat' dir='ltr'>Item</span> <span class='ocrx_word' id='word_1_487' title='bbox 1522 2494 1571 2537; x_wconf 78' lang='lat' dir='ltr'>de</span> <span class='ocrx_word' id='word_1_488' title='bbox 1603 2498 1793 2550; x_wconf 70' lang='lat' dir='ltr'>pactione</span> <span class='ocrx_word' id='word_1_489' title='bbox 1826 2499 1940 2552; x_wconf 78' lang='lat' dir='ltr'>facta</span> <span class='ocrx_word' id='word_1_490' title='bbox 1964 2500 2068 2542; x_wconf 79' lang='lat' dir='ltr'>inter</span> <span class='ocrx_word' id='word_1_491' title='bbox 2095 2498 2292 2543; x_wconf 80' lang='lat' dir='ltr'>Carolum</span> <span class='ocrx_word' id='word_1_492' title='bbox 2322 2508 2360 2543; x_wconf 76' lang='lat' dir='ltr'>et</span> <span class='ocrx_word' id='word_1_493' title='bbox 2394 2501 2631 2546; x_wconf 70' lang='lat' dir='ltr'>Groecorum</span> 
     </span>
     <span class='ocr_line' id='line_1_81' title="bbox 1614 2553 2419 2610; baseline 0.01 -17"><span class='ocrx_word' id='word_1_494' title='bbox 1614 2553 1928 2606; x_wconf 72' lang='lat' dir='ltr'>imperatorem,</span> <span class='ocrx_word' id='word_1_495' title='bbox 1949 2555 2128 2598; x_wconf 72' lang='lat' dir='ltr'>versibus</span> <span class='ocrx_word' id='word_1_496' title='bbox 2149 2557 2419 2610; x_wconf 75' lang='lat' dir='ltr'>explicamus.</span> 
     </span>
    </p>
   </div>
   <div class='ocr_carea' id='block_1_13' title="bbox 1387 2620 2546 3473">
    <p class='ocr_par' dir='ltr' id='par_1_15' title="bbox 1387 2620 2546 3473">
     <span class='ocr_line' id='line_1_82' title="bbox 1391 2620 2491 2683; baseline 0.01 -21"><span class='ocrx_word' id='word_1_497' title='bbox 1391 2620 1520 2666; x_wconf 83' lang='lat' dir='ltr'>Pacta</span> <span class='ocrx_word' id='word_1_498' title='bbox 1546 2630 1698 2677; x_wconf 84' lang='lat' dir='ltr'>parant</span> <span class='ocrx_word' id='word_1_499' title='bbox 1714 2637 1854 2679; x_wconf 81' lang='lat' dir='ltr'>reges,</span> <span class='ocrx_word' id='word_1_500' title='bbox 1880 2632 1926 2668; x_wconf 88' lang='lat' dir='ltr'>ut</span> <span class='ocrx_word' id='word_1_501' title='bbox 1948 2625 2079 2670; x_wconf 83' lang='lat' dir='ltr'>frater</span> <span class='ocrx_word' id='word_1_502' title='bbox 2101 2635 2281 2683; x_wconf 87' lang='lat' dir='ltr'>uterque</span> <span class='ocrx_word' id='word_1_503' title='bbox 2299 2635 2491 2679; x_wconf 81' lang='lat' dir='ltr'>vocetur,</span> 
     </span>
     <span class='ocr_line' id='line_1_83' title="bbox 1391 2695 2546 2756; baseline 0.009 -19"><span class='ocrx_word' id='word_1_504' title='bbox 1391 2695 1548 2739; x_wconf 83' lang='lat' dir='ltr'>Dividit</span> <span class='ocrx_word' id='word_1_505' title='bbox 1570 2698 1810 2753; x_wconf 86' lang='lat' dir='ltr'>imperium,</span> <span class='ocrx_word' id='word_1_506' title='bbox 1839 2699 1913 2741; x_wconf 88' lang='lat' dir='ltr'>sed</span> <span class='ocrx_word' id='word_1_507' title='bbox 1937 2699 2072 2742; x_wconf 87' lang='lat' dir='ltr'>honor</span> <span class='ocrx_word' id='word_1_508' title='bbox 2089 2702 2328 2745; x_wconf 87' lang='lat' dir='ltr'>eommunis</span> <span class='ocrx_word' id='word_1_509' title='bbox 2353 2701 2546 2756; x_wconf 82' lang='lat' dir='ltr'>habetur,</span> 
     </span>
     <span class='ocr_line' id='line_1_84' title="bbox 1447 2767 2430 2822; baseline 0.008 -12"><span class='ocrx_word' id='word_1_510' title='bbox 1447 2767 1592 2812; x_wconf 79' lang='lat' dir='ltr'>Graeca</span> <span class='ocrx_word' id='word_1_511' title='bbox 1617 2774 1732 2814; x_wconf 81' lang='lat' dir='ltr'>tenet</span> <span class='ocrx_word' id='word_1_512' title='bbox 1758 2770 1946 2822; x_wconf 58' lang='lat' dir='ltr'>Graecus,</span> <span class='ocrx_word' id='word_1_513' title='bbox 1969 2771 2015 2814; x_wconf 80' lang='lat' dir='ltr'>fit</span> <span class='ocrx_word' id='word_1_514' title='bbox 2034 2772 2115 2815; x_wconf 86' lang='lat' dir='ltr'>sibi</span> <span class='ocrx_word' id='word_1_515' title='bbox 2136 2771 2271 2815; x_wconf 81' lang='lat' dir='ltr'>Roma</span> <span class='ocrx_word' id='word_1_516' title='bbox 2292 2780 2430 2818; x_wconf 85' lang='lat' dir='ltr'>vetus.</span> 
     </span>
     <span class='ocr_line' id='line_1_85' title="bbox 1392 2838 2462 2899; baseline 0.006 -16"><span class='ocrx_word' id='word_1_517' title='bbox 1392 2838 1514 2884; x_wconf 78' lang='lat' dir='ltr'>Unde</span> <span class='ocrx_word' id='word_1_518' title='bbox 1539 2841 1633 2885; x_wconf 82' lang='lat' dir='ltr'>duae</span> <span class='ocrx_word' id='word_1_519' title='bbox 1657 2854 1835 2886; x_wconf 80' lang='lat' dir='ltr'>summae</span> <span class='ocrx_word' id='word_1_520' title='bbox 1849 2849 2071 2899; x_wconf 79' lang='lat' dir='ltr'>gestantur</span> <span class='ocrx_word' id='word_1_521' title='bbox 2093 2843 2137 2886; x_wconf 87' lang='lat' dir='ltr'>in</span> <span class='ocrx_word' id='word_1_522' title='bbox 2160 2844 2262 2887; x_wconf 85' lang='lat' dir='ltr'>orbe</span> <span class='ocrx_word' id='word_1_523' title='bbox 2279 2857 2462 2897; x_wconf 77' lang='lat' dir='ltr'>coronae,</span> 
     </span>
     <span class='ocr_line' id='line_1_86' title="bbox 1393 2911 2414 2971; baseline 0.006 -16"><span class='ocrx_word' id='word_1_524' title='bbox 1393 2911 1436 2955; x_wconf 79' lang='lat' dir='ltr'>Si</span> <span class='ocrx_word' id='word_1_525' title='bbox 1459 2912 1539 2956; x_wconf 77' lang='lat' dir='ltr'>suit</span> <span class='ocrx_word' id='word_1_526' title='bbox 1560 2925 1644 2956; x_wconf 88' lang='lat' dir='ltr'>una</span> <span class='ocrx_word' id='word_1_527' title='bbox 1667 2915 1803 2970; x_wconf 82' lang='lat' dir='ltr'>prius,</span> <span class='ocrx_word' id='word_1_528' title='bbox 1830 2915 1940 2958; x_wconf 83' lang='lat' dir='ltr'>blnae</span> <span class='ocrx_word' id='word_1_529' title='bbox 1962 2921 2060 2958; x_wconf 88' lang='lat' dir='ltr'>sunt</span> <span class='ocrx_word' id='word_1_530' title='bbox 2081 2917 2230 2960; x_wconf 81' lang='lat' dir='ltr'>ordine</span> <span class='ocrx_word' id='word_1_531' title='bbox 2251 2915 2414 2971; x_wconf 78' lang='lat' dir='ltr'>Romae,</span> 
     </span>
     <span class='ocr_line' id='line_1_87' title="bbox 1446 2984 2406 3044; baseline 0.006 -16"><span class='ocrx_word' id='word_1_532' title='bbox 1446 2984 1566 3029; x_wconf 86' lang='lat' dir='ltr'>Unus</span> <span class='ocrx_word' id='word_1_533' title='bbox 1588 2991 1679 3029; x_wconf 86' lang='lat' dir='ltr'>erat</span> <span class='ocrx_word' id='word_1_534' title='bbox 1697 2985 1855 3038; x_wconf 75' lang='lat' dir='ltr'>Cresar,</span> <span class='ocrx_word' id='word_1_535' title='bbox 1886 3001 2002 3031; x_wconf 85' lang='lat' dir='ltr'>nunc</span> <span class='ocrx_word' id='word_1_536' title='bbox 2026 2988 2110 3032; x_wconf 83' lang='lat' dir='ltr'>duo</span> <span class='ocrx_word' id='word_1_537' title='bbox 2130 2989 2228 3044; x_wconf 89' lang='lat' dir='ltr'>jura</span> <span class='ocrx_word' id='word_1_538' title='bbox 2248 2991 2406 3035; x_wconf 81' lang='lat' dir='ltr'>colent.</span> 
     </span>
     <span class='ocr_line' id='line_1_88' title="bbox 1390 3055 2487 3115; baseline 0.007 -17"><span class='ocrx_word' id='word_1_539' title='bbox 1390 3055 1511 3099; x_wconf 82' lang='lat' dir='ltr'>Unus</span> <span class='ocrx_word' id='word_1_540' title='bbox 1533 3062 1625 3099; x_wconf 84' lang='lat' dir='ltr'>erat</span> <span class='ocrx_word' id='word_1_541' title='bbox 1645 3057 1844 3101; x_wconf 83' lang='lat' dir='ltr'>dominus</span> <span class='ocrx_word' id='word_1_542' title='bbox 1872 3059 2035 3110; x_wconf 87' lang='lat' dir='ltr'>mundi,</span> <span class='ocrx_word' id='word_1_543' title='bbox 2056 3061 2284 3114; x_wconf 80' lang='lat' dir='ltr'>praecelsus</span> <span class='ocrx_word' id='word_1_544' title='bbox 2309 3061 2487 3115; x_wconf 81' lang='lat' dir='ltr'>honore,</span> 
     </span>
     <span class='ocr_line' id='line_1_89' title="bbox 1388 3128 2526 3187; baseline 0.007 -16"><span class='ocrx_word' id='word_1_545' title='bbox 1388 3128 1510 3172; x_wconf 84' lang='lat' dir='ltr'>Nunc</span> <span class='ocrx_word' id='word_1_546' title='bbox 1535 3131 1619 3172; x_wconf 91' lang='lat' dir='ltr'>duo</span> <span class='ocrx_word' id='word_1_547' title='bbox 1650 3136 1751 3174; x_wconf 87' lang='lat' dir='ltr'>sunt</span> <span class='ocrx_word' id='word_1_548' title='bbox 1783 3130 1962 3174; x_wconf 82' lang='lat' dir='ltr'>fratrum</span> <span class='ocrx_word' id='word_1_549' title='bbox 1986 3130 2116 3187; x_wconf 86' lang='lat' dir='ltr'>dupla</span> <span class='ocrx_word' id='word_1_550' title='bbox 2144 3134 2312 3177; x_wconf 87' lang='lat' dir='ltr'>ratione</span> <span class='ocrx_word' id='word_1_551' title='bbox 2333 3134 2526 3185; x_wconf 83' lang='lat' dir='ltr'>decores,</span> 
     </span>
     <span class='ocr_line' id='line_1_90' title="bbox 1443 3200 2447 3260; baseline 0.006 -17"><span class='ocrx_word' id='word_1_552' title='bbox 1443 3200 1607 3246; x_wconf 83' lang='lat' dir='ltr'>Fratris</span> <span class='ocrx_word' id='word_1_553' title='bbox 1629 3203 1768 3246; x_wconf 86' lang='lat' dir='ltr'>adhuc</span> <span class='ocrx_word' id='word_1_554' title='bbox 1789 3216 1945 3247; x_wconf 85' lang='lat' dir='ltr'>nomen</span> <span class='ocrx_word' id='word_1_555' title='bbox 1971 3203 2130 3260; x_wconf 80' lang='lat' dir='ltr'>lingere</span> <span class='ocrx_word' id='word_1_556' title='bbox 2157 3217 2268 3260; x_wconf 78' lang='lat' dir='ltr'>saepe</span> <span class='ocrx_word' id='word_1_557' title='bbox 2295 3207 2447 3249; x_wconf 87' lang='lat' dir='ltr'>solent.</span> 
     </span>
     <span class='ocr_line' id='line_1_91' title="bbox 1387 3271 2365 3331; baseline 0.002 -16"><span class='ocrx_word' id='word_1_558' title='bbox 1387 3271 1549 3315; x_wconf 77' lang='lat' dir='ltr'>Graecia</span> <span class='ocrx_word' id='word_1_559' title='bbox 1575 3273 1796 3328; x_wconf 81' lang='lat' dir='ltr'>transegit,</span> <span class='ocrx_word' id='word_1_560' title='bbox 1824 3274 1981 3329; x_wconf 84' lang='lat' dir='ltr'>placuit</span> <span class='ocrx_word' id='word_1_561' title='bbox 2003 3276 2235 3319; x_wconf 84' lang='lat' dir='ltr'>transactio</span> <span class='ocrx_word' id='word_1_562' title='bbox 2260 3277 2365 3331; x_wconf 82' lang='lat' dir='ltr'>regi,</span> 
     </span>
     <span class='ocr_line' id='line_1_92' title="bbox 1387 3342 2458 3403; baseline 0.003 -17"><span class='ocrx_word' id='word_1_563' title='bbox 1387 3342 1611 3388; x_wconf 85' lang='lat' dir='ltr'>Consensu</span> <span class='ocrx_word' id='word_1_564' title='bbox 1639 3343 1774 3387; x_wconf 82' lang='lat' dir='ltr'>Graeci</span> <span class='ocrx_word' id='word_1_565' title='bbox 1796 3345 1974 3389; x_wconf 85' lang='lat' dir='ltr'>Carolus</span> <span class='ocrx_word' id='word_1_566' title='bbox 2003 3346 2085 3388; x_wconf 88' lang='lat' dir='ltr'>sibi</span> <span class='ocrx_word' id='word_1_567' title='bbox 2111 3347 2280 3389; x_wconf 74' lang='lat' dir='ltr'>culinen</span> <span class='ocrx_word' id='word_1_568' title='bbox 2303 3347 2458 3403; x_wconf 81' lang='lat' dir='ltr'>adegit,</span> 
     </span>
     <span class='ocr_line' id='line_1_93' title="bbox 1444 3415 2401 3473; baseline 0.003 -15"><span class='ocrx_word' id='word_1_569' title='bbox 1444 3415 1628 3473; x_wconf 78' lang='lat' dir='ltr'>Legibus</span> <span class='ocrx_word' id='word_1_570' title='bbox 1651 3418 1835 3460; x_wconf 81' lang='lat' dir='ltr'>obtinuit</span> <span class='ocrx_word' id='word_1_571' title='bbox 1854 3418 1969 3472; x_wconf 86' lang='lat' dir='ltr'>quod</span> <span class='ocrx_word' id='word_1_572' title='bbox 1993 3419 2114 3473; x_wconf 84' lang='lat' dir='ltr'>quasi</span> <span class='ocrx_word' id='word_1_573' title='bbox 2143 3420 2285 3473; x_wconf 77' lang='lat' dir='ltr'>praed-a</span> <span class='ocrx_word' id='word_1_574' title='bbox 2306 3419 2401 3462; x_wconf 83' lang='lat' dir='ltr'>fuit.</span> 
     </span>
    </p>
   </div>
   <div class='ocr_carea' id='block_1_14' title="bbox 67 3458 2354 3542">
    <p class='ocr_par' dir='ltr' id='par_1_16' title="bbox 67 3458 2354 3542">
     <span class='ocr_line' id='line_1_94' title="bbox 67 3458 2354 3542; baseline 0.006 -41"><span class='ocrx_word' id='word_1_575' title='bbox 67 3458 222 3501; x_wconf 74' lang='lat' dir='ltr'>tuitur.</span> <span class='ocrx_word' id='word_1_576' title='bbox 255 3458 338 3502; x_wconf 83' lang='lat' dir='ltr'>Iste</span> <span class='ocrx_word' id='word_1_577' title='bbox 373 3461 546 3504; x_wconf 83' lang='lat' dir='ltr'>nuntios</span> <span class='ocrx_word' id='word_1_578' title='bbox 573 3459 734 3512; x_wconf 89' lang='lat' dir='ltr'>Caroli,</span> <span class='ocrx_word' id='word_1_579' title='bbox 760 3462 813 3505; x_wconf 89' lang='lat' dir='ltr'>ad</span> <span class='ocrx_word' id='word_1_580' title='bbox 838 3469 1152 3507; x_wconf 80' lang='lat' dir='ltr'>antecessorem</span> <span class='ocrx_word' id='word_1_581' title='bbox 1180 3478 1307 3508; x_wconf 88' lang='lat' dir='ltr'>suum</span> <span class='ocrx_word' id='word_1_582' title='bbox 1333 3464 1366 3506; x_wconf 88' lang='lat' dir='ltr'>D</span> <span class='ocrx_word' id='word_1_583' title='bbox 1389 3487 1504 3531; x_wconf 57' lang='lat' dir='ltr'>More</span> <span class='ocrx_word' id='word_1_584' title='bbox 1532 3501 1610 3531; x_wconf 69' lang='lat' dir='ltr'>suo</span> <span class='ocrx_word' id='word_1_585' title='bbox 1637 3488 1794 3532; x_wconf 52' lang='lat' dir='ltr'><strong>fratres</strong></span> <span class='ocrx_word' id='word_1_586' title='bbox 1820 3491 1892 3531; x_wconf 60' lang='lat' dir='ltr'>mli</span> <span class='ocrx_word' id='word_1_587' title='bbox 1917 3495 2017 3533; x_wconf 62' lang='lat' dir='ltr'><strong>sunt</strong></span> <span class='ocrx_word' id='word_1_588' title='bbox 2045 3489 2205 3533; x_wconf 60' lang='lat' dir='ltr'>soedem</span> <span class='ocrx_word' id='word_1_589' title='bbox 2235 3491 2354 3542; x_wconf 55' lang='lat' dir='ltr'>sami,</span> 
     </span>
    </p>
   </div>
   <div class='ocr_carea' id='block_1_15' title="bbox 67 3529 1306 3805">
    <p class='ocr_par' dir='ltr' id='par_1_17' title="bbox 67 3529 1306 3805">
     <span class='ocr_line' id='line_1_95' title="bbox 70 3529 1306 3590; baseline 0.007 -18"><span class='ocrx_word' id='word_1_590' title='bbox 70 3529 227 3573; x_wconf 78' lang='lat' dir='ltr'>missos</span> <span class='ocrx_word' id='word_1_591' title='bbox 251 3530 486 3577; x_wconf 81' lang='lat' dir='ltr'>honorifice</span> <span class='ocrx_word' id='word_1_592' title='bbox 509 3531 689 3584; x_wconf 86' lang='lat' dir='ltr'>dimisit,</span> <span class='ocrx_word' id='word_1_593' title='bbox 715 3545 903 3589; x_wconf 85' lang='lat' dir='ltr'>suosque</span> <span class='ocrx_word' id='word_1_594' title='bbox 939 3535 1101 3590; x_wconf 77' lang='lat' dir='ltr'>legatos</span> <span class='ocrx_word' id='word_1_595' title='bbox 1121 3548 1219 3578; x_wconf 87' lang='lat' dir='ltr'>eum</span> <span class='ocrx_word' id='word_1_596' title='bbox 1243 3537 1306 3581; x_wconf 87' lang='lat' dir='ltr'>eis</span> 
     </span>
     <span class='ocr_line' id='line_1_96' title="bbox 67 3601 1305 3660; baseline 0.006 -16"><span class='ocrx_word' id='word_1_597' title='bbox 67 3602 124 3644; x_wconf 67' lang='lat' dir='ltr'>ad</span> <span class='ocrx_word' id='word_1_598' title='bbox 145 3601 344 3645; x_wconf 85' lang='lat' dir='ltr'>Carolum</span> <span class='ocrx_word' id='word_1_599' title='bbox 367 3603 613 3658; x_wconf 84' lang='lat' dir='ltr'>destinavit,</span> <span class='ocrx_word' id='word_1_600' title='bbox 631 3611 673 3648; x_wconf 91' lang='lat' dir='ltr'>et</span> <span class='ocrx_word' id='word_1_601' title='bbox 694 3617 843 3660; x_wconf 87' lang='lat' dir='ltr'>pacem</span> <span class='ocrx_word' id='word_1_602' title='bbox 865 3617 963 3649; x_wconf 84' lang='lat' dir='ltr'>cum</span> <span class='ocrx_word' id='word_1_603' title='bbox 988 3621 1040 3651; x_wconf 90' lang='lat' dir='ltr'>eo</span> <span class='ocrx_word' id='word_1_604' title='bbox 1059 3615 1305 3652; x_wconf 83' lang='lat' dir='ltr'>renovatam</span> 
     </span>
     <span class='ocr_line' id='line_1_97' title="bbox 70 3671 1304 3734; baseline 0.005 -16"><span class='ocrx_word' id='word_1_605' title='bbox 70 3671 270 3719; x_wconf 67' lang='lat' dir='ltr'>firmavit.</span> <span class='ocrx_word' id='word_1_606' title='bbox 294 3675 334 3719; x_wconf 85' lang='lat' dir='ltr'>ls</span> <span class='ocrx_word' id='word_1_607' title='bbox 370 3676 500 3720; x_wconf 85' lang='lat' dir='ltr'>etlam</span> <span class='ocrx_word' id='word_1_608' title='bbox 525 3678 625 3720; x_wconf 86' lang='lat' dir='ltr'>dum</span> <span class='ocrx_word' id='word_1_609' title='bbox 658 3687 807 3723; x_wconf 77' lang='lat' dir='ltr'>contra</span> <span class='ocrx_word' id='word_1_610' title='bbox 835 3678 1041 3734; x_wconf 78' lang='lat' dir='ltr'>Balgaros</span> <span class='ocrx_word' id='word_1_611' title='bbox 1069 3681 1304 3725; x_wconf 77' lang='lat' dir='ltr'>exercitum</span> 
     </span>
     <span class='ocr_line' id='line_1_98' title="bbox 72 3747 1302 3805; baseline 0.005 -15"><span class='ocrx_word' id='word_1_612' title='bbox 72 3747 202 3798; x_wconf 87' lang='lat' dir='ltr'>ducit,</span> <span class='ocrx_word' id='word_1_613' title='bbox 232 3760 319 3792; x_wconf 86' lang='lat' dir='ltr'>non</span> <span class='ocrx_word' id='word_1_614' title='bbox 356 3749 573 3805; x_wconf 79' lang='lat' dir='ltr'>prosperis</span> <span class='ocrx_word' id='word_1_615' title='bbox 610 3763 715 3795; x_wconf 87' lang='lat' dir='ltr'>usus</span> <span class='ocrx_word' id='word_1_616' title='bbox 747 3752 1302 3805; x_wconf 72' lang='lat' dir='ltr'>successibus,revertitur,</span> 
     </span>
    </p>
   </div>
   <div class='ocr_carea' id='block_1_16' title="bbox 2 3816 984 3875">
    <p class='ocr_par' dir='ltr' id='par_1_18' title="bbox 2 3816 984 3875">
     <span class='ocr_line' id='line_1_99' title="bbox 2 3816 984 3875; baseline 0.007 -15"><span class='ocrx_word' id='word_1_617' title='bbox 2 3866 3 3871; x_wconf 62' lang='lat'>,</span> <span class='ocrx_word' id='word_1_618' title='bbox 36 3835 38 3837; x_wconf 91' lang='lat'>·</span> <span class='ocrx_word' id='word_1_619' title='bbox 73 3816 349 3874; x_wconf 77' lang='lat' dir='ltr'>depositoque</span> <span class='ocrx_word' id='word_1_620' title='bbox 373 3831 505 3875; x_wconf 83' lang='lat' dir='ltr'>regno</span> <span class='ocrx_word' id='word_1_621' title='bbox 528 3821 767 3866; x_wconf 81' lang='lat' dir='ltr'>monachus</span> <span class='ocrx_word' id='word_1_622' title='bbox 787 3821 984 3867; x_wconf 84' lang='lat' dir='ltr'>efficitur.</span> 
     </span>
    </p>
   </div>
   <div class='ocr_carea' id='block_1_17' title="bbox 73 3902 1305 4019">
    <p class='ocr_par' dir='ltr' id='par_1_19' title="bbox 73 3902 1305 4019">
     <span class='ocr_line' id='line_1_100' title="bbox 73 3902 1305 3974; baseline 0.006 -27"><span class='ocrx_word' id='word_1_623' title='bbox 73 3902 133 3946; x_wconf 83' lang='lat' dir='ltr'>De</span> <span class='ocrx_word' id='word_1_624' title='bbox 153 3905 285 3949; x_wconf 83' lang='lat' dir='ltr'>Leone</span> <span class='ocrx_word' id='word_1_625' title='bbox 318 3906 555 3950; x_wconf 68' lang='lat' dir='ltr'>Graecorum</span> <span class='ocrx_word' id='word_1_626' title='bbox 572 3909 843 3974; x_wconf 49' lang='lat' dir='ltr'>imperatore,</span> <span class='ocrx_word' id='word_1_627' title='bbox 869 3911 962 3966; x_wconf 76' lang='lat' dir='ltr'>jam</span> <span class='ocrx_word' id='word_1_628' title='bbox 992 3910 1143 3955; x_wconf 82' lang='lat' dir='ltr'>Carolo</span> <span class='ocrx_word' id='word_1_629' title='bbox 1164 3911 1305 3954; x_wconf 70' lang='lat' dir='ltr'>Romu:</span> 
     </span>
     <span class='ocr_line' id='line_1_101' title="bbox 565 3974 805 4019; baseline 0.013 -13"><span class='ocrx_word' id='word_1_630' title='bbox 565 3974 805 4019; x_wconf 72' lang='lat' dir='ltr'>tmperante.</span> 
     </span>
    </p>
   </div>
   <div class='ocr_carea' id='block_1_18' title="bbox 73 4032 1304 4165">
    <p class='ocr_par' dir='ltr' id='par_1_20' title="bbox 73 4032 1304 4165">
     <span class='ocr_line' id='line_1_102' title="bbox 129 4032 1301 4095; baseline 0.006 -21"><span class='ocrx_word' id='word_1_631' title='bbox 129 4032 211 4076; x_wconf 85' lang='lat' dir='ltr'>Leo</span> <span class='ocrx_word' id='word_1_632' title='bbox 247 4035 360 4078; x_wconf 74' lang='lat' dir='ltr'>tilius</span> <span class='ocrx_word' id='word_1_633' title='bbox 390 4034 517 4078; x_wconf 84' lang='lat' dir='ltr'>Bardi</span> <span class='ocrx_word' id='word_1_634' title='bbox 557 4038 742 4091; x_wconf 82' lang='lat' dir='ltr'>patricii,</span> <span class='ocrx_word' id='word_1_635' title='bbox 781 4039 1012 4095; x_wconf 87' lang='lat' dir='ltr'>imperator</span> <span class='ocrx_word' id='word_1_636' title='bbox 1048 4040 1093 4081; x_wconf 87' lang='lat' dir='ltr'>in</span> <span class='ocrx_word' id='word_1_637' title='bbox 1123 4037 1301 4090; x_wconf 70' lang='lat' dir='ltr'>Graecia,</span> 
     </span>
     <span class='ocr_line' id='line_1_103' title="bbox 73 4107 1304 4165; baseline 0.005 -19"><span class='ocrx_word' id='word_1_638' title='bbox 73 4114 168 4147; x_wconf 86' lang='lat' dir='ltr'>cum</span> <span class='ocrx_word' id='word_1_639' title='bbox 187 4111 271 4160; x_wconf 75' lang='lat' dir='ltr'>quo</span> <span class='ocrx_word' id='word_1_640' title='bbox 293 4119 442 4151; x_wconf 78' lang='lat' dir='ltr'>rursus</span> <span class='ocrx_word' id='word_1_641' title='bbox 457 4107 637 4153; x_wconf 77' lang='lat' dir='ltr'>Carolus</span> <span class='ocrx_word' id='word_1_642' title='bbox 651 4121 798 4165; x_wconf 83' lang='lat' dir='ltr'>pacem</span> <span class='ocrx_word' id='word_1_643' title='bbox 816 4116 1064 4165; x_wconf 86' lang='lat' dir='ltr'>perpetuam</span> <span class='ocrx_word' id='word_1_644' title='bbox 1076 4110 1158 4154; x_wconf 83' lang='lat' dir='ltr'>hoc</span> <span class='ocrx_word' id='word_1_645' title='bbox 1177 4110 1304 4154; x_wconf 86' lang='lat' dir='ltr'>modo</span> 
     </span>
    </p>
   </div>
   <div class='ocr_carea' id='block_1_19' title="bbox 0 4179 1306 4238">
    <p class='ocr_par' dir='ltr' id='par_1_21' title="bbox 0 4179 1306 4238">
     <span class='ocr_line' id='line_1_104' title="bbox 0 4179 1306 4238; baseline 0.005 -20"><span class='ocrx_word' id='word_1_646' title='bbox 0 4180 2 4186; x_wconf 73' lang='grc'><strong>“</strong></span> <span class='ocrx_word' id='word_1_647' title='bbox 74 4179 303 4232; x_wconf 82' lang='lat' dir='ltr'>componit,</span> <span class='ocrx_word' id='word_1_648' title='bbox 331 4184 378 4222; x_wconf 87' lang='lat' dir='ltr'>ut</span> <span class='ocrx_word' id='word_1_649' title='bbox 411 4181 518 4223; x_wconf 84' lang='lat' dir='ltr'>alter</span> <span class='ocrx_word' id='word_1_650' title='bbox 541 4181 717 4225; x_wconf 87' lang='lat' dir='ltr'>alterius</span> <span class='ocrx_word' id='word_1_651' title='bbox 755 4194 923 4238; x_wconf 81' lang='lat' dir='ltr'>semper</span> <span class='ocrx_word' id='word_1_652' title='bbox 954 4182 1086 4224; x_wconf 80' lang='lat' dir='ltr'>frater</span> <span class='ocrx_word' id='word_1_653' title='bbox 1109 4183 1306 4225; x_wconf 86' lang='lat' dir='ltr'>nomine-</span> 
     </span>
    </p>
   </div>
   <div class='ocr_carea' id='block_1_20' title="bbox 74 4246 1303 4310">
    <p class='ocr_par' dir='ltr' id='par_1_22' title="bbox 74 4246 1303 4310">
     <span class='ocr_line' id='line_1_105' title="bbox 74 4246 1303 4310; baseline 0.003 -18"><span class='ocrx_word' id='word_1_654' title='bbox 74 4254 156 4301; x_wconf 89' lang='lat' dir='ltr'>tur,</span> <span class='ocrx_word' id='word_1_655' title='bbox 181 4256 222 4294; x_wconf 87' lang='lat' dir='ltr'>et</span> <span class='ocrx_word' id='word_1_656' title='bbox 246 4251 352 4294; x_wconf 88' lang='lat' dir='ltr'>alter</span> <span class='ocrx_word' id='word_1_657' title='bbox 386 4252 441 4295; x_wconf 86' lang='lat' dir='ltr'>ab</span> <span class='ocrx_word' id='word_1_658' title='bbox 472 4254 606 4297; x_wconf 86' lang='lat' dir='ltr'>altero</span> <span class='ocrx_word' id='word_1_659' title='bbox 629 4246 796 4310; x_wconf 87' lang='lat' dir='ltr'>semper</span> <span class='ocrx_word' id='word_1_660' title='bbox 813 4255 1002 4310; x_wconf 70' lang='lat' dir='ltr'>iuvetur,</span> <span class='ocrx_word' id='word_1_661' title='bbox 1026 4254 1200 4299; x_wconf 83' lang='lat' dir='ltr'>Graecus</span> <span class='ocrx_word' id='word_1_662' title='bbox 1225 4266 1303 4297; x_wconf 87' lang='lat' dir='ltr'>au·-</span> 
     </span>
    </p>
   </div>
   <div class='ocr_carea' id='block_1_21' title="bbox 0 4321 1303 4382">
    <p class='ocr_par' dir='ltr' id='par_1_23' title="bbox 0 4321 1303 4382">
     <span class='ocr_line' id='line_1_106' title="bbox 0 4321 1303 4382; baseline 0.007 -23"><span class='ocrx_word' id='word_1_663' title='bbox 0 4330 2 4358; x_wconf 70' lang='grc' dir='ltr'><em>ε</em></span> <span class='ocrx_word' id='word_1_664' title='bbox 68 4321 161 4362; x_wconf 71' lang='lat' dir='ltr'>=tem</span> <span class='ocrx_word' id='word_1_665' title='bbox 183 4322 414 4377; x_wconf 86' lang='lat' dir='ltr'>imperator</span> <span class='ocrx_word' id='word_1_666' title='bbox 435 4322 668 4375; x_wconf 86' lang='lat' dir='ltr'>Orientem,</span> <span class='ocrx_word' id='word_1_667' title='bbox 692 4325 874 4370; x_wconf 85' lang='lat' dir='ltr'>Carolus</span> <span class='ocrx_word' id='word_1_668' title='bbox 896 4339 999 4371; x_wconf 81' lang='lat' dir='ltr'>vero</span> <span class='ocrx_word' id='word_1_669' title='bbox 1028 4328 1179 4382; x_wconf 86' lang='lat' dir='ltr'>suique</span> <span class='ocrx_word' id='word_1_670' title='bbox 1201 4337 1303 4368; x_wconf 86' lang='lat' dir='ltr'>suc-</span> 
     </span>
    </p>
   </div>
   <div class='ocr_carea' id='block_1_22' title="bbox 67 4396 1302 4527">
    <p class='ocr_par' dir='ltr' id='par_1_24' title="bbox 67 4396 1302 4527">
     <span class='ocr_line' id='line_1_107' title="bbox 67 4396 1300 4443; baseline 0.003 -7"><span class='ocrx_word' id='word_1_671' title='bbox 67 4405 268 4439; x_wconf 63' lang='lat' dir='ltr'>cessores</span> <span class='ocrx_word' id='word_1_672' title='bbox 310 4396 494 4439; x_wconf 85' lang='lat' dir='ltr'>babeant</span> <span class='ocrx_word' id='word_1_673' title='bbox 548 4398 729 4443; x_wconf 79' lang='lat' dir='ltr'>Romam</span> <span class='ocrx_word' id='word_1_674' title='bbox 782 4412 880 4443; x_wconf 88' lang='lat' dir='ltr'>cnm</span> <span class='ocrx_word' id='word_1_675' title='bbox 924 4403 1015 4442; x_wconf 87' lang='lat' dir='ltr'>toto</span> <span class='ocrx_word' id='word_1_676' title='bbox 1056 4398 1300 4442; x_wconf 79' lang='lat' dir='ltr'>Occidente.</span> 
     </span>
     <span class='ocr_line' id='line_1_108' title="bbox 77 4463 1302 4527; baseline 0.003 -21"><span class='ocrx_word' id='word_1_677' title='bbox 77 4463 237 4516; x_wconf 80' lang='lat' dir='ltr'>Quibus</span> <span class='ocrx_word' id='word_1_678' title='bbox 265 4467 463 4512; x_wconf 87' lang='lat' dir='ltr'>omnibus</span> <span class='ocrx_word' id='word_1_679' title='bbox 487 4469 530 4511; x_wconf 88' lang='lat' dir='ltr'>in</span> <span class='ocrx_word' id='word_1_680' title='bbox 550 4481 697 4525; x_wconf 84' lang='lat' dir='ltr'>pacem</span> <span class='ocrx_word' id='word_1_681' title='bbox 721 4466 987 4527; x_wconf 84' lang='lat' dir='ltr'>compositis,</span> <span class='ocrx_word' id='word_1_682' title='bbox 1006 4470 1183 4514; x_wconf 85' lang='lat' dir='ltr'>Carolus</span> <span class='ocrx_word' id='word_1_683' title='bbox 1206 4481 1302 4511; x_wconf 86' lang='lat' dir='ltr'>ora-</span> 
     </span>
    </p>
   </div>
   <div class='ocr_carea' id='block_1_23' title="bbox 1383 3558 2478 3903">
    <p class='ocr_par' dir='ltr' id='par_1_25' title="bbox 1383 3558 2478 3832">
     <span class='ocr_line' id='line_1_109' title="bbox 1386 3558 2444 3616; baseline 0.002 -14"><span class='ocrx_word' id='word_1_684' title='bbox 1386 3558 1440 3602; x_wconf 79' lang='lat' dir='ltr'>Ut</span> <span class='ocrx_word' id='word_1_685' title='bbox 1465 3561 1590 3604; x_wconf 81' lang='lat' dir='ltr'>simul</span> <span class='ocrx_word' id='word_1_686' title='bbox 1618 3562 1841 3616; x_wconf 85' lang='lat' dir='ltr'>imperium</span> <span class='ocrx_word' id='word_1_687' title='bbox 1873 3568 2059 3611; x_wconf 82' lang='lat' dir='ltr'>teneant,</span> <span class='ocrx_word' id='word_1_688' title='bbox 2089 3574 2138 3605; x_wconf 84' lang='lat' dir='ltr'>ac</span> <span class='ocrx_word' id='word_1_689' title='bbox 2163 3574 2266 3616; x_wconf 85' lang='lat' dir='ltr'>pace</span> <span class='ocrx_word' id='word_1_690' title='bbox 2290 3562 2444 3613; x_wconf 83' lang='lat' dir='ltr'>coacti,</span> 
     </span>
     <span class='ocr_line' id='line_1_110' title="bbox 1439 3631 2401 3683; baseline 0.003 -10"><span class='ocrx_word' id='word_1_691' title='bbox 1439 3631 1574 3675; x_wconf 83' lang='lat' dir='ltr'>Roma</span> <span class='ocrx_word' id='word_1_692' title='bbox 1595 3639 1717 3676; x_wconf 78' lang='lat' dir='ltr'>vetus</span> <span class='ocrx_word' id='word_1_693' title='bbox 1740 3633 1916 3683; x_wconf 83' lang='lat' dir='ltr'>nostris,</span> <span class='ocrx_word' id='word_1_694' title='bbox 1945 3634 2019 3675; x_wconf 85' lang='lat' dir='ltr'>sed</span> <span class='ocrx_word' id='word_1_695' title='bbox 2042 3646 2150 3676; x_wconf 87' lang='lat' dir='ltr'>nova</span> <span class='ocrx_word' id='word_1_696' title='bbox 2174 3635 2303 3675; x_wconf 80' lang='lat' dir='ltr'>cessit</span> <span class='ocrx_word' id='word_1_697' title='bbox 2324 3635 2401 3676; x_wconf 88' lang='lat' dir='ltr'>eis.</span> 
     </span>
     <span class='ocr_line' id='line_1_111' title="bbox 1384 3703 2478 3760; baseline 0 -13"><span class='ocrx_word' id='word_1_698' title='bbox 1384 3703 1592 3754; x_wconf 86' lang='lat' dir='ltr'>Consilio,</span> <span class='ocrx_word' id='word_1_699' title='bbox 1621 3705 1777 3760; x_wconf 83' lang='lat' dir='ltr'>gladio,</span> <span class='ocrx_word' id='word_1_700' title='bbox 1804 3705 2038 3759; x_wconf 86' lang='lat' dir='ltr'>spondetur</span> <span class='ocrx_word' id='word_1_701' title='bbox 2066 3711 2296 3760; x_wconf 80' lang='lat' dir='ltr'>utrumque</span> <span class='ocrx_word' id='word_1_702' title='bbox 2320 3706 2478 3758; x_wconf 82' lang='lat' dir='ltr'>juvari,</span> 
     </span>
     <span class='ocr_line' id='line_1_112' title="bbox 1383 3775 2394 3832; baseline 0 -14"><span class='ocrx_word' id='word_1_703' title='bbox 1383 3776 1562 3818; x_wconf 81' lang='lat' dir='ltr'>Nomine</span> <span class='ocrx_word' id='word_1_704' title='bbox 1584 3775 1774 3819; x_wconf 80' lang='lat' dir='ltr'>fraterno</span> <span class='ocrx_word' id='word_1_705' title='bbox 1799 3782 1998 3819; x_wconf 84' lang='lat' dir='ltr'>censetur</span> <span class='ocrx_word' id='word_1_706' title='bbox 2021 3783 2200 3832; x_wconf 82' lang='lat' dir='ltr'>uterque</span> <span class='ocrx_word' id='word_1_707' title='bbox 2233 3778 2394 3827; x_wconf 83' lang='lat' dir='ltr'>vocari,</span> 
     </span>
    </p>

    <p class='ocr_par' dir='ltr' id='par_1_26' title="bbox 1438 3845 2394 3903">
     <span class='ocr_line' id='line_1_113' title="bbox 1438 3845 2394 3903; baseline 0.001 -15"><span class='ocrx_word' id='word_1_708' title='bbox 1438 3845 1536 3889; x_wconf 86' lang='lat' dir='ltr'>Vult</span> <span class='ocrx_word' id='word_1_709' title='bbox 1558 3847 1639 3889; x_wconf 87' lang='lat' dir='ltr'>sibi</span> <span class='ocrx_word' id='word_1_710' title='bbox 1660 3847 1757 3901; x_wconf 85' lang='lat' dir='ltr'>jure</span> <span class='ocrx_word' id='word_1_711' title='bbox 1782 3848 1874 3901; x_wconf 86' lang='lat' dir='ltr'>pari</span> <span class='ocrx_word' id='word_1_712' title='bbox 1898 3850 2064 3891; x_wconf 84' lang='lat' dir='ltr'>eulmen</span> <span class='ocrx_word' id='word_1_713' title='bbox 2088 3853 2266 3903; x_wconf 85' lang='lat' dir='ltr'>uterquc</span> <span class='ocrx_word' id='word_1_714' title='bbox 2286 3849 2394 3890; x_wconf 79' lang='lat' dir='ltr'>dari.</span> 
     </span>
    </p>
   </div>
   <div class='ocr_carea' id='block_1_24' title="bbox 1387 3916 2616 4017">
    <p class='ocr_par' dir='ltr' id='par_1_27' title="bbox 1387 3916 2616 4017">
     <span class='ocr_line' id='line_1_114' title="bbox 1387 3916 2616 4016; baseline 0.004 -58"><span class='ocrx_word' id='word_1_715' title='bbox 1387 3916 1443 3960; x_wconf 83' lang='lat' dir='ltr'>De</span> <span class='ocrx_word' id='word_1_716' title='bbox 1462 3925 1638 3972; x_wconf 84' lang='lat' dir='ltr'>quatuor</span> <span class='ocrx_word' id='word_1_717' title='bbox 1658 3918 1950 4016; x_wconf 73' lang='lat' dir='ltr'>principalibous</span> <span class='ocrx_word' id='word_1_718' title='bbox 1977 3919 2140 4015; x_wconf 47' lang='lat' dir='ltr'>sjdilms</span> <span class='ocrx_word' id='word_1_719' title='bbox 2166 3921 2326 3972; x_wconf 77' lang='lat' dir='ltr'>imperii</span> <span class='ocrx_word' id='word_1_720' title='bbox 2357 3919 2547 3972; x_wconf 78' lang='lat' dir='ltr'>Romani,</span> <span class='ocrx_word' id='word_1_721' title='bbox 2575 3923 2616 3963; x_wconf 78' lang='lat' dir='ltr'>in</span> 
     </span>
     <span class='ocr_line' id='line_1_115' title="bbox 1927 3982 2120 4017; baseline 0.01 -2"><span class='ocrx_word' id='word_1_722' title='bbox 1927 3988 1982 4015; x_wconf 64' lang='lat' dir='ltr'>cci</span> <span class='ocrx_word' id='word_1_723' title='bbox 2014 3982 2120 4017; x_wconf 78' lang='lat' dir='ltr'>ente,</span> 
     </span>
    </p>
   </div>
   <div class='ocr_carea' id='block_1_25' title="bbox 1383 4044 2611 4526">
    <p class='ocr_par' dir='ltr' id='par_1_28' title="bbox 1383 4044 2611 4171">
     <span class='ocr_line' id='line_1_116' title="bbox 1385 4044 2611 4102; baseline 0.003 -16"><span class='ocrx_word' id='word_1_724' title='bbox 1385 4044 1580 4087; x_wconf 77' lang='lat' dir='ltr'>Scribere</span> <span class='ocrx_word' id='word_1_725' title='bbox 1609 4056 1708 4088; x_wconf 87' lang='lat' dir='ltr'>vera</span> <span class='ocrx_word' id='word_1_726' title='bbox 1731 4046 1895 4096; x_wconf 86' lang='lat' dir='ltr'>volens,</span> <span class='ocrx_word' id='word_1_727' title='bbox 1923 4052 2027 4101; x_wconf 81' lang='lat' dir='ltr'>quot</span> <span class='ocrx_word' id='word_1_728' title='bbox 2050 4047 2133 4089; x_wconf 86' lang='lat' dir='ltr'>sint</span> <span class='ocrx_word' id='word_1_729' title='bbox 2157 4047 2249 4088; x_wconf 88' lang='lat' dir='ltr'>loca</span> <span class='ocrx_word' id='word_1_730' title='bbox 2259 4047 2408 4102; x_wconf 60' lang='lat' dir='ltr'>*prima</span> <span class='ocrx_word' id='word_1_731' title='bbox 2427 4058 2611 4100; x_wconf 65' lang='lat' dir='ltr'>coronae,</span> 
     </span>
     <span class='ocr_line' id='line_1_117' title="bbox 1383 4115 2284 4171; baseline 0.001 -14"><span class='ocrx_word' id='word_1_732' title='bbox 1383 4115 1576 4167; x_wconf 85' lang='lat' dir='ltr'>Quatuor</span> <span class='ocrx_word' id='word_1_733' title='bbox 1598 4116 1763 4171; x_wconf 86' lang='lat' dir='ltr'>imperii</span> <span class='ocrx_word' id='word_1_734' title='bbox 1787 4119 1908 4161; x_wconf 82' lang='lat' dir='ltr'>sedes</span> <span class='ocrx_word' id='word_1_735' title='bbox 1929 4119 2051 4161; x_wconf 87' lang='lat' dir='ltr'>video</span> <span class='ocrx_word' id='word_1_736' title='bbox 2082 4118 2247 4162; x_wconf 85' lang='lat' dir='ltr'>ratione</span> <span class='ocrx_word' id='word_1_737' title='bbox 2274 4131 2284 4158; x_wconf 88' lang='lat'>:</span> 
     </span>
    </p>

    <p class='ocr_par' dir='ltr' id='par_1_29' title="bbox 1383 4188 2495 4386">
     <span class='ocr_line' id='line_1_118' title="bbox 1437 4188 2412 4244; baseline 0.001 -14"><span class='ocrx_word' id='word_1_738' title='bbox 1437 4188 1618 4231; x_wconf 86' lang='lat' dir='ltr'>Nomina</span> <span class='ocrx_word' id='word_1_739' title='bbox 1640 4202 1889 4244; x_wconf 83' lang='lat' dir='ltr'>proponam,</span> <span class='ocrx_word' id='word_1_740' title='bbox 1912 4190 2023 4232; x_wconf 85' lang='lat' dir='ltr'>sicut</span> <span class='ocrx_word' id='word_1_741' title='bbox 2052 4197 2093 4232; x_wconf 88' lang='lat' dir='ltr'>et</span> <span class='ocrx_word' id='word_1_742' title='bbox 2119 4196 2212 4232; x_wconf 86' lang='lat' dir='ltr'>acta</span> <span class='ocrx_word' id='word_1_743' title='bbox 2245 4198 2412 4232; x_wconf 86' lang='lat' dir='ltr'>sonant.</span> 
     </span>
     <span class='ocr_line' id='line_1_119' title="bbox 1383 4260 2495 4316; baseline 0 -14"><span class='ocrx_word' id='word_1_744' title='bbox 1383 4260 1551 4303; x_wconf 85' lang='lat' dir='ltr'>Primus</span> <span class='ocrx_word' id='word_1_745' title='bbox 1572 4260 1829 4316; x_wconf 79' lang='lat' dir='ltr'>Aquisgrani</span> <span class='ocrx_word' id='word_1_746' title='bbox 1852 4262 1971 4303; x_wconf 87' lang='lat' dir='ltr'>locus</span> <span class='ocrx_word' id='word_1_747' title='bbox 1992 4267 2072 4311; x_wconf 88' lang='lat' dir='ltr'>est,</span> <span class='ocrx_word' id='word_1_748' title='bbox 2091 4267 2186 4315; x_wconf 85' lang='lat' dir='ltr'>post</span> <span class='ocrx_word' id='word_1_749' title='bbox 2210 4261 2300 4303; x_wconf 84' lang='lat' dir='ltr'>haec</span> <span class='ocrx_word' id='word_1_750' title='bbox 2322 4260 2495 4313; x_wconf 77' lang='lat' dir='ltr'>Arelati,</span> 
     </span>
     <span class='ocr_line' id='line_1_120' title="bbox 1383 4327 2170 4386; baseline 0.003 -16"><span class='ocrx_word' id='word_1_751' title='bbox 1383 4327 1483 4372; x_wconf 71' lang='lat' dir='ltr'>Inde</span> <span class='ocrx_word' id='word_1_752' title='bbox 1505 4329 1723 4373; x_wconf 81' lang='lat' dir='ltr'>Modoetiae</span> <span class='ocrx_word' id='word_1_753' title='bbox 1746 4330 1876 4386; x_wconf 87' lang='lat' dir='ltr'>regali</span> <span class='ocrx_word' id='word_1_754' title='bbox 1901 4332 2000 4374; x_wconf 83' lang='lat' dir='ltr'>sede</span> <span class='ocrx_word' id='word_1_755' title='bbox 2022 4331 2170 4382; x_wconf 80' lang='lat' dir='ltr'>locari,</span> 
     </span>
    </p>

    <p class='ocr_par' dir='ltr' id='par_1_30' title="bbox 1384 4399 2375 4526">
     <span class='ocr_line' id='line_1_121' title="bbox 1437 4399 2317 4446; baseline 0.006 -5"><span class='ocrx_word' id='word_1_756' title='bbox 1437 4399 1540 4444; x_wconf 90' lang='lat' dir='ltr'>Post</span> <span class='ocrx_word' id='word_1_757' title='bbox 1563 4401 1670 4444; x_wconf 86' lang='lat' dir='ltr'>solet</span> <span class='ocrx_word' id='word_1_758' title='bbox 1689 4400 1818 4444; x_wconf 85' lang='lat' dir='ltr'>Italiae</span> <span class='ocrx_word' id='word_1_759' title='bbox 1841 4414 2006 4445; x_wconf 88' lang='lat' dir='ltr'>summa</span> <span class='ocrx_word' id='word_1_760' title='bbox 2029 4414 2187 4444; x_wconf 88' lang='lat' dir='ltr'>corona</span> <span class='ocrx_word' id='word_1_761' title='bbox 2209 4401 2317 4446; x_wconf 84' lang='lat' dir='ltr'>dari.</span> 
     </span>
     <span class='ocr_line' id='line_1_122' title="bbox 1384 4470 2375 4526; baseline -0.001 -11"><span class='ocrx_word' id='word_1_762' title='bbox 1384 4470 1526 4515; x_wconf 67' lang='lat' dir='ltr'>Caesar</span> <span class='ocrx_word' id='word_1_763' title='bbox 1543 4472 1734 4517; x_wconf 84' lang='lat' dir='ltr'>Romano</span> <span class='ocrx_word' id='word_1_764' title='bbox 1756 4486 1852 4517; x_wconf 87' lang='lat' dir='ltr'>cum</span> <span class='ocrx_word' id='word_1_765' title='bbox 1873 4474 1962 4517; x_wconf 80' lang='lat' dir='ltr'>vult</span> <span class='ocrx_word' id='word_1_766' title='bbox 1985 4472 2221 4517; x_wconf 86' lang='lat' dir='ltr'>diademate</span> <span class='ocrx_word' id='word_1_767' title='bbox 2245 4473 2375 4526; x_wconf 64' lang='lat' dir='ltr'>fungi,</span> 
     </span>
    </p>
   </div>
  </div>
 </body>
</html>
