<?xml version="1.0" encoding="UTF-8"?>
<!DOCTYPE html PUBLIC "-//W3C//DTD XHTML 1.0 Transitional//EN"
    "http://www.w3.org/TR/xhtml1/DTD/xhtml1-transitional.dtd">
<html xmlns="http://www.w3.org/1999/xhtml" xml:lang="en" lang="en">
 <head>
  <title>
</title>
<meta http-equiv="Content-Type" content="text/html;charset=utf-8" />
  <meta name='ocr-system' content='tesseract 3.04.00' />
  <meta name='ocr-capabilities' content='ocr_page ocr_carea ocr_par ocr_line ocrx_word'/>
</head>
<body>
  <div class='ocr_page' id='page_1' title='image "./patrologiaecursu00hammuoft_0499.png"; bbox 0 0 2924 4588; ppageno 0'>
   <div class='ocr_carea' id='block_1_1' title="bbox 0 292 66 4588">
    <p class='ocr_par' dir='ltr' id='par_1_1' title="bbox 0 292 66 4588">
     <span class='ocr_line' id='line_1_1' title="bbox 0 292 66 4588; baseline 0 0"><span class='ocrx_word' id='word_1_1' title='bbox 0 292 66 4588; x_wconf 95' lang='lat' dir='ltr'> </span> 
     </span>
    </p>
   </div>
   <div class='ocr_carea' id='block_1_2' title="bbox 128 174 224 227">
    <p class='ocr_par' dir='ltr' id='par_1_2' title="bbox 128 174 224 227">
     <span class='ocr_line' id='line_1_2' title="bbox 128 174 224 227; baseline 0.052 -7"><span class='ocrx_word' id='word_1_2' title='bbox 128 174 224 227; x_wconf 61' lang='lat' dir='ltr'>‘sal&#39;</span> 
     </span>
    </p>
   </div>
   <div class='ocr_carea' id='block_1_3' title="bbox 105 337 1391 1324">
    <p class='ocr_par' dir='ltr' id='par_1_3' title="bbox 105 337 1391 1324">
     <span class='ocr_line' id='line_1_3' title="bbox 143 337 1386 394; baseline -0.005 -7"><span class='ocrx_word' id='word_1_3' title='bbox 143 343 284 387; x_wconf 75' lang='lat' dir='ltr'>medio</span> <span class='ocrx_word' id='word_1_4' title='bbox 310 342 536 391; x_wconf 87' lang='lat' dir='ltr'>existente,</span> <span class='ocrx_word' id='word_1_5' title='bbox 577 346 620 382; x_wconf 88' lang='lat' dir='ltr'>ct</span> <span class='ocrx_word' id='word_1_6' title='bbox 658 339 841 382; x_wconf 84' lang='lat' dir='ltr'>alterum</span> <span class='ocrx_word' id='word_1_7' title='bbox 888 338 942 380; x_wconf 89' lang='lat' dir='ltr'>ab</span> <span class='ocrx_word' id='word_1_8' title='bbox 969 337 1105 380; x_wconf 67' lang='lat' dir='ltr'>almo</span> <span class='ocrx_word' id='word_1_9' title='bbox 1142 349 1386 394; x_wconf 81' lang='lat' dir='ltr'>separante.</span> 
     </span>
     <span class='ocr_line' id='line_1_4' title="bbox 142 404 1390 468; baseline -0.004 -9"><span class='ocrx_word' id='word_1_10' title='bbox 142 416 245 459; x_wconf 80' lang='lat' dir='ltr'>Erat</span> <span class='ocrx_word' id='word_1_11' title='bbox 268 421 410 458; x_wconf 82' lang='lat' dir='ltr'>autem</span> <span class='ocrx_word' id='word_1_12' title='bbox 434 404 572 468; x_wconf 84' lang='lat' dir='ltr'>patris</span> <span class='ocrx_word' id='word_1_13' title='bbox 593 411 781 454; x_wconf 86' lang='lat' dir='ltr'>maxima</span> <span class='ocrx_word' id='word_1_14' title='bbox 806 410 996 466; x_wconf 84' lang='lat' dir='ltr'>potentia</span> <span class='ocrx_word' id='word_1_15' title='bbox 1024 421 1069 451; x_wconf 69' lang='lat' dir='ltr'>iri</span> <span class='ocrx_word' id='word_1_16' title='bbox 1086 412 1278 453; x_wconf 73' lang='lat' dir='ltr'>exercitu</span> <span class='ocrx_word' id='word_1_17' title='bbox 1304 411 1390 455; x_wconf 51' lang='grc' dir='ltr'>Βον</span> 
     </span>
     <span class='ocr_line' id='line_1_5' title="bbox 141 478 1390 537; baseline -0.007 -6"><span class='ocrx_word' id='word_1_18' title='bbox 141 488 385 537; x_wconf 77' lang='lat' dir='ltr'>nemorum,</span> <span class='ocrx_word' id='word_1_19' title='bbox 410 489 452 526; x_wconf 86' lang='lat' dir='ltr'>ct</span> <span class='ocrx_word' id='word_1_20' title='bbox 477 483 519 525; x_wconf 92' lang='lat' dir='ltr'>in</span> <span class='ocrx_word' id='word_1_21' title='bbox 535 482 785 525; x_wconf 80' lang='lat' dir='ltr'>marchione</span> <span class='ocrx_word' id='word_1_22' title='bbox 807 480 995 524; x_wconf 77' lang='lat' dir='ltr'>Austriae</span> <span class='ocrx_word' id='word_1_23' title='bbox 1014 478 1229 536; x_wconf 78' lang='lat' dir='ltr'>Lupoldo.</span> <span class='ocrx_word' id='word_1_24' title='bbox 1250 479 1390 533; x_wconf 86' lang='lat' dir='ltr'>Quam</span> 
     </span>
     <span class='ocr_line' id='line_1_6' title="bbox 142 551 1388 605; baseline -0.004 -2"><span class='ocrx_word' id='word_1_25' title='bbox 142 563 233 603; x_wconf 86' lang='lat' dir='ltr'>rem</span> <span class='ocrx_word' id='word_1_26' title='bbox 258 569 357 601; x_wconf 85' lang='lat' dir='ltr'>cuin</span> <span class='ocrx_word' id='word_1_27' title='bbox 380 556 494 599; x_wconf 84' lang='lat' dir='ltr'>lilius</span> <span class='ocrx_word' id='word_1_28' title='bbox 518 553 851 605; x_wconf 80' lang='lat' dir='ltr'><strong>considerasset,</strong></span> <span class='ocrx_word' id='word_1_29' title='bbox 891 560 978 596; x_wconf 88' lang='lat' dir='ltr'>tam</span> <span class='ocrx_word' id='word_1_30' title='bbox 1001 553 1155 597; x_wconf 86' lang='lat' dir='ltr'>ducem</span> <span class='ocrx_word' id='word_1_31' title='bbox 1179 551 1388 598; x_wconf 64' lang='lat' dir='ltr'>Bobemo‘</span> 
     </span>
     <span class='ocr_line' id='line_1_7' title="bbox 149 616 1390 678; baseline 0.001 -14"><span class='ocrx_word' id='word_1_32' title='bbox 149 634 273 671; x_wconf 82' lang='lat' dir='ltr'>runi,</span> <span class='ocrx_word' id='word_1_33' title='bbox 309 616 482 665; x_wconf 73' lang='lat' dir='ltr'>nomiae</span> <span class='ocrx_word' id='word_1_34' title='bbox 514 620 690 672; x_wconf 86' lang='lat' dir='ltr'>Boroez,</span> <span class='ocrx_word' id='word_1_35' title='bbox 732 626 861 676; x_wconf 85' lang='lat' dir='ltr'>quam</span> <span class='ocrx_word' id='word_1_36' title='bbox 899 621 1190 665; x_wconf 75' lang='lat' dir='ltr'>marchionem</span> <span class='ocrx_word' id='word_1_37' title='bbox 1231 621 1390 678; x_wconf 82' lang='lat' dir='ltr'>Lupol-</span> 
     </span>
     <span class='ocr_line' id='line_1_8' title="bbox 147 687 1390 748; baseline 0.002 -13"><span class='ocrx_word' id='word_1_38' title='bbox 147 691 265 742; x_wconf 86' lang='lat' dir='ltr'>dum,</span> <span class='ocrx_word' id='word_1_39' title='bbox 297 691 549 747; x_wconf 76' lang='lat' dir='ltr'>largissimis</span> <span class='ocrx_word' id='word_1_40' title='bbox 575 690 935 747; x_wconf 79' lang='lat' dir='ltr'>promissionibus</span> <span class='ocrx_word' id='word_1_41' title='bbox 972 693 1028 736; x_wconf 88' lang='lat' dir='ltr'>ab</span> <span class='ocrx_word' id='word_1_42' title='bbox 1061 687 1223 735; x_wconf 82' lang='lat' dir='ltr'>auxilio</span> <span class='ocrx_word' id='word_1_43' title='bbox 1255 693 1390 748; x_wconf 88' lang='lat' dir='ltr'>patris</span> 
     </span>
     <span class='ocr_line' id='line_1_9' title="bbox 147 764 1390 827; baseline -0.001 -18"><span class='ocrx_word' id='word_1_44' title='bbox 147 765 216 809; x_wconf 89' lang='lat' dir='ltr'>sui</span> <span class='ocrx_word' id='word_1_45' title='bbox 238 765 392 808; x_wconf 83' lang='lat' dir='ltr'>avertit</span> <span class='ocrx_word' id='word_1_46' title='bbox 417 778 428 808; x_wconf 72' lang='grc' dir='ltr'><strong>ε</strong></span> <span class='ocrx_word' id='word_1_47' title='bbox 452 764 608 827; x_wconf 60' lang='grc' dir='ltr'>ᾳυίδιιξ,</span> <span class='ocrx_word' id='word_1_48' title='bbox 632 764 906 814; x_wconf 87' lang='lat' dir='ltr'>abeuntibus,</span> <span class='ocrx_word' id='word_1_49' title='bbox 935 770 1056 821; x_wconf 85' lang='lat' dir='ltr'>pater</span> <span class='ocrx_word' id='word_1_50' title='bbox 1076 764 1340 815; x_wconf 86' lang='lat' dir='ltr'>debilitatus,</span> <span class='ocrx_word' id='word_1_51' title='bbox 1365 777 1390 807; x_wconf 88' lang='lat' dir='ltr'>a</span> 
     </span>
     <span class='ocr_line' id='line_1_10' title="bbox 105 836 1390 894; baseline -0.001 -13"><span class='ocrx_word' id='word_1_52' title='bbox 105 886 114 892; x_wconf 24' lang='lat'>⁴,</span> <span class='ocrx_word' id='word_1_53' title='bbox 146 848 317 894; x_wconf 87' lang='lat' dir='ltr'>campo·</span> <span class='ocrx_word' id='word_1_54' title='bbox 339 838 490 881; x_wconf 80' lang='lat' dir='ltr'>cedere</span> <span class='ocrx_word' id='word_1_55' title='bbox 527 837 802 893; x_wconf 73' lang='lat' dir='ltr'>conipulsus,</span> <span class='ocrx_word' id='word_1_56' title='bbox 838 838 1053 881; x_wconf 84' lang='lat' dir='ltr'>confusus</span> <span class='ocrx_word' id='word_1_57' title='bbox 1080 837 1295 881; x_wconf 84' lang='lat' dir='ltr'>discessit.</span> <span class='ocrx_word' id='word_1_58' title='bbox 1325 836 1390 880; x_wconf 91' lang='lat' dir='ltr'>Ab</span> 
     </span>
     <span class='ocr_line' id='line_1_11' title="bbox 147 903 1386 966; baseline -0.002 -12"><span class='ocrx_word' id='word_1_59' title='bbox 147 911 222 954; x_wconf 88' lang='lat' dir='ltr'>illo</span> <span class='ocrx_word' id='word_1_60' title='bbox 244 911 386 966; x_wconf 81' lang='lat' dir='ltr'>itaque</span> <span class='ocrx_word' id='word_1_61' title='bbox 406 907 476 954; x_wconf 80' lang='lat' dir='ltr'>die</span> <span class='ocrx_word' id='word_1_62' title='bbox 499 915 621 966; x_wconf 81' lang='lat' dir='ltr'>pater</span> <span class='ocrx_word' id='word_1_63' title='bbox 645 909 868 961; x_wconf 84' lang='lat' dir='ltr'>minuitur,</span> <span class='ocrx_word' id='word_1_64' title='bbox 894 909 1008 954; x_wconf 78' lang='lat' dir='ltr'>filius</span> <span class='ocrx_word' id='word_1_65' title='bbox 1027 915 1169 953; x_wconf 76' lang='lat' dir='ltr'>autem</span> <span class='ocrx_word' id='word_1_66' title='bbox 1194 903 1386 966; x_wconf 82' lang='lat' dir='ltr'>augetur.</span> 
     </span>
     <span class='ocr_line' id='line_1_12' title="bbox 145 978 1389 1039; baseline -0.003 -11"><span class='ocrx_word' id='word_1_67' title='bbox 145 981 298 1028; x_wconf 82' lang='lat' dir='ltr'>Postea</span> <span class='ocrx_word' id='word_1_68' title='bbox 339 981 454 1027; x_wconf 79' lang='lat' dir='ltr'>iilius</span> <span class='ocrx_word' id='word_1_69' title='bbox 501 987 547 1026; x_wconf 82' lang='lat' dir='ltr'>et</span> <span class='ocrx_word' id='word_1_70' title='bbox 592 988 715 1039; x_wconf 88' lang='lat' dir='ltr'>pater</span> <span class='ocrx_word' id='word_1_71' title='bbox 759 981 871 1038; x_wconf 87' lang='lat' dir='ltr'>apud</span> <span class='ocrx_word' id='word_1_72' title='bbox 904 978 1129 1038; x_wconf 82' lang='lat' dir='ltr'>Pinguiam</span> <span class='ocrx_word' id='word_1_73' title='bbox 1166 980 1389 1025; x_wconf 83' lang='lat' dir='ltr'>castellum</span> 
     </span>
     <span class='ocr_line' id='line_1_13' title="bbox 146 1042 1391 1111; baseline -0.003 -12"><span class='ocrx_word' id='word_1_74' title='bbox 146 1056 464 1111; x_wconf 76' lang='lat' dir='ltr'>colloquuntur,</span> <span class='ocrx_word' id='word_1_75' title='bbox 497 1054 570 1098; x_wconf 89' lang='lat' dir='ltr'>ubi</span> <span class='ocrx_word' id='word_1_76' title='bbox 595 1053 707 1098; x_wconf 77' lang='lat' dir='ltr'>lilius</span> <span class='ocrx_word' id='word_1_77' title='bbox 731 1044 892 1105; x_wconf 80' lang='lat' dir='ltr'>monet,</span> <span class='ocrx_word' id='word_1_78' title='bbox 913 1059 959 1097; x_wconf 90' lang='lat' dir='ltr'>ut</span> <span class='ocrx_word' id='word_1_79' title='bbox 981 1042 1101 1110; x_wconf 81' lang='lat' dir='ltr'>pater</span> <span class='ocrx_word' id='word_1_80' title='bbox 1113 1056 1391 1109; x_wconf 58' lang='lat' dir='ltr'>per&#39;aposto·</span> 
     </span>
     <span class='ocr_line' id='line_1_14' title="bbox 145 1121 1390 1181; baseline -0.003 -13"><span class='ocrx_word' id='word_1_81' title='bbox 145 1125 276 1169; x_wconf 89' lang='lat' dir='ltr'>licum</span> <span class='ocrx_word' id='word_1_82' title='bbox 295 1130 416 1176; x_wconf 80' lang='lat' dir='ltr'>exeat</span> <span class='ocrx_word' id='word_1_83' title='bbox 440 1125 492 1168; x_wconf 84' lang='lat' dir='ltr'>ab</span> <span class='ocrx_word' id='word_1_84' title='bbox 512 1125 984 1177; x_wconf 53' lang='lat' dir='ltr'>excommunicationez</span> <span class='ocrx_word' id='word_1_85' title='bbox 1005 1122 1079 1181; x_wconf 80' lang='lat' dir='ltr'>q&#39;ui</span> <span class='ocrx_word' id='word_1_86' title='bbox 1101 1123 1206 1181; x_wconf 85' lang='lat' dir='ltr'>petit</span> <span class='ocrx_word' id='word_1_87' title='bbox 1230 1121 1390 1180; x_wconf 76' lang='lat' dir='ltr'>princi·</span> 
     </span>
     <span class='ocr_line' id='line_1_15' title="bbox 146 1195 1390 1255; baseline -0.003 -13"><span class='ocrx_word' id='word_1_88' title='bbox 146 1210 223 1255; x_wconf 97' lang='lat' dir='ltr'>pes</span> <span class='ocrx_word' id='word_1_89' title='bbox 249 1197 362 1254; x_wconf 87' lang='lat' dir='ltr'>apud</span> <span class='ocrx_word' id='word_1_90' title='bbox 391 1195 651 1254; x_wconf 77' lang='lat' dir='ltr'>Moguntiam</span> <span class='ocrx_word' id='word_1_91' title='bbox 687 1196 956 1253; x_wconf 77' lang='lat' dir='ltr'>congregari,</span> <span class='ocrx_word' id='word_1_92' title='bbox 990 1197 1135 1252; x_wconf 81' lang='lat' dir='ltr'>ibique</span> <span class='ocrx_word' id='word_1_93' title='bbox 1159 1200 1303 1239; x_wconf 87' lang='lat' dir='ltr'>coram</span> <span class='ocrx_word' id='word_1_94' title='bbox 1327 1196 1390 1238; x_wconf 90' lang='lat' dir='ltr'>eis</span> 
     </span>
     <span class='ocr_line' id='line_1_16' title="bbox 145 1267 1389 1324; baseline -0.002 -13"><span class='ocrx_word' id='word_1_95' title='bbox 145 1268 199 1312; x_wconf 90' lang='lat' dir='ltr'>de</span> <span class='ocrx_word' id='word_1_96' title='bbox 220 1270 367 1314; x_wconf 88' lang='lat' dir='ltr'>eadem</span> <span class='ocrx_word' id='word_1_97' title='bbox 385 1281 514 1312; x_wconf 83' lang='lat' dir='ltr'>causa</span> <span class='ocrx_word' id='word_1_98' title='bbox 540 1268 730 1312; x_wconf 83' lang='lat' dir='ltr'>tractari.</span> <span class='ocrx_word' id='word_1_99' title='bbox 760 1267 928 1324; x_wconf 80' lang='lat' dir='ltr'>ltaque,</span> <span class='ocrx_word' id='word_1_100' title='bbox 947 1269 1114 1323; x_wconf 85' lang='lat' dir='ltr'>petente</span> <span class='ocrx_word' id='word_1_101' title='bbox 1144 1271 1283 1323; x_wconf 81' lang='lat' dir='ltr'>patre,</span> <span class='ocrx_word' id='word_1_102' title='bbox 1317 1277 1389 1322; x_wconf 85' lang='lat' dir='ltr'>ge-</span> 
     </span>
    </p>
   </div>
   <div class='ocr_carea' id='block_1_4' title="bbox 145 1325 1445 1397">
    <p class='ocr_par' dir='ltr' id='par_1_4' title="bbox 145 1325 1445 1397">
     <span class='ocr_line' id='line_1_17' title="bbox 145 1325 1445 1397; baseline -0.002 -12"><span class='ocrx_word' id='word_1_103' title='bbox 145 1342 304 1386; x_wconf 85' lang='lat' dir='ltr'>neralis</span> <span class='ocrx_word' id='word_1_104' title='bbox 339 1329 460 1385; x_wconf 84' lang='lat' dir='ltr'>curia</span> <span class='ocrx_word' id='word_1_105' title='bbox 501 1341 728 1397; x_wconf 83' lang='lat' dir='ltr'>Moguntiae</span> <span class='ocrx_word' id='word_1_106' title='bbox 765 1341 986 1390; x_wconf 81' lang='lat' dir='ltr'>iudicitur,</span> <span class='ocrx_word' id='word_1_107' title='bbox 1023 1341 1168 1395; x_wconf 77' lang='lat' dir='ltr'>iiiique</span> <span class='ocrx_word' id='word_1_108' title='bbox 1191 1346 1313 1395; x_wconf 88' lang='lat' dir='ltr'>pater</span> <span class='ocrx_word' id='word_1_109' title='bbox 1346 1344 1389 1383; x_wconf 89' lang='lat' dir='ltr'>et</span> <span class='ocrx_word' id='word_1_110' title='bbox 1412 1325 1445 1367; x_wconf 77' lang='grc' dir='ltr'><strong>Β</strong></span> 
     </span>
    </p>
   </div>
   <div class='ocr_carea' id='block_1_5' title="bbox 145 1406 1404 3411">
    <p class='ocr_par' dir='ltr' id='par_1_5' title="bbox 145 1406 1114 1540">
     <span class='ocr_line' id='line_1_18' title="bbox 145 1406 1114 1470; baseline -0.003 -13"><span class='ocrx_word' id='word_1_111' title='bbox 145 1413 258 1459; x_wconf 86' lang='lat' dir='ltr'>filius</span> <span class='ocrx_word' id='word_1_112' title='bbox 277 1414 475 1458; x_wconf 84' lang='lat' dir='ltr'>omuibus</span> <span class='ocrx_word' id='word_1_113' title='bbox 498 1406 761 1470; x_wconf 87' lang='lat' dir='ltr'>principibus</span> <span class='ocrx_word' id='word_1_114' title='bbox 786 1417 1114 1468; x_wconf 64' lang='lat' dir='ltr'>praesentantur.</span> 
     </span>
     <span class='ocr_line' id='line_1_19' title="bbox 566 1485 969 1540; baseline -0.002 -12"><span class='ocrx_word' id='word_1_115' title='bbox 566 1485 625 1528; x_wconf 85' lang='lat' dir='ltr'>De</span> <span class='ocrx_word' id='word_1_116' title='bbox 650 1485 969 1540; x_wconf 74' lang='lat' dir='ltr'>Hierosolymis.</span> 
     </span>
    </p>

    <p class='ocr_par' dir='ltr' id='par_1_6' title="bbox 145 1553 1394 2035">
     <span class='ocr_line' id='line_1_20' title="bbox 200 1553 1390 1611; baseline -0.003 -10"><span class='ocrx_word' id='word_1_117' title='bbox 200 1555 326 1601; x_wconf 85' lang='lat' dir='ltr'>Circa</span> <span class='ocrx_word' id='word_1_118' title='bbox 349 1557 460 1602; x_wconf 88' lang='lat' dir='ltr'>idem</span> <span class='ocrx_word' id='word_1_119' title='bbox 488 1563 670 1611; x_wconf 87' lang='lat' dir='ltr'>tempus,</span> <span class='ocrx_word' id='word_1_120' title='bbox 697 1555 945 1599; x_wconf 81' lang='lat' dir='ltr'>Balduiuuis</span> <span class='ocrx_word' id='word_1_121' title='bbox 973 1566 1048 1610; x_wconf 83' lang='lat' dir='ltr'>rex</span> <span class='ocrx_word' id='word_1_122' title='bbox 1070 1553 1390 1610; x_wconf 78' lang='lat' dir='ltr'>Hierosolymo-</span> 
     </span>
     <span class='ocr_line' id='line_1_21' title="bbox 145 1625 1387 1678; baseline -0.004 -5"><span class='ocrx_word' id='word_1_123' title='bbox 145 1642 242 1673; x_wconf 85' lang='lat' dir='ltr'>rum</span> <span class='ocrx_word' id='word_1_124' title='bbox 280 1628 535 1672; x_wconf 86' lang='lat' dir='ltr'>Ascalonam</span> <span class='ocrx_word' id='word_1_125' title='bbox 559 1628 795 1678; x_wconf 83' lang='lat' dir='ltr'>obsessam,</span> <span class='ocrx_word' id='word_1_126' title='bbox 843 1627 925 1671; x_wconf 88' lang='lat' dir='ltr'>sibi</span> <span class='ocrx_word' id='word_1_127' title='bbox 963 1625 1230 1669; x_wconf 77' lang='lat' dir='ltr'>tributariam</span> <span class='ocrx_word' id='word_1_128' title='bbox 1270 1625 1387 1669; x_wconf 78' lang='lat' dir='ltr'>fecit.</span> 
     </span>
     <span class='ocr_line' id='line_1_22' title="bbox 145 1699 1391 1758; baseline -0.004 -12"><span class='ocrx_word' id='word_1_129' title='bbox 145 1701 474 1758; x_wconf 86' lang='lat' dir='ltr'>Commissoque</span> <span class='ocrx_word' id='word_1_130' title='bbox 497 1702 643 1757; x_wconf 80' lang='lat' dir='ltr'>praelio</span> <span class='ocrx_word' id='word_1_131' title='bbox 673 1714 769 1744; x_wconf 88' lang='lat' dir='ltr'>cum</span> <span class='ocrx_word' id='word_1_132' title='bbox 795 1699 1038 1750; x_wconf 81' lang='lat' dir='ltr'>Saracenis,</span> <span class='ocrx_word' id='word_1_133' title='bbox 1060 1711 1158 1742; x_wconf 88' lang='lat' dir='ltr'>cum</span> <span class='ocrx_word' id='word_1_134' title='bbox 1183 1701 1275 1754; x_wconf 88' lang='lat' dir='ltr'>ipse</span> <span class='ocrx_word' id='word_1_135' title='bbox 1296 1705 1391 1741; x_wconf 87' lang='lat' dir='ltr'>tan-</span> 
     </span>
     <span class='ocr_line' id='line_1_23' title="bbox 146 1770 1390 1830; baseline -0.004 -13"><span class='ocrx_word' id='word_1_136' title='bbox 146 1780 238 1817; x_wconf 88' lang='lat' dir='ltr'>tum</span> <span class='ocrx_word' id='word_1_137' title='bbox 264 1780 450 1830; x_wconf 88' lang='lat' dir='ltr'>quatuor</span> <span class='ocrx_word' id='word_1_138' title='bbox 487 1775 623 1817; x_wconf 88' lang='lat' dir='ltr'>millia</span> <span class='ocrx_word' id='word_1_139' title='bbox 655 1773 910 1817; x_wconf 84' lang='lat' dir='ltr'>bellatorum</span> <span class='ocrx_word' id='word_1_140' title='bbox 955 1772 1157 1822; x_wconf 88' lang='lat' dir='ltr'>haberet,</span> <span class='ocrx_word' id='word_1_141' title='bbox 1201 1770 1390 1830; x_wconf 82' lang='lat' dir='ltr'>bostium</span> 
     </span>
     <span class='ocr_line' id='line_1_24' title="bbox 147 1842 1394 1903; baseline -0.003 -14"><span class='ocrx_word' id='word_1_142' title='bbox 147 1847 455 1903; x_wconf 79' lang='lat' dir='ltr'>quinquaginta</span> <span class='ocrx_word' id='word_1_143' title='bbox 479 1846 612 1888; x_wconf 86' lang='lat' dir='ltr'>millia</span> <span class='ocrx_word' id='word_1_144' title='bbox 639 1845 713 1889; x_wconf 80' lang='lat' dir='ltr'>Dei</span> <span class='ocrx_word' id='word_1_145' title='bbox 730 1846 882 1900; x_wconf 79' lang='lat' dir='ltr'>magis,</span> <span class='ocrx_word' id='word_1_146' title='bbox 908 1856 1036 1900; x_wconf 88' lang='lat' dir='ltr'>quam</span> <span class='ocrx_word' id='word_1_147' title='bbox 1063 1844 1283 1886; x_wconf 87' lang='lat' dir='ltr'>bominum</span> <span class='ocrx_word' id='word_1_148' title='bbox 1302 1842 1394 1885; x_wconf 82' lang='lat' dir='ltr'>vir-</span> 
     </span>
     <span class='ocr_line' id='line_1_25' title="bbox 147 1914 1388 1974; baseline -0.003 -12"><span class='ocrx_word' id='word_1_149' title='bbox 147 1925 239 1963; x_wconf 90' lang='lat' dir='ltr'>tute</span> <span class='ocrx_word' id='word_1_150' title='bbox 270 1919 519 1974; x_wconf 75' lang='lat' dir='ltr'>prostravit,</span> <span class='ocrx_word' id='word_1_151' title='bbox 544 1930 631 1961; x_wconf 88' lang='lat' dir='ltr'>uno</span> <span class='ocrx_word' id='word_1_152' title='bbox 664 1916 978 1960; x_wconf 80' lang='lat' dir='ltr'>Saracenorum</span> <span class='ocrx_word' id='word_1_153' title='bbox 1015 1914 1212 1970; x_wconf 80' lang='lat' dir='ltr'>principe</span> <span class='ocrx_word' id='word_1_154' title='bbox 1244 1919 1388 1970; x_wconf 85' lang='lat' dir='ltr'>capto,</span> 
     </span>
     <span class='ocr_line' id='line_1_26' title="bbox 148 1991 531 2035; baseline -0.003 0"><span class='ocrx_word' id='word_1_155' title='bbox 148 1997 191 2035; x_wconf 90' lang='lat' dir='ltr'>et</span> <span class='ocrx_word' id='word_1_156' title='bbox 213 1991 348 2034; x_wconf 84' lang='lat' dir='ltr'>altero</span> <span class='ocrx_word' id='word_1_157' title='bbox 369 1991 531 2034; x_wconf 75' lang='lat' dir='ltr'>occiso,</span> 
     </span>
    </p>

    <p class='ocr_par' dir='ltr' id='par_1_7' title="bbox 147 2058 1394 2408">
     <span class='ocr_line' id='line_1_27' title="bbox 205 2058 1391 2114; baseline -0.003 -10"><span class='ocrx_word' id='word_1_158' title='bbox 205 2061 327 2104; x_wconf 85' lang='lat' dir='ltr'>Tunc</span> <span class='ocrx_word' id='word_1_159' title='bbox 358 2061 534 2105; x_wconf 81' lang='lat' dir='ltr'>Alexius</span> <span class='ocrx_word' id='word_1_160' title='bbox 576 2073 650 2104; x_wconf 82' lang='lat' dir='ltr'>rex</span> <span class='ocrx_word' id='word_1_161' title='bbox 684 2058 1221 2114; x_wconf 90' lang='lat' dir='ltr'>Constantinopolitanus,</span> <span class='ocrx_word' id='word_1_162' title='bbox 1265 2058 1391 2102; x_wconf 88' lang='lat' dir='ltr'>Chri-</span> 
     </span>
     <span class='ocr_line' id='line_1_28' title="bbox 147 2131 1392 2190; baseline -0.003 -11"><span class='ocrx_word' id='word_1_163' title='bbox 147 2135 299 2180; x_wconf 78' lang='lat' dir='ltr'>stianae</span> <span class='ocrx_word' id='word_1_164' title='bbox 323 2134 620 2190; x_wconf 73' lang='lat' dir='ltr'>prosperitatis</span> <span class='ocrx_word' id='word_1_165' title='bbox 640 2133 931 2184; x_wconf 88' lang='lat' dir='ltr'>adversarius,</span> <span class='ocrx_word' id='word_1_166' title='bbox 957 2131 1123 2175; x_wconf 86' lang='lat' dir='ltr'>Turcos</span> <span class='ocrx_word' id='word_1_167' title='bbox 1159 2131 1204 2174; x_wconf 87' lang='lat' dir='ltr'>in</span> <span class='ocrx_word' id='word_1_168' title='bbox 1240 2131 1392 2187; x_wconf 89' lang='lat' dir='ltr'>despe-</span> 
     </span>
     <span class='ocr_line' id='line_1_29' title="bbox 149 2203 1394 2262; baseline -0.002 -12"><span class='ocrx_word' id='word_1_169' title='bbox 149 2208 360 2250; x_wconf 85' lang='lat' dir='ltr'>rationem</span> <span class='ocrx_word' id='word_1_170' title='bbox 381 2207 469 2262; x_wconf 79' lang='lat' dir='ltr'>jam</span> <span class='ocrx_word' id='word_1_171' title='bbox 494 2208 674 2262; x_wconf 86' lang='lat' dir='ltr'>positos,</span> <span class='ocrx_word' id='word_1_172' title='bbox 703 2206 750 2249; x_wconf 89' lang='lat' dir='ltr'>in</span> <span class='ocrx_word' id='word_1_173' title='bbox 771 2205 1003 2258; x_wconf 83' lang='lat' dir='ltr'>amicitiam</span> <span class='ocrx_word' id='word_1_174' title='bbox 1029 2217 1150 2248; x_wconf 90' lang='lat' dir='ltr'>suam</span> <span class='ocrx_word' id='word_1_175' title='bbox 1174 2203 1394 2248; x_wconf 71' lang='lat' dir='ltr'>confoede-</span> 
     </span>
     <span class='ocr_line' id='line_1_30' title="bbox 149 2276 1388 2334; baseline -0.002 -12"><span class='ocrx_word' id='word_1_176' title='bbox 149 2281 277 2330; x_wconf 82' lang='lat' dir='ltr'>ravit,</span> <span class='ocrx_word' id='word_1_177' title='bbox 301 2280 448 2334; x_wconf 82' lang='lat' dir='ltr'>cisque</span> <span class='ocrx_word' id='word_1_178' title='bbox 485 2280 637 2322; x_wconf 88' lang='lat' dir='ltr'>turrim</span> <span class='ocrx_word' id='word_1_179' title='bbox 677 2277 879 2332; x_wconf 78' lang='lat' dir='ltr'>Nicaeam,</span> <span class='ocrx_word' id='word_1_180' title='bbox 907 2276 1253 2322; x_wconf 86' lang='lat' dir='ltr'>Christianorum</span> <span class='ocrx_word' id='word_1_181' title='bbox 1293 2289 1388 2321; x_wconf 85' lang='lat' dir='ltr'>san·</span> 
     </span>
     <span class='ocr_line' id='line_1_31' title="bbox 150 2351 857 2408; baseline -0.003 -14"><span class='ocrx_word' id='word_1_182' title='bbox 150 2353 278 2408; x_wconf 81' lang='lat' dir='ltr'>guine</span> <span class='ocrx_word' id='word_1_183' title='bbox 302 2351 606 2407; x_wconf 65' lang='lat' dir='ltr'>conquisitam,</span> <span class='ocrx_word' id='word_1_184' title='bbox 627 2351 857 2402; x_wconf 77' lang='lat' dir='ltr'>concessit.</span> 
     </span>
    </p>

    <p class='ocr_par' dir='ltr' id='par_1_8' title="bbox 153 2423 1404 3349">
     <span class='ocr_line' id='line_1_32' title="bbox 207 2423 1394 2480; baseline -0.002 -13"><span class='ocrx_word' id='word_1_185' title='bbox 207 2423 369 2469; x_wconf 77' lang='lat' dir='ltr'>interea</span> <span class='ocrx_word' id='word_1_186' title='bbox 386 2424 574 2480; x_wconf 86' lang='lat' dir='ltr'>generali</span> <span class='ocrx_word' id='word_1_187' title='bbox 597 2427 716 2466; x_wconf 88' lang='lat' dir='ltr'>curia</span> <span class='ocrx_word' id='word_1_188' title='bbox 740 2423 967 2479; x_wconf 85' lang='lat' dir='ltr'>Moguntiae</span> <span class='ocrx_word' id='word_1_189' title='bbox 990 2429 1264 2480; x_wconf 74' lang='lat' dir='ltr'>congregata,</span> <span class='ocrx_word' id='word_1_190' title='bbox 1291 2434 1394 2479; x_wconf 82' lang='lat' dir='ltr'>prae-</span> 
     </span>
     <span class='ocr_line' id='line_1_33' title="bbox 153 2497 1395 2553; baseline -0.002 -12"><span class='ocrx_word' id='word_1_191' title='bbox 153 2497 348 2541; x_wconf 80' lang='lat' dir='ltr'>sentibus</span> <span class='ocrx_word' id='word_1_192' title='bbox 370 2497 615 2553; x_wconf 87' lang='lat' dir='ltr'>apostolicae</span> <span class='ocrx_word' id='word_1_193' title='bbox 646 2497 760 2541; x_wconf 87' lang='lat' dir='ltr'>sedis</span> <span class='ocrx_word' id='word_1_194' title='bbox 796 2497 965 2552; x_wconf 84' lang='lat' dir='ltr'>legatis,</span> <span class='ocrx_word' id='word_1_195' title='bbox 990 2497 1223 2552; x_wconf 86' lang='lat' dir='ltr'>imperator</span> <span class='ocrx_word' id='word_1_196' title='bbox 1250 2507 1395 2539; x_wconf 86' lang='lat' dir='ltr'>coram</span> 
     </span>
     <span class='ocr_line' id='line_1_34' title="bbox 153 2569 1395 2625; baseline -0.002 -12"><span class='ocrx_word' id='word_1_197' title='bbox 153 2571 353 2617; x_wconf 80' lang='lat' dir='ltr'>omnibus</span> <span class='ocrx_word' id='word_1_198' title='bbox 373 2571 770 2618; x_wconf 84' lang='lat' dir='ltr'>excommunicatus</span> <span class='ocrx_word' id='word_1_199' title='bbox 791 2570 1110 2625; x_wconf 84' lang='lat' dir='ltr'>pronuntiatur.</span> <span class='ocrx_word' id='word_1_200' title='bbox 1130 2569 1251 2614; x_wconf 85' lang='lat' dir='ltr'>Unde</span> <span class='ocrx_word' id='word_1_201' title='bbox 1267 2571 1395 2613; x_wconf 77' lang='lat' dir='ltr'>ctiam</span> 
     </span>
     <span class='ocr_line' id='line_1_35' title="bbox 155 2642 1396 2700; baseline -0.002 -13"><span class='ocrx_word' id='word_1_202' title='bbox 155 2642 248 2700; x_wconf 85' lang='lat' dir='ltr'>ipse</span> <span class='ocrx_word' id='word_1_203' title='bbox 280 2644 324 2687; x_wconf 89' lang='lat' dir='ltr'>in</span> <span class='ocrx_word' id='word_1_204' title='bbox 359 2650 501 2686; x_wconf 90' lang='lat' dir='ltr'>castro</span> <span class='ocrx_word' id='word_1_205' title='bbox 529 2644 713 2698; x_wconf 78' lang='lat' dir='ltr'>quodam</span> <span class='ocrx_word' id='word_1_206' title='bbox 761 2643 967 2687; x_wconf 73' lang='lat' dir='ltr'>custodite</span> <span class='ocrx_word' id='word_1_207' title='bbox 1000 2644 1286 2698; x_wconf 85' lang='lat' dir='ltr'>mancipatur,</span> <span class='ocrx_word' id='word_1_208' title='bbox 1323 2643 1396 2685; x_wconf 89' lang='lat' dir='ltr'>ubi</span> 
     </span>
     <span class='ocr_line' id='line_1_36' title="bbox 155 2714 1399 2771; baseline -0.003 -11"><span class='ocrx_word' id='word_1_209' title='bbox 155 2716 258 2761; x_wconf 88' lang='lat' dir='ltr'>dum</span> <span class='ocrx_word' id='word_1_210' title='bbox 299 2714 559 2759; x_wconf 81' lang='lat' dir='ltr'>audientiam</span> <span class='ocrx_word' id='word_1_211' title='bbox 592 2721 743 2770; x_wconf 86' lang='lat' dir='ltr'>petunt</span> <span class='ocrx_word' id='word_1_212' title='bbox 776 2716 1011 2771; x_wconf 84' lang='lat' dir='ltr'>principes,</span> <span class='ocrx_word' id='word_1_213' title='bbox 1044 2727 1140 2758; x_wconf 88' lang='lat' dir='ltr'>eum</span> <span class='ocrx_word' id='word_1_214' title='bbox 1182 2715 1279 2758; x_wconf 91' lang='lat' dir='ltr'>dolo</span> <span class='ocrx_word' id='word_1_215' title='bbox 1313 2716 1399 2757; x_wconf 87' lang='lat' dir='ltr'>eir-</span> 
     </span>
     <span class='ocr_line' id='line_1_37' title="bbox 157 2785 1398 2842; baseline -0.001 -11"><span class='ocrx_word' id='word_1_216' title='bbox 157 2786 450 2838; x_wconf 86' lang='lat' dir='ltr'>cumveniunt‚</span> <span class='ocrx_word' id='word_1_217' title='bbox 497 2793 538 2829; x_wconf 87' lang='lat' dir='ltr'>et</span> <span class='ocrx_word' id='word_1_218' title='bbox 570 2785 886 2841; x_wconf 84' lang='lat' dir='ltr'>quodammodo</span> <span class='ocrx_word' id='word_1_219' title='bbox 921 2788 1079 2842; x_wconf 78' lang='lat' dir='ltr'>cogunt</span> <span class='ocrx_word' id='word_1_220' title='bbox 1116 2791 1163 2829; x_wconf 85' lang='lat' dir='ltr'>ut</span> <span class='ocrx_word' id='word_1_221' title='bbox 1197 2785 1284 2828; x_wconf 81' lang='lat' dir='ltr'>lilio</span> <span class='ocrx_word' id='word_1_222' title='bbox 1320 2797 1398 2834; x_wconf 79' lang='lat' dir='ltr'>suo</span> 
     </span>
     <span class='ocr_line' id='line_1_38' title="bbox 157 2853 1399 2916; baseline -0.004 -12"><span class='ocrx_word' id='word_1_223' title='bbox 157 2858 317 2916; x_wconf 80' lang='lat' dir='ltr'>regalia</span> <span class='ocrx_word' id='word_1_224' title='bbox 335 2858 519 2914; x_wconf 83' lang='lat' dir='ltr'>insignia</span> <span class='ocrx_word' id='word_1_225' title='bbox 536 2853 623 2900; x_wconf 88' lang='lat' dir='ltr'>non</span> <span class='ocrx_word' id='word_1_226' title='bbox 650 2858 820 2901; x_wconf 78' lang='lat' dir='ltr'>differat</span> <span class='ocrx_word' id='word_1_227' title='bbox 843 2857 1079 2913; x_wconf 79' lang='lat' dir='ltr'>resignare,</span> <span class='ocrx_word' id='word_1_228' title='bbox 1105 2870 1218 2900; x_wconf 89' lang='lat' dir='ltr'>auno</span> <span class='ocrx_word' id='word_1_229' title='bbox 1235 2857 1399 2902; x_wconf 84' lang='lat' dir='ltr'>scilicet</span> 
     </span>
     <span class='ocr_line' id='line_1_39' title="bbox 158 2930 1399 2987; baseline -0.002 -12"><span class='ocrx_word' id='word_1_230' title='bbox 158 2932 278 2987; x_wconf 85' lang='lat' dir='ltr'>regni</span> <span class='ocrx_word' id='word_1_231' title='bbox 318 2934 385 2977; x_wconf 86' lang='lat' dir='ltr'>sui</span> <span class='ocrx_word' id='word_1_232' title='bbox 422 2931 778 2987; x_wconf 84' lang='lat' dir='ltr'>quinquagesimo</span> <span class='ocrx_word' id='word_1_233' title='bbox 815 2931 961 2984; x_wconf 88' lang='lat' dir='ltr'>tertio,</span> <span class='ocrx_word' id='word_1_234' title='bbox 997 2930 1165 2987; x_wconf 89' lang='lat' dir='ltr'>imperii</span> <span class='ocrx_word' id='word_1_235' title='bbox 1197 2931 1266 2974; x_wconf 91' lang='lat' dir='ltr'>sui</span> <span class='ocrx_word' id='word_1_236' title='bbox 1298 2941 1399 2973; x_wconf 84' lang='lat' dir='ltr'>vero</span> 
     </span>
     <span class='ocr_line' id='line_1_40' title="bbox 162 3003 1400 3063; baseline 0 -17"><span class='ocrx_word' id='word_1_237' title='bbox 162 3005 508 3063; x_wconf 78' lang='lat' dir='ltr'>quadragesimo.</span> <span class='ocrx_word' id='word_1_238' title='bbox 531 3003 709 3047; x_wconf 86' lang='lat' dir='ltr'>Reversi</span> <span class='ocrx_word' id='word_1_239' title='bbox 739 3004 870 3058; x_wconf 82' lang='lat' dir='ltr'>igitur</span> <span class='ocrx_word' id='word_1_240' title='bbox 891 3005 1107 3060; x_wconf 87' lang='lat' dir='ltr'>principes</span> <span class='ocrx_word' id='word_1_241' title='bbox 1139 3018 1163 3047; x_wconf 85' lang='lat' dir='ltr'>a</span> <span class='ocrx_word' id='word_1_242' title='bbox 1194 3010 1315 3059; x_wconf 83' lang='lat' dir='ltr'>patre</span> <span class='ocrx_word' id='word_1_243' title='bbox 1348 3003 1400 3046; x_wconf 88' lang='lat' dir='ltr'>ad</span> 
     </span>
     <span class='ocr_line' id='line_1_41' title="bbox 161 3076 1402 3132; baseline -0.001 -13"><span class='ocrx_word' id='word_1_244' title='bbox 161 3077 310 3127; x_wconf 79' lang='lat' dir='ltr'>lilium,</span> <span class='ocrx_word' id='word_1_245' title='bbox 337 3076 574 3132; x_wconf 74' lang='lat' dir='ltr'>imperialia</span> <span class='ocrx_word' id='word_1_246' title='bbox 597 3076 783 3132; x_wconf 78' lang='lat' dir='ltr'>insignia</span> <span class='ocrx_word' id='word_1_247' title='bbox 809 3077 1070 3127; x_wconf 86' lang='lat' dir='ltr'>detulerunt,</span> <span class='ocrx_word' id='word_1_248' title='bbox 1095 3089 1278 3131; x_wconf 85' lang='lat' dir='ltr'>eumque</span> <span class='ocrx_word' id='word_1_249' title='bbox 1299 3083 1402 3119; x_wconf 89' lang='lat' dir='ltr'>tuuc</span> 
     </span>
     <span class='ocr_line' id='line_1_42' title="bbox 154 3140 1404 3204; baseline 0 -14"><span class='ocrx_word' id='word_1_250' title='bbox 154 3160 185 3190; x_wconf 27' lang='lat' dir='ltr'>*a</span> <span class='ocrx_word' id='word_1_251' title='bbox 226 3155 345 3204; x_wconf 71' lang='lat' dir='ltr'>patre</span> <span class='ocrx_word' id='word_1_252' title='bbox 376 3148 559 3191; x_wconf 87' lang='lat' dir='ltr'>electum</span> <span class='ocrx_word' id='word_1_253' title='bbox 587 3140 907 3199; x_wconf 73' lang='lat' dir='ltr'>denuntiantes,</span> <span class='ocrx_word' id='word_1_254' title='bbox 945 3159 1021 3204; x_wconf 87' lang='lat' dir='ltr'>per</span> <span class='ocrx_word' id='word_1_255' title='bbox 1054 3160 1209 3191; x_wconf 89' lang='lat' dir='ltr'>manus</span> <span class='ocrx_word' id='word_1_256' title='bbox 1241 3148 1404 3203; x_wconf 83' lang='lat' dir='ltr'>legato-</span> 
     </span>
     <span class='ocr_line' id='line_1_43' title="bbox 164 3220 1404 3276; baseline -0.001 -13"><span class='ocrx_word' id='word_1_257' title='bbox 164 3233 256 3264; x_wconf 86' lang='lat' dir='ltr'>rum</span> <span class='ocrx_word' id='word_1_258' title='bbox 290 3220 472 3263; x_wconf 81' lang='lat' dir='ltr'>Romani</span> <span class='ocrx_word' id='word_1_259' title='bbox 501 3220 714 3276; x_wconf 77' lang='lat' dir='ltr'>pontilicis</span> <span class='ocrx_word' id='word_1_260' title='bbox 743 3227 892 3264; x_wconf 84' lang='lat' dir='ltr'>creant</span> <span class='ocrx_word' id='word_1_261' title='bbox 925 3221 1242 3275; x_wconf 87' lang='lat' dir='ltr'>imperatorem,</span> <span class='ocrx_word' id='word_1_262' title='bbox 1268 3232 1404 3263; x_wconf 89' lang='lat' dir='ltr'>nona-</span> 
     </span>
     <span class='ocr_line' id='line_1_44' title="bbox 162 3291 1186 3349; baseline 0 -13"><span class='ocrx_word' id='word_1_263' title='bbox 162 3293 369 3348; x_wconf 76' lang='lat' dir='ltr'>gesimum</span> <span class='ocrx_word' id='word_1_264' title='bbox 393 3293 629 3337; x_wconf 90' lang='lat' dir='ltr'>secundum</span> <span class='ocrx_word' id='word_1_265' title='bbox 653 3293 705 3335; x_wconf 89' lang='lat' dir='ltr'>ad</span> <span class='ocrx_word' id='word_1_266' title='bbox 723 3292 914 3349; x_wconf 84' lang='lat' dir='ltr'>Augusto</span> <span class='ocrx_word' id='word_1_267' title='bbox 933 3291 1186 3337; x_wconf 80' lang='lat' dir='ltr'>Octaviano.</span> 
     </span>
    </p>

    <p class='ocr_par' dir='ltr' id='par_1_9' title="bbox 527 3364 873 3411">
     <span class='ocr_line' id='line_1_45' title="bbox 527 3364 873 3411; baseline 0.006 -3"><span class='ocrx_word' id='word_1_268' title='bbox 527 3364 530 3367; x_wconf 78' lang='grc'><strong>’</strong></span> <span class='ocrx_word' id='word_1_269' title='bbox 683 3365 873 3411; x_wconf 60' lang='lat' dir='ltr'>Auctor.</span> 
     </span>
    </p>
   </div>
   <div class='ocr_carea' id='block_1_6' title="bbox 145 168 1785 326">
    <p class='ocr_par' dir='ltr' id='par_1_10' title="bbox 145 168 1785 326">
     <span class='ocr_line' id='line_1_46' title="bbox 1078 168 1785 219; baseline 0.001 -1"><span class='ocrx_word' id='word_1_270' title='bbox 1078 171 1386 219; x_wconf 47' lang='lat' dir='ltr'>Pal-{Timon</span> <span class='ocrx_word' id='word_1_271' title='bbox 1407 192 1459 205; x_wconf 50' lang='grc' dir='ltr'>-ό</span> <span class='ocrx_word' id='word_1_272' title='bbox 1486 168 1627 217; x_wconf 68' lang='lat' dir='ltr'>PARS</span> <span class='ocrx_word' id='word_1_273' title='bbox 1657 172 1785 219; x_wconf 76' lang='lat' dir='ltr'>xvn.</span> 
     </span>
     <span class='ocr_line' id='line_1_47' title="bbox 145 260 1448 326; baseline -0.005 -11"><span class='ocrx_word' id='word_1_274' title='bbox 145 283 275 326; x_wconf 83' lang='lat' dir='ltr'>supra</span> <span class='ocrx_word' id='word_1_275' title='bbox 315 267 514 313; x_wconf 80' lang='lat' dir='ltr'>Rhenum</span> <span class='ocrx_word' id='word_1_276' title='bbox 550 265 729 313; x_wconf 75' lang='lat' dir='ltr'>fluvium</span> <span class='ocrx_word' id='word_1_277' title='bbox 771 271 1119 318; x_wconf 80' lang='lat' dir='ltr'>castrametatur,</span> <span class='ocrx_word' id='word_1_278' title='bbox 1167 260 1319 311; x_wconf 74' lang='lat' dir='ltr'>Rheno</span> <span class='ocrx_word' id='word_1_279' title='bbox 1346 267 1387 309; x_wconf 86' lang='lat' dir='ltr'>in</span> <span class='ocrx_word' id='word_1_280' title='bbox 1410 267 1448 313; x_wconf 78' lang='grc' dir='ltr'>Α</span> 
     </span>
    </p>
   </div>
   <div class='ocr_carea' id='block_1_7' title="bbox 1466 178 2722 2334">
    <p class='ocr_par' dir='ltr' id='par_1_11' title="bbox 1855 178 2708 324">
     <span class='ocr_line' id='line_1_48' title="bbox 2624 178 2708 222; baseline 0.036 -3"><span class='ocrx_word' id='word_1_281' title='bbox 2624 178 2708 222; x_wconf 63' lang='grc' dir='ltr'>ὒδῖ</span> 
     </span>
     <span class='ocr_line' id='line_1_49' title="bbox 1855 265 2322 324; baseline 0.002 -15"><span class='ocrx_word' id='word_1_282' title='bbox 1855 265 1916 309; x_wconf 81' lang='lat' dir='ltr'>De</span> <span class='ocrx_word' id='word_1_283' title='bbox 1947 265 2131 310; x_wconf 61' lang='lat' dir='ltr'>isenrico</span> <span class='ocrx_word' id='word_1_284' title='bbox 2157 273 2322 324; x_wconf 73' lang='lat' dir='ltr'>quarto.</span> 
     </span>
    </p>

    <p class='ocr_par' dir='ltr' id='par_1_12' title="bbox 1466 334 2717 1763">
     <span class='ocr_line' id='line_1_50' title="bbox 1523 334 2708 395; baseline 0.003 -16"><span class='ocrx_word' id='word_1_285' title='bbox 1523 335 1758 391; x_wconf 80' lang='lat' dir='ltr'>Imperator</span> <span class='ocrx_word' id='word_1_286' title='bbox 1789 334 2000 382; x_wconf 83' lang='lat' dir='ltr'>Henricus</span> <span class='ocrx_word' id='word_1_287' title='bbox 2028 343 2224 395; x_wconf 85' lang='lat' dir='ltr'>quartus,</span> <span class='ocrx_word' id='word_1_288' title='bbox 2256 338 2457 382; x_wconf 71' lang='lat' dir='ltr'>omnihus</span> <span class='ocrx_word' id='word_1_289' title='bbox 2493 338 2708 394; x_wconf 79' lang='lat' dir='ltr'>regalibus</span> 
     </span>
     <span class='ocr_line' id='line_1_51' title="bbox 1469 408 2711 466; baseline 0.002 -15"><span class='ocrx_word' id='word_1_290' title='bbox 1469 408 1557 451; x_wconf 71' lang='lat' dir='ltr'>{iiio</span> <span class='ocrx_word' id='word_1_291' title='bbox 1578 412 1824 466; x_wconf 82' lang='lat' dir='ltr'>resignatis,</span> <span class='ocrx_word' id='word_1_292' title='bbox 1851 417 1894 453; x_wconf 84' lang='lat' dir='ltr'>et</span> <span class='ocrx_word' id='word_1_293' title='bbox 1927 410 2116 456; x_wconf 83' lang='lat' dir='ltr'>omnium</span> <span class='ocrx_word' id='word_1_294' title='bbox 2139 413 2381 466; x_wconf 84' lang='lat' dir='ltr'>principum</span> <span class='ocrx_word' id='word_1_295' title='bbox 2410 411 2611 466; x_wconf 81' lang='lat' dir='ltr'>suflragio</span> <span class='ocrx_word' id='word_1_296' title='bbox 2635 411 2711 454; x_wconf 87' lang='lat' dir='ltr'>de·-</span> 
     </span>
     <span class='ocr_line' id='line_1_52' title="bbox 1467 481 2712 537; baseline 0.001 -13"><span class='ocrx_word' id='word_1_297' title='bbox 1467 481 1662 531; x_wconf 88' lang='lat' dir='ltr'>stitutus,</span> <span class='ocrx_word' id='word_1_298' title='bbox 1679 488 1722 524; x_wconf 85' lang='lat' dir='ltr'>et</span> <span class='ocrx_word' id='word_1_299' title='bbox 1741 481 1879 524; x_wconf 75' lang='lat' dir='ltr'>sactus</span> <span class='ocrx_word' id='word_1_300' title='bbox 1902 493 2077 536; x_wconf 81' lang='lat' dir='ltr'>egenus,</span> <span class='ocrx_word' id='word_1_301' title='bbox 2107 482 2207 524; x_wconf 79' lang='lat' dir='ltr'>dum</span> <span class='ocrx_word' id='word_1_302' title='bbox 2227 494 2301 537; x_wconf 90' lang='lat' dir='ltr'>per</span> <span class='ocrx_word' id='word_1_303' title='bbox 2322 481 2516 525; x_wconf 78' lang='lat' dir='ltr'>Rhenum</span> <span class='ocrx_word' id='word_1_304' title='bbox 2534 482 2712 525; x_wconf 76' lang='lat' dir='ltr'>[lovium</span> 
     </span>
     <span class='ocr_line' id='line_1_53' title="bbox 1467 551 2711 607; baseline 0.001 -11"><span class='ocrx_word' id='word_1_305' title='bbox 1467 551 1690 596; x_wconf 86' lang='lat' dir='ltr'>Coloniam</span> <span class='ocrx_word' id='word_1_306' title='bbox 1722 553 2005 607; x_wconf 80' lang='lat' dir='ltr'>pervenisset,</span> <span class='ocrx_word' id='word_1_307' title='bbox 2034 554 2111 604; x_wconf 88' lang='lat' dir='ltr'>ibi,</span> <span class='ocrx_word' id='word_1_308' title='bbox 2137 566 2224 596; x_wconf 87' lang='lat' dir='ltr'>non</span> <span class='ocrx_word' id='word_1_309' title='bbox 2258 555 2371 597; x_wconf 85' lang='lat' dir='ltr'>sicut</span> <span class='ocrx_word' id='word_1_310' title='bbox 2393 555 2530 605; x_wconf 85' lang='lat' dir='ltr'>exsul,</span> <span class='ocrx_word' id='word_1_311' title='bbox 2557 554 2629 598; x_wconf 87' lang='lat' dir='ltr'>sed</span> <span class='ocrx_word' id='word_1_312' title='bbox 2661 558 2711 597; x_wconf 80' lang='lat' dir='ltr'>ut</span> 
     </span>
     <span class='ocr_line' id='line_1_54' title="bbox 1468 623 2710 682; baseline 0.003 -16"><span class='ocrx_word' id='word_1_313' title='bbox 1468 624 1717 680; x_wconf 84' lang='lat' dir='ltr'>imperator,</span> <span class='ocrx_word' id='word_1_314' title='bbox 1737 636 1761 666; x_wconf 88' lang='lat' dir='ltr'>a</span> <span class='ocrx_word' id='word_1_315' title='bbox 1783 624 1949 668; x_wconf 80' lang='lat' dir='ltr'>civibus</span> <span class='ocrx_word' id='word_1_316' title='bbox 1980 625 2230 680; x_wconf 84' lang='lat' dir='ltr'>suscipitur.</span> <span class='ocrx_word' id='word_1_317' title='bbox 2261 623 2446 682; x_wconf 82' lang='lat' dir='ltr'>Indeque</span> <span class='ocrx_word' id='word_1_318' title='bbox 2473 626 2710 681; x_wconf 80' lang='lat' dir='ltr'>procedens</span> 
     </span>
     <span class='ocr_line' id='line_1_55' title="bbox 1467 685 2710 752; baseline 0.001 -14"><span class='ocrx_word' id='word_1_319' title='bbox 1467 694 1688 746; x_wconf 88' lang='lat' dir='ltr'>Leodium‚</span> <span class='ocrx_word' id='word_1_320' title='bbox 1715 696 1950 740; x_wconf 84' lang='lat' dir='ltr'>insinuavit</span> <span class='ocrx_word' id='word_1_321' title='bbox 1974 696 2174 740; x_wconf 87' lang='lat' dir='ltr'>omnibus</span> <span class='ocrx_word' id='word_1_322' title='bbox 2198 702 2286 739; x_wconf 88' lang='lat' dir='ltr'>tam</span> <span class='ocrx_word' id='word_1_323' title='bbox 2316 699 2450 740; x_wconf 84' lang='lat' dir='ltr'>verbo</span> <span class='ocrx_word' id='word_1_324' title='bbox 2480 710 2608 752; x_wconf 85' lang='lat' dir='ltr'>quam</span> <span class='ocrx_word' id='word_1_325' title='bbox 2638 685 2710 740; x_wconf 79' lang='lat' dir='ltr'>lit·</span> 
     </span>
     <span class='ocr_line' id='line_1_56' title="bbox 1466 768 2715 824; baseline 0.001 -15"><span class='ocrx_word' id='word_1_326' title='bbox 1466 769 1588 819; x_wconf 87' lang='lat' dir='ltr'>teris,</span> <span class='ocrx_word' id='word_1_327' title='bbox 1614 781 1638 810; x_wconf 88' lang='lat' dir='ltr'>a</span> <span class='ocrx_word' id='word_1_328' title='bbox 1662 768 1930 824; x_wconf 87' lang='lat' dir='ltr'>principibus</span> <span class='ocrx_word' id='word_1_329' title='bbox 1961 781 2008 812; x_wconf 90' lang='lat' dir='ltr'>se</span> <span class='ocrx_word' id='word_1_330' title='bbox 2036 768 2172 812; x_wconf 80' lang='lat' dir='ltr'>fuisse</span> <span class='ocrx_word' id='word_1_331' title='bbox 2194 768 2436 823; x_wconf 82' lang='lat' dir='ltr'>deceptum,</span> <span class='ocrx_word' id='word_1_332' title='bbox 2467 775 2509 811; x_wconf 89' lang='lat' dir='ltr'>et</span> <span class='ocrx_word' id='word_1_333' title='bbox 2533 769 2585 811; x_wconf 89' lang='lat' dir='ltr'>ad</span> <span class='ocrx_word' id='word_1_334' title='bbox 2609 768 2715 812; x_wconf 87' lang='lat' dir='ltr'>resi-</span> 
     </span>
     <span class='ocr_line' id='line_1_57' title="bbox 1467 840 2712 897; baseline -0.002 -14"><span class='ocrx_word' id='word_1_335' title='bbox 1467 841 1634 897; x_wconf 85' lang='lat' dir='ltr'>gnanda</span> <span class='ocrx_word' id='word_1_336' title='bbox 1672 841 1832 896; x_wconf 83' lang='lat' dir='ltr'>regalia</span> <span class='ocrx_word' id='word_1_337' title='bbox 1876 840 1962 883; x_wconf 87' lang='lat' dir='ltr'>filio</span> <span class='ocrx_word' id='word_1_338' title='bbox 1998 845 2279 885; x_wconf 85' lang='lat' dir='ltr'>coarctatum.</span> <span class='ocrx_word' id='word_1_339' title='bbox 2315 841 2552 884; x_wconf 78' lang='lat' dir='ltr'>Transacto</span> <span class='ocrx_word' id='word_1_340' title='bbox 2573 851 2712 895; x_wconf 88' lang='lat' dir='ltr'>pauco</span> 
     </span>
     <span class='ocr_line' id='line_1_58' title="bbox 1468 909 2713 968; baseline -0.001 -12"><span class='ocrx_word' id='word_1_341' title='bbox 1468 919 1676 968; x_wconf 84' lang='lat' dir='ltr'>tempore,</span> <span class='ocrx_word' id='word_1_342' title='bbox 1700 916 1823 968; x_wconf 83' lang='lat' dir='ltr'>pater</span> <span class='ocrx_word' id='word_1_343' title='bbox 1843 913 1956 968; x_wconf 86' lang='lat' dir='ltr'>apud</span> <span class='ocrx_word' id='word_1_344' title='bbox 1979 909 2183 959; x_wconf 86' lang='lat' dir='ltr'>Leodium</span> <span class='ocrx_word' id='word_1_345' title='bbox 2207 914 2404 962; x_wconf 89' lang='lat' dir='ltr'>moritur,</span> <span class='ocrx_word' id='word_1_346' title='bbox 2433 918 2476 956; x_wconf 89' lang='lat' dir='ltr'>et</span> <span class='ocrx_word' id='word_1_347' title='bbox 2499 924 2616 955; x_wconf 90' lang='lat' dir='ltr'>more</span> <span class='ocrx_word' id='word_1_348' title='bbox 2643 924 2713 955; x_wconf 89' lang='lat' dir='ltr'>re·</span> 
     </span>
     <span class='ocr_line' id='line_1_59' title="bbox 1466 985 2712 1043; baseline -0.001 -15"><span class='ocrx_word' id='word_1_349' title='bbox 1466 986 1538 1043; x_wconf 78' lang='lat' dir='ltr'>gio</span> <span class='ocrx_word' id='word_1_350' title='bbox 1555 985 1613 1032; x_wconf 88' lang='lat' dir='ltr'>ibi</span> <span class='ocrx_word' id='word_1_351' title='bbox 1637 986 1858 1041; x_wconf 85' lang='lat' dir='ltr'>sepelitur.</span> <span class='ocrx_word' id='word_1_352' title='bbox 1896 985 1978 1029; x_wconf 85' lang='lat' dir='ltr'>Sed</span> <span class='ocrx_word' id='word_1_353' title='bbox 2001 992 2148 1042; x_wconf 89' lang='lat' dir='ltr'>postea</span> <span class='ocrx_word' id='word_1_354' title='bbox 2176 986 2379 1028; x_wconf 86' lang='lat' dir='ltr'>mandato</span> <span class='ocrx_word' id='word_1_355' title='bbox 2402 985 2586 1028; x_wconf 85' lang='lat' dir='ltr'>Romani</span> <span class='ocrx_word' id='word_1_356' title='bbox 2604 996 2712 1040; x_wconf 81' lang='lat' dir='ltr'>pon-</span> 
     </span>
     <span class='ocr_line' id='line_1_60' title="bbox 1467 1056 2712 1113; baseline -0.002 -10"><span class='ocrx_word' id='word_1_357' title='bbox 1467 1059 1611 1110; x_wconf 73' lang='lat' dir='ltr'>tilicis,</span> <span class='ocrx_word' id='word_1_358' title='bbox 1634 1071 1659 1102; x_wconf 86' lang='lat' dir='ltr'>a</span> <span class='ocrx_word' id='word_1_359' title='bbox 1682 1059 1930 1103; x_wconf 84' lang='lat' dir='ltr'>coemeterio</span> <span class='ocrx_word' id='word_1_360' title='bbox 1945 1058 2135 1113; x_wconf 79' lang='lat' dir='ltr'>ejicitur,</span> <span class='ocrx_word' id='word_1_361' title='bbox 2155 1058 2280 1113; x_wconf 88' lang='lat' dir='ltr'>eique</span> <span class='ocrx_word' id='word_1_362' title='bbox 2305 1059 2446 1101; x_wconf 88' lang='lat' dir='ltr'>omnis</span> <span class='ocrx_word' id='word_1_363' title='bbox 2463 1056 2712 1101; x_wconf 87' lang='lat' dir='ltr'>Christiana</span> 
     </span>
     <span class='ocr_line' id='line_1_61' title="bbox 1466 1128 2712 1188; baseline -0.004 -11"><span class='ocrx_word' id='word_1_364' title='bbox 1466 1132 1687 1188; x_wconf 84' lang='lat' dir='ltr'>sepultura</span> <span class='ocrx_word' id='word_1_365' title='bbox 1716 1131 1969 1187; x_wconf 73' lang='lat' dir='ltr'>denegatur.</span> <span class='ocrx_word' id='word_1_366' title='bbox 1999 1130 2168 1186; x_wconf 85' lang='lat' dir='ltr'>Corpus</span> <span class='ocrx_word' id='word_1_367' title='bbox 2192 1135 2335 1173; x_wconf 86' lang='lat' dir='ltr'>autem</span> <span class='ocrx_word' id='word_1_368' title='bbox 2365 1130 2459 1182; x_wconf 84' lang='lat' dir='ltr'>ejus</span> <span class='ocrx_word' id='word_1_369' title='bbox 2491 1142 2512 1171; x_wconf 89' lang='lat' dir='ltr'>a</span> <span class='ocrx_word' id='word_1_370' title='bbox 2552 1128 2712 1172; x_wconf 87' lang='lat' dir='ltr'>Leodio</span> 
     </span>
     <span class='ocr_line' id='line_1_62' title="bbox 1466 1201 2714 1259; baseline -0.002 -11"><span class='ocrx_word' id='word_1_371' title='bbox 1466 1205 1510 1248; x_wconf 89' lang='lat' dir='ltr'>in</span> <span class='ocrx_word' id='word_1_372' title='bbox 1531 1204 1682 1248; x_wconf 87' lang='lat' dir='ltr'>urbem</span> <span class='ocrx_word' id='word_1_373' title='bbox 1710 1202 1897 1259; x_wconf 77' lang='lat' dir='ltr'>spiram,</span> <span class='ocrx_word' id='word_1_374' title='bbox 1927 1203 2091 1248; x_wconf 86' lang='lat' dir='ltr'>scilicet</span> <span class='ocrx_word' id='word_1_375' title='bbox 2116 1215 2245 1258; x_wconf 79' lang='lat' dir='ltr'>supra</span> <span class='ocrx_word' id='word_1_376' title='bbox 2274 1201 2494 1252; x_wconf 86' lang='lat' dir='ltr'>Rhenum,</span> <span class='ocrx_word' id='word_1_377' title='bbox 2523 1202 2598 1245; x_wconf 87' lang='lat' dir='ltr'>ubi</span> <span class='ocrx_word' id='word_1_378' title='bbox 2621 1202 2714 1257; x_wconf 82' lang='lat' dir='ltr'>ipse</span> 
     </span>
     <span class='ocr_line' id='line_1_63' title="bbox 1466 1275 2712 1322; baseline -0.004 0"><span class='ocrx_word' id='word_1_379' title='bbox 1466 1279 1511 1322; x_wconf 89' lang='lat' dir='ltr'>in</span> <span class='ocrx_word' id='word_1_380' title='bbox 1533 1278 1737 1321; x_wconf 87' lang='lat' dir='ltr'>honorem</span> <span class='ocrx_word' id='word_1_381' title='bbox 1762 1283 1921 1322; x_wconf 76' lang='lat' dir='ltr'>sanctae</span> <span class='ocrx_word' id='word_1_382' title='bbox 1955 1277 2099 1321; x_wconf 84' lang='lat' dir='ltr'>Mariae</span> <span class='ocrx_word' id='word_1_383' title='bbox 2125 1275 2336 1320; x_wconf 85' lang='lat' dir='ltr'>mirabilis</span> <span class='ocrx_word' id='word_1_384' title='bbox 2375 1281 2605 1320; x_wconf 78' lang='lat' dir='ltr'>structurae</span> <span class='ocrx_word' id='word_1_385' title='bbox 2636 1286 2712 1318; x_wconf 86' lang='lat' dir='ltr'>cc-</span> 
     </span>
     <span class='ocr_line' id='line_1_64' title="bbox 1469 1338 2714 1404; baseline -0.002 -13"><span class='ocrx_word' id='word_1_386' title='bbox 1469 1349 1645 1392; x_wconf 84' lang='lat' dir='ltr'>clesiam</span> <span class='ocrx_word' id='word_1_387' title='bbox 1678 1347 1948 1399; x_wconf 82' lang='lat' dir='ltr'>fundaverat,</span> <span class='ocrx_word' id='word_1_388' title='bbox 1977 1338 2161 1392; x_wconf 79' lang='lat' dir='ltr'>sednon</span> <span class='ocrx_word' id='word_1_389' title='bbox 2186 1340 2440 1404; x_wconf 76' lang='lat' dir='ltr'>perfecerat,</span> <span class='ocrx_word' id='word_1_390' title='bbox 2477 1352 2544 1390; x_wconf 89' lang='lat' dir='ltr'>est</span> <span class='ocrx_word' id='word_1_391' title='bbox 2572 1346 2618 1389; x_wconf 88' lang='lat' dir='ltr'>in</span> <span class='ocrx_word' id='word_1_392' title='bbox 2653 1346 2714 1389; x_wconf 79' lang='lat' dir='ltr'>se-</span> 
     </span>
     <span class='ocr_line' id='line_1_65' title="bbox 1469 1411 2715 1474; baseline -0.004 -12"><span class='ocrx_word' id='word_1_393' title='bbox 1469 1424 1586 1462; x_wconf 90' lang='lat' dir='ltr'>retro</span> <span class='ocrx_word' id='word_1_394' title='bbox 1607 1419 1897 1474; x_wconf 79' lang='lat' dir='ltr'>deportatum,</span> <span class='ocrx_word' id='word_1_395' title='bbox 1924 1419 2025 1461; x_wconf 87' lang='lat' dir='ltr'>etin</span> <span class='ocrx_word' id='word_1_396' title='bbox 2049 1411 2210 1474; x_wconf 82' lang='lat' dir='ltr'>capella</span> <span class='ocrx_word' id='word_1_397' title='bbox 2241 1418 2409 1462; x_wconf 85' lang='lat' dir='ltr'>Sanctae</span> <span class='ocrx_word' id='word_1_398' title='bbox 2425 1416 2596 1472; x_wconf 87' lang='lat' dir='ltr'>Aphrae,</span> <span class='ocrx_word' id='word_1_399' title='bbox 2620 1415 2715 1458; x_wconf 87' lang='lat' dir='ltr'>sine</span> 
     </span>
     <span class='ocr_line' id='line_1_66' title="bbox 1469 1486 2713 1548; baseline -0.006 -12"><span class='ocrx_word' id='word_1_400' title='bbox 1469 1492 1707 1548; x_wconf 84' lang='lat' dir='ltr'>sepultura,</span> <span class='ocrx_word' id='word_1_401' title='bbox 1725 1504 1802 1546; x_wconf 85' lang='lat' dir='ltr'>per</span> <span class='ocrx_word' id='word_1_402' title='bbox 1823 1491 2007 1546; x_wconf 83' lang='lat' dir='ltr'>spatium</span> <span class='ocrx_word' id='word_1_403' title='bbox 2032 1491 2221 1546; x_wconf 91' lang='lat' dir='ltr'>quinque</span> <span class='ocrx_word' id='word_1_404' title='bbox 2243 1501 2453 1532; x_wconf 87' lang='lat' dir='ltr'>annorum</span> <span class='ocrx_word' id='word_1_405' title='bbox 2485 1488 2529 1530; x_wconf 91' lang='lat' dir='ltr'>in</span> <span class='ocrx_word' id='word_1_406' title='bbox 2555 1486 2713 1530; x_wconf 79' lang='lat' dir='ltr'>feretro</span> 
     </span>
     <span class='ocr_line' id='line_1_67' title="bbox 1469 1556 2715 1617; baseline -0.008 -9"><span class='ocrx_word' id='word_1_407' title='bbox 1469 1571 1786 1608; x_wconf 77' lang='lat' dir='ltr'>conservatum.</span> <span class='ocrx_word' id='word_1_408' title='bbox 1810 1562 1923 1615; x_wconf 88' lang='lat' dir='ltr'>Quid</span> <span class='ocrx_word' id='word_1_409' title='bbox 1955 1567 2096 1606; x_wconf 88' lang='lat' dir='ltr'>autem</span> <span class='ocrx_word' id='word_1_410' title='bbox 2132 1562 2185 1606; x_wconf 87' lang='lat' dir='ltr'>de</span> <span class='ocrx_word' id='word_1_411' title='bbox 2214 1574 2265 1606; x_wconf 88' lang='lat' dir='ltr'>eo</span> <span class='ocrx_word' id='word_1_412' title='bbox 2297 1567 2448 1617; x_wconf 81' lang='lat' dir='ltr'>postea</span> <span class='ocrx_word' id='word_1_413' title='bbox 2483 1558 2611 1603; x_wconf 80' lang='lat' dir='ltr'>fuerit</span> <span class='ocrx_word' id='word_1_414' title='bbox 2651 1556 2715 1599; x_wconf 71' lang='lat' dir='ltr'>sa=</span> 
     </span>
     <span class='ocr_line' id='line_1_68' title="bbox 1471 1628 2717 1689; baseline -0.006 -10"><span class='ocrx_word' id='word_1_415' title='bbox 1471 1643 1603 1687; x_wconf 87' lang='lat' dir='ltr'>ctum,</span> <span class='ocrx_word' id='word_1_416' title='bbox 1625 1634 1670 1676; x_wconf 86' lang='lat' dir='ltr'>in</span> <span class='ocrx_word' id='word_1_417' title='bbox 1690 1635 1775 1678; x_wconf 78' lang='lat' dir='ltr'>fine</span> <span class='ocrx_word' id='word_1_418' title='bbox 1800 1635 1927 1689; x_wconf 74' lang='lat' dir='ltr'>hujiis</span> <span class='ocrx_word' id='word_1_419' title='bbox 1946 1634 2122 1689; x_wconf 90' lang='lat' dir='ltr'>capituli</span> <span class='ocrx_word' id='word_1_420' title='bbox 2143 1633 2322 1677; x_wconf 81' lang='lat' dir='ltr'>inferius</span> <span class='ocrx_word' id='word_1_421' title='bbox 2341 1631 2534 1686; x_wconf 68' lang='lat' dir='ltr'>versifice</span> <span class='ocrx_word' id='word_1_422' title='bbox 2560 1628 2717 1673; x_wconf 83' lang='lat' dir='ltr'>resere-</span> 
     </span>
     <span class='ocr_line' id='line_1_69' title="bbox 1471 1707 2418 1763; baseline -0.004 -10"><span class='ocrx_word' id='word_1_423' title='bbox 1471 1721 1583 1754; x_wconf 89' lang='lat' dir='ltr'>mus.</span> <span class='ocrx_word' id='word_1_424' title='bbox 1612 1708 1724 1760; x_wconf 83' lang='lat' dir='ltr'>Quid</span> <span class='ocrx_word' id='word_1_425' title='bbox 1747 1707 1878 1763; x_wconf 86' lang='lat' dir='ltr'>igitur</span> <span class='ocrx_word' id='word_1_426' title='bbox 1899 1708 2012 1751; x_wconf 86' lang='lat' dir='ltr'>filius</span> <span class='ocrx_word' id='word_1_427' title='bbox 2031 1707 2162 1750; x_wconf 79' lang='lat' dir='ltr'>saciat</span> <span class='ocrx_word' id='word_1_428' title='bbox 2181 1707 2418 1752; x_wconf 82' lang='lat' dir='ltr'>videamus.</span> 
     </span>
    </p>

    <p class='ocr_par' dir='ltr' id='par_1_13' title="bbox 1599 1776 2587 1836">
     <span class='ocr_line' id='line_1_70' title="bbox 1599 1776 2587 1836; baseline -0.004 -12"><span class='ocrx_word' id='word_1_429' title='bbox 1599 1782 1804 1824; x_wconf 81' lang='lat' dir='ltr'>Henricus</span> <span class='ocrx_word' id='word_1_430' title='bbox 1828 1782 1993 1836; x_wconf 78' lang='lat' dir='ltr'>quintus</span> <span class='ocrx_word' id='word_1_431' title='bbox 2014 1779 2126 1835; x_wconf 76' lang='lat' dir='ltr'>capit</span> <span class='ocrx_word' id='word_1_432' title='bbox 2150 1791 2299 1836; x_wconf 24' lang='lat' dir='ltr'>papam·</span> <span class='ocrx_word' id='word_1_433' title='bbox 2323 1776 2587 1821; x_wconf 81' lang='lat' dir='ltr'>Paschalem.</span> 
     </span>
    </p>

    <p class='ocr_par' dir='ltr' id='par_1_14' title="bbox 1471 1839 2722 2334">
     <span class='ocr_line' id='line_1_71' title="bbox 1525 1839 2718 1909; baseline -0.004 -12"><span class='ocrx_word' id='word_1_434' title='bbox 1525 1853 1737 1898; x_wconf 84' lang='lat' dir='ltr'>Henricus</span> <span class='ocrx_word' id='word_1_435' title='bbox 1764 1854 1960 1909; x_wconf 86' lang='lat' dir='ltr'>quintus,</span> <span class='ocrx_word' id='word_1_436' title='bbox 1992 1839 2166 1894; x_wconf 47' lang='lat' dir='ltr'>&#39;mortuo</span> <span class='ocrx_word' id='word_1_437' title='bbox 2197 1859 2332 1906; x_wconf 86' lang='lat' dir='ltr'>patre,</span> <span class='ocrx_word' id='word_1_438' title='bbox 2368 1849 2558 1893; x_wconf 88' lang='lat' dir='ltr'>mirabili</span> <span class='ocrx_word' id='word_1_439' title='bbox 2586 1849 2718 1892; x_wconf 61' lang='lat' dir='ltr'>colle1</span> 
     </span>
     <span class='ocr_line' id='line_1_72' title="bbox 1471 1919 2718 1976; baseline -0.006 -7"><span class='ocrx_word' id='word_1_440' title='bbox 1471 1931 1542 1969; x_wconf 89' lang='lat' dir='ltr'>cto</span> <span class='ocrx_word' id='word_1_441' title='bbox 1581 1925 1791 1974; x_wconf 84' lang='lat' dir='ltr'>exercitu,</span> <span class='ocrx_word' id='word_1_442' title='bbox 1826 1923 1955 1965; x_wconf 86' lang='lat' dir='ltr'>tertio</span> <span class='ocrx_word' id='word_1_443' title='bbox 1989 1929 2101 1965; x_wconf 88' lang='lat' dir='ltr'>anno</span> <span class='ocrx_word' id='word_1_444' title='bbox 2135 1927 2232 1976; x_wconf 81' lang='lat' dir='ltr'>post</span> <span class='ocrx_word' id='word_1_445' title='bbox 2267 1921 2431 1964; x_wconf 82' lang='lat' dir='ltr'>obitum</span> <span class='ocrx_word' id='word_1_446' title='bbox 2462 1919 2616 1976; x_wconf 88' lang='lat' dir='ltr'>patris,</span> <span class='ocrx_word' id='word_1_447' title='bbox 2642 1930 2718 1975; x_wconf 81' lang='lat' dir='ltr'>per</span> 
     </span>
     <span class='ocr_line' id='line_1_73' title="bbox 1472 1992 2720 2050; baseline -0.006 -9"><span class='ocrx_word' id='word_1_448' title='bbox 1472 1997 1656 2042; x_wconf 79' lang='lat' dir='ltr'>Mentem</span> <span class='ocrx_word' id='word_1_449' title='bbox 1689 1995 1808 2040; x_wconf 81' lang='lat' dir='ltr'>Jovis</span> <span class='ocrx_word' id='word_1_450' title='bbox 1845 1996 2002 2038; x_wconf 86' lang='lat' dir='ltr'>transit</span> <span class='ocrx_word' id='word_1_451' title='bbox 2029 1994 2296 2050; x_wconf 72' lang='lat' dir='ltr'>Pyrenaeum,</span> <span class='ocrx_word' id='word_1_452' title='bbox 2329 1992 2507 2035; x_wconf 82' lang='lat' dir='ltr'>Romam</span> <span class='ocrx_word' id='word_1_453' title='bbox 2548 1993 2720 2048; x_wconf 80' lang='lat' dir='ltr'>proiici-</span> 
     </span>
     <span class='ocr_line' id='line_1_74' title="bbox 1472 2063 2722 2122; baseline -0.007 -8"><span class='ocrx_word' id='word_1_454' title='bbox 1472 2083 1614 2115; x_wconf 87' lang='lat' dir='ltr'>scens.</span> <span class='ocrx_word' id='word_1_455' title='bbox 1640 2068 1832 2122; x_wconf 83' lang='lat' dir='ltr'>Cumque</span> <span class='ocrx_word' id='word_1_456' title='bbox 1859 2078 1991 2121; x_wconf 86' lang='lat' dir='ltr'>supra</span> <span class='ocrx_word' id='word_1_457' title='bbox 2018 2065 2181 2109; x_wconf 90' lang='lat' dir='ltr'>Padum</span> <span class='ocrx_word' id='word_1_458' title='bbox 2205 2070 2550 2113; x_wconf 83' lang='lat' dir='ltr'>castrametatus,</span> <span class='ocrx_word' id='word_1_459' title='bbox 2576 2063 2722 2118; x_wconf 67' lang='lat' dir='ltr'>praec-i·</span> 
     </span>
     <span class='ocr_line' id='line_1_75' title="bbox 1472 2133 2720 2197; baseline -0.008 -12"><span class='ocrx_word' id='word_1_460' title='bbox 1472 2146 1590 2197; x_wconf 88' lang='lat' dir='ltr'>peret</span> <span class='ocrx_word' id='word_1_461' title='bbox 1613 2140 1848 2183; x_wconf 77' lang='lat' dir='ltr'>exercitum</span> <span class='ocrx_word' id='word_1_462' title='bbox 1866 2138 2103 2188; x_wconf 75' lang='lat' dir='ltr'>recenseri,</span> <span class='ocrx_word' id='word_1_463' title='bbox 2121 2136 2291 2178; x_wconf 88' lang='lat' dir='ltr'>inventa</span> <span class='ocrx_word' id='word_1_464' title='bbox 2313 2141 2414 2178; x_wconf 89' lang='lat' dir='ltr'>sunt</span> <span class='ocrx_word' id='word_1_465' title='bbox 2429 2134 2604 2190; x_wconf 80' lang='lat' dir='ltr'>triginta</span> <span class='ocrx_word' id='word_1_466' title='bbox 2623 2133 2720 2176; x_wconf 79' lang='lat' dir='ltr'>mil·</span> 
     </span>
     <span class='ocr_line' id='line_1_76' title="bbox 1472 2202 2720 2265; baseline -0.006 -10"><span class='ocrx_word' id='word_1_467' title='bbox 1472 2213 1528 2256; x_wconf 89' lang='lat' dir='ltr'>lia</span> <span class='ocrx_word' id='word_1_468' title='bbox 1554 2212 1761 2261; x_wconf 88' lang='lat' dir='ltr'>militum,</span> <span class='ocrx_word' id='word_1_469' title='bbox 1787 2210 1975 2265; x_wconf 75' lang='lat' dir='ltr'>exceptis</span> <span class='ocrx_word' id='word_1_470' title='bbox 1993 2209 2209 2258; x_wconf 86' lang='lat' dir='ltr'>omnibus,</span> <span class='ocrx_word' id='word_1_471' title='bbox 2236 2207 2309 2263; x_wconf 84' lang='lat' dir='ltr'>qui</span> <span class='ocrx_word' id='word_1_472' title='bbox 2328 2207 2379 2250; x_wconf 88' lang='lat' dir='ltr'>ad</span> <span class='ocrx_word' id='word_1_473' title='bbox 2406 2219 2502 2250; x_wconf 87' lang='lat' dir='ltr'>eum</span> <span class='ocrx_word' id='word_1_474' title='bbox 2525 2206 2578 2250; x_wconf 91' lang='lat' dir='ltr'>de</span> <span class='ocrx_word' id='word_1_475' title='bbox 2598 2202 2720 2249; x_wconf 82' lang='lat' dir='ltr'>Italia</span> 
     </span>
     <span class='ocr_line' id='line_1_77' title="bbox 1473 2277 2720 2334; baseline -0.006 -8"><span class='ocrx_word' id='word_1_476' title='bbox 1473 2281 1786 2326; x_wconf 82' lang='lat' dir='ltr'>confluxerunt.</span> <span class='ocrx_word' id='word_1_477' title='bbox 1826 2279 1927 2323; x_wconf 76' lang='lat' dir='ltr'>Inde</span> <span class='ocrx_word' id='word_1_478' title='bbox 1956 2291 2033 2334; x_wconf 81' lang='lat' dir='ltr'>per</span> <span class='ocrx_word' id='word_1_479' title='bbox 2059 2283 2245 2321; x_wconf 87' lang='lat' dir='ltr'>montem</span> <span class='ocrx_word' id='word_1_480' title='bbox 2266 2277 2534 2332; x_wconf 83' lang='lat' dir='ltr'>Apenninum</span> <span class='ocrx_word' id='word_1_481' title='bbox 2574 2281 2720 2319; x_wconf 85' lang='lat' dir='ltr'>trans-</span> 
     </span>
    </p>
   </div>
   <div class='ocr_carea' id='block_1_8' title="bbox 1413 2347 2720 2425">
    <p class='ocr_par' dir='ltr' id='par_1_15' title="bbox 1413 2347 2720 2425">
     <span class='ocr_line' id='line_1_78' title="bbox 1413 2347 2720 2425; baseline -0.008 -25"><span class='ocrx_word' id='word_1_482' title='bbox 1413 2381 1447 2425; x_wconf 58' lang='grc' dir='ltr'>Ο</span> <span class='ocrx_word' id='word_1_483' title='bbox 1475 2357 1584 2405; x_wconf 84' lang='lat' dir='ltr'>iens,</span> <span class='ocrx_word' id='word_1_484' title='bbox 1625 2355 1809 2409; x_wconf 86' lang='lat' dir='ltr'>Bargum</span> <span class='ocrx_word' id='word_1_485' title='bbox 1845 2353 1995 2396; x_wconf 88' lang='lat' dir='ltr'>Pontis</span> <span class='ocrx_word' id='word_1_486' title='bbox 2040 2347 2231 2395; x_wconf 84' lang='lat' dir='ltr'>Tremuli</span> <span class='ocrx_word' id='word_1_487' title='bbox 2274 2351 2463 2394; x_wconf 87' lang='lat' dir='ltr'>turribus</span> <span class='ocrx_word' id='word_1_488' title='bbox 2505 2356 2547 2393; x_wconf 87' lang='lat' dir='ltr'>et</span> <span class='ocrx_word' id='word_1_489' title='bbox 2582 2348 2720 2391; x_wconf 88' lang='lat' dir='ltr'>muris</span> 
     </span>
    </p>
   </div>
   <div class='ocr_carea' id='block_1_9' title="bbox 1474 2421 2725 3415">
    <p class='ocr_par' dir='ltr' id='par_1_16' title="bbox 1474 2421 2725 3415">
     <span class='ocr_line' id='line_1_79' title="bbox 1474 2421 2720 2480; baseline -0.008 -7"><span class='ocrx_word' id='word_1_490' title='bbox 1474 2428 1597 2473; x_wconf 79' lang='lat' dir='ltr'>valde</span> <span class='ocrx_word' id='word_1_491' title='bbox 1621 2428 1852 2476; x_wconf 87' lang='lat' dir='ltr'>munitum,</span> <span class='ocrx_word' id='word_1_492' title='bbox 1879 2425 1951 2480; x_wconf 80' lang='lat' dir='ltr'>qui</span> <span class='ocrx_word' id='word_1_493' title='bbox 1980 2424 2207 2467; x_wconf 84' lang='lat' dir='ltr'>transitum</span> <span class='ocrx_word' id='word_1_494' title='bbox 2251 2422 2456 2467; x_wconf 79' lang='lat' dir='ltr'>exercitui</span> <span class='ocrx_word' id='word_1_495' title='bbox 2493 2421 2720 2477; x_wconf 82' lang='lat' dir='ltr'>prohibere</span> 
     </span>
     <span class='ocr_line' id='line_1_80' title="bbox 1475 2492 2721 2556; baseline -0.007 -12"><span class='ocrx_word' id='word_1_496' title='bbox 1475 2501 1671 2550; x_wconf 86' lang='lat' dir='ltr'>tentavit,</span> <span class='ocrx_word' id='word_1_497' title='bbox 1691 2499 1950 2556; x_wconf 82' lang='lat' dir='ltr'>expugnavit</span> <span class='ocrx_word' id='word_1_498' title='bbox 1980 2503 2109 2552; x_wconf 84' lang='lat' dir='ltr'>atque</span> <span class='ocrx_word' id='word_1_499' title='bbox 2140 2497 2368 2540; x_wconf 86' lang='lat' dir='ltr'>destruxit.</span> <span class='ocrx_word' id='word_1_500' title='bbox 2395 2494 2555 2538; x_wconf 84' lang='lat' dir='ltr'>Deinde</span> <span class='ocrx_word' id='word_1_501' title='bbox 2587 2492 2721 2537; x_wconf 89' lang='lat' dir='ltr'>Peru-</span> 
     </span>
     <span class='ocr_line' id='line_1_81' title="bbox 1476 2563 2722 2629; baseline -0.007 -13"><span class='ocrx_word' id='word_1_502' title='bbox 1476 2574 1585 2617; x_wconf 84' lang='lat' dir='ltr'>siam</span> <span class='ocrx_word' id='word_1_503' title='bbox 1608 2572 1842 2629; x_wconf 85' lang='lat' dir='ltr'>procedens</span> <span class='ocrx_word' id='word_1_504' title='bbox 1861 2582 1995 2625; x_wconf 87' lang='lat' dir='ltr'>usque</span> <span class='ocrx_word' id='word_1_505' title='bbox 2014 2568 2223 2618; x_wconf 86' lang='lat' dir='ltr'>Aretium,</span> <span class='ocrx_word' id='word_1_506' title='bbox 2251 2566 2466 2609; x_wconf 85' lang='lat' dir='ltr'>civitatem</span> <span class='ocrx_word' id='word_1_507' title='bbox 2491 2565 2628 2619; x_wconf 88' lang='lat' dir='ltr'>ipsam</span> <span class='ocrx_word' id='word_1_508' title='bbox 2652 2563 2722 2607; x_wconf 86' lang='lat' dir='ltr'>de·</span> 
     </span>
     <span class='ocr_line' id='line_1_82' title="bbox 1477 2637 2721 2703; baseline -0.01 -11"><span class='ocrx_word' id='word_1_509' title='bbox 1477 2650 1648 2698; x_wconf 84' lang='lat' dir='ltr'>struxit,</span> <span class='ocrx_word' id='word_1_510' title='bbox 1675 2660 1752 2703; x_wconf 88' lang='lat' dir='ltr'>pro</span> <span class='ocrx_word' id='word_1_511' title='bbox 1774 2660 1824 2691; x_wconf 89' lang='lat' dir='ltr'>eo</span> <span class='ocrx_word' id='word_1_512' title='bbox 1848 2645 1961 2702; x_wconf 89' lang='lat' dir='ltr'>quod</span> <span class='ocrx_word' id='word_1_513' title='bbox 1985 2646 2100 2687; x_wconf 73' lang='lat' dir='ltr'>cives</span> <span class='ocrx_word' id='word_1_514' title='bbox 2137 2643 2197 2686; x_wconf 86' lang='lat' dir='ltr'>illi</span> <span class='ocrx_word' id='word_1_515' title='bbox 2221 2642 2446 2685; x_wconf 86' lang='lat' dir='ltr'>ecelesiam</span> <span class='ocrx_word' id='word_1_516' title='bbox 2471 2639 2615 2683; x_wconf 86' lang='lat' dir='ltr'>Sancti</span> <span class='ocrx_word' id='word_1_517' title='bbox 2638 2637 2721 2680; x_wconf 85' lang='lat' dir='ltr'>Do·</span> 
     </span>
     <span class='ocr_line' id='line_1_83' title="bbox 1476 2712 2717 2777; baseline -0.009 -13"><span class='ocrx_word' id='word_1_518' title='bbox 1476 2721 1583 2770; x_wconf 87' lang='lat' dir='ltr'>nati,</span> <span class='ocrx_word' id='word_1_519' title='bbox 1608 2720 1652 2763; x_wconf 88' lang='lat' dir='ltr'>id</span> <span class='ocrx_word' id='word_1_520' title='bbox 1678 2726 1744 2763; x_wconf 90' lang='lat' dir='ltr'>est</span> <span class='ocrx_word' id='word_1_521' title='bbox 1776 2718 2059 2777; x_wconf 87' lang='lat' dir='ltr'>episcopium,</span> <span class='ocrx_word' id='word_1_522' title='bbox 2083 2716 2196 2772; x_wconf 90' lang='lat' dir='ltr'>quod</span> <span class='ocrx_word' id='word_1_523' title='bbox 2231 2720 2297 2758; x_wconf 88' lang='lat' dir='ltr'>est</span> <span class='ocrx_word' id='word_1_524' title='bbox 2334 2722 2453 2758; x_wconf 82' lang='lat' dir='ltr'>extra</span> <span class='ocrx_word' id='word_1_525' title='bbox 2485 2712 2717 2761; x_wconf 83' lang='lat' dir='ltr'>civitatem,</span> 
     </span>
     <span class='ocr_line' id='line_1_84' title="bbox 1478 2780 2718 2842; baseline -0.009 -6"><span class='ocrx_word' id='word_1_526' title='bbox 1478 2791 1797 2841; x_wconf 80' lang='lat' dir='ltr'>destruxerant,</span> <span class='ocrx_word' id='word_1_527' title='bbox 1826 2789 1970 2834; x_wconf 80' lang='lat' dir='ltr'>sedem</span> <span class='ocrx_word' id='word_1_528' title='bbox 1992 2786 2275 2842; x_wconf 87' lang='lat' dir='ltr'>episcopalem</span> <span class='ocrx_word' id='word_1_529' title='bbox 2299 2783 2412 2826; x_wconf 78' lang='lat' dir='ltr'>inira</span> <span class='ocrx_word' id='word_1_530' title='bbox 2439 2781 2595 2824; x_wconf 84' lang='lat' dir='ltr'>moenia</span> <span class='ocrx_word' id='word_1_531' title='bbox 2613 2780 2718 2825; x_wconf 78' lang='lat' dir='ltr'>civi-</span> 
     </span>
     <span class='ocr_line' id='line_1_85' title="bbox 1479 2855 2718 2921; baseline -0.011 -12"><span class='ocrx_word' id='word_1_532' title='bbox 1479 2868 1582 2910; x_wconf 85' lang='lat' dir='ltr'>tatis</span> <span class='ocrx_word' id='word_1_533' title='bbox 1606 2877 1764 2921; x_wconf 88' lang='lat' dir='ltr'>ponere</span> <span class='ocrx_word' id='word_1_534' title='bbox 1796 2862 2082 2906; x_wconf 89' lang='lat' dir='ltr'>intendentes.</span> <span class='ocrx_word' id='word_1_535' title='bbox 2117 2859 2195 2902; x_wconf 79' lang='lat' dir='ltr'>His</span> <span class='ocrx_word' id='word_1_536' title='bbox 2234 2859 2291 2901; x_wconf 86' lang='lat' dir='ltr'>ita</span> <span class='ocrx_word' id='word_1_537' title='bbox 2327 2855 2509 2914; x_wconf 80' lang='lat' dir='ltr'>peractis</span> <span class='ocrx_word' id='word_1_538' title='bbox 2540 2855 2718 2897; x_wconf 78' lang='lat' dir='ltr'>Romam</span> 
     </span>
     <span class='ocr_line' id='line_1_86' title="bbox 1480 2926 2717 2996; baseline -0.01 -15"><span class='ocrx_word' id='word_1_539' title='bbox 1480 2939 1688 2996; x_wconf 73' lang='lat' dir='ltr'>pervenit,</span> <span class='ocrx_word' id='word_1_540' title='bbox 1714 2945 1754 2979; x_wconf 82' lang='lat' dir='ltr'>et.</span> <span class='ocrx_word' id='word_1_541' title='bbox 1779 2937 1821 2978; x_wconf 89' lang='lat' dir='ltr'>in</span> <span class='ocrx_word' id='word_1_542' title='bbox 1855 2934 2058 2994; x_wconf 82' lang='lat' dir='ltr'>gradibus</span> <span class='ocrx_word' id='word_1_543' title='bbox 2086 2932 2199 2975; x_wconf 87' lang='lat' dir='ltr'>beati</span> <span class='ocrx_word' id='word_1_544' title='bbox 2229 2928 2343 2973; x_wconf 87' lang='lat' dir='ltr'>Petri</span> <span class='ocrx_word' id='word_1_545' title='bbox 2372 2940 2480 2984; x_wconf 89' lang='lat' dir='ltr'>papa</span> <span class='ocrx_word' id='word_1_546' title='bbox 2505 2926 2717 2978; x_wconf 88' lang='lat' dir='ltr'>Paschali‚</span> 
     </span>
     <span class='ocr_line' id='line_1_87' title="bbox 1482 2999 2721 3069; baseline -0.01 -13"><span class='ocrx_word' id='word_1_547' title='bbox 1482 3014 1734 3069; x_wconf 80' lang='lat' dir='ltr'>cunctisque</span> <span class='ocrx_word' id='word_1_548' title='bbox 1757 2999 2136 3054; x_wconf 80' lang='lat' dir='ltr'>cardinalibus,&#39;et</span> <span class='ocrx_word' id='word_1_549' title='bbox 2164 3017 2187 3046; x_wconf 87' lang='lat' dir='ltr'>a</span> <span class='ocrx_word' id='word_1_550' title='bbox 2211 3003 2366 3059; x_wconf 88' lang='lat' dir='ltr'>populo</span> <span class='ocrx_word' id='word_1_551' title='bbox 2386 3002 2595 3051; x_wconf 87' lang='lat' dir='ltr'>Romano,</span> <span class='ocrx_word' id='word_1_552' title='bbox 2623 3011 2721 3043; x_wconf 87' lang='lat' dir='ltr'>cum</span> 
     </span>
     <span class='ocr_line' id='line_1_88' title="bbox 1481 3071 2723 3140; baseline -0.01 -15"><span class='ocrx_word' id='word_1_553' title='bbox 1481 3082 1683 3126; x_wconf 89' lang='lat' dir='ltr'>crucibus</span> <span class='ocrx_word' id='word_1_554' title='bbox 1702 3081 1744 3123; x_wconf 90' lang='lat' dir='ltr'>in</span> <span class='ocrx_word' id='word_1_555' title='bbox 1761 3078 2050 3140; x_wconf 83' lang='lat' dir='ltr'>processione,</span> <span class='ocrx_word' id='word_1_556' title='bbox 2069 3087 2164 3118; x_wconf 88' lang='lat' dir='ltr'>cum</span> <span class='ocrx_word' id='word_1_557' title='bbox 2186 3072 2371 3129; x_wconf 86' lang='lat' dir='ltr'>tripudio</span> <span class='ocrx_word' id='word_1_558' title='bbox 2390 3077 2432 3116; x_wconf 89' lang='lat' dir='ltr'>et</span> <span class='ocrx_word' id='word_1_559' title='bbox 2454 3071 2607 3127; x_wconf 84' lang='lat' dir='ltr'>gaudio</span> <span class='ocrx_word' id='word_1_560' title='bbox 2632 3083 2723 3113; x_wconf 78' lang='lat' dir='ltr'>nia-</span> 
     </span>
     <span class='ocr_line' id='line_1_89' title="bbox 1483 3142 2720 3211; baseline -0.011 -14"><span class='ocrx_word' id='word_1_561' title='bbox 1483 3167 1564 3211; x_wconf 84' lang='lat' dir='ltr'>gno</span> <span class='ocrx_word' id='word_1_562' title='bbox 1592 3157 1819 3207; x_wconf 86' lang='lat' dir='ltr'>susceptus</span> <span class='ocrx_word' id='word_1_563' title='bbox 1843 3156 1925 3195; x_wconf 83' lang='lat' dir='ltr'>est.</span> <span class='ocrx_word' id='word_1_564' title='bbox 1970 3147 2064 3203; x_wconf 82' lang='lat' dir='ltr'>lpse</span> <span class='ocrx_word' id='word_1_565' title='bbox 2096 3151 2235 3190; x_wconf 86' lang='lat' dir='ltr'>autem</span> <span class='ocrx_word' id='word_1_566' title='bbox 2267 3156 2419 3201; x_wconf 88' lang='lat' dir='ltr'>papam</span> <span class='ocrx_word' id='word_1_567' title='bbox 2453 3142 2720 3192; x_wconf 86' lang='lat' dir='ltr'>Paschalem,</span> 
     </span>
     <span class='ocr_line' id='line_1_90' title="bbox 1483 3213 2723 3279; baseline -0.012 -9"><span class='ocrx_word' id='word_1_568' title='bbox 1483 3226 1664 3271; x_wconf 88' lang='lat' dir='ltr'>consilio</span> <span class='ocrx_word' id='word_1_569' title='bbox 1707 3222 1991 3279; x_wconf 83' lang='lat' dir='ltr'>quorumdam</span> <span class='ocrx_word' id='word_1_570' title='bbox 2028 3220 2360 3267; x_wconf 86' lang='lat' dir='ltr'>sceleratorum,</span> <span class='ocrx_word' id='word_1_571' title='bbox 2407 3221 2577 3271; x_wconf 84' lang='lat' dir='ltr'>captum</span> <span class='ocrx_word' id='word_1_572' title='bbox 2617 3213 2723 3257; x_wconf 88' lang='lat' dir='ltr'>deti-</span> 
     </span>
     <span class='ocr_line' id='line_1_91' title="bbox 1483 3283 2722 3348; baseline -0.012 -7"><span class='ocrx_word' id='word_1_573' title='bbox 1483 3300 1593 3348; x_wconf 84' lang='lat' dir='ltr'>nuit,</span> <span class='ocrx_word' id='word_1_574' title='bbox 1618 3303 1660 3341; x_wconf 86' lang='lat' dir='ltr'>ct</span> <span class='ocrx_word' id='word_1_575' title='bbox 1695 3295 1841 3339; x_wconf 86' lang='lat' dir='ltr'>Ulrico</span> <span class='ocrx_word' id='word_1_576' title='bbox 1869 3291 2122 3348; x_wconf 75' lang='lat' dir='ltr'>patriarchae</span> <span class='ocrx_word' id='word_1_577' title='bbox 2158 3287 2439 3344; x_wconf 84' lang='lat' dir='ltr'>Aquileiensi,</span> <span class='ocrx_word' id='word_1_578' title='bbox 2471 3298 2567 3328; x_wconf 88' lang='lat' dir='ltr'>cum</span> <span class='ocrx_word' id='word_1_579' title='bbox 2600 3283 2722 3327; x_wconf 83' lang='lat' dir='ltr'>reve-</span> 
     </span>
     <span class='ocr_line' id='line_1_92' title="bbox 1485 3351 2725 3415; baseline -0.015 -1"><span class='ocrx_word' id='word_1_580' title='bbox 1485 3371 1624 3415; x_wconf 87' lang='lat' dir='ltr'>rentia</span> <span class='ocrx_word' id='word_1_581' title='bbox 1654 3364 1980 3411; x_wconf 85' lang='lat' dir='ltr'>custodiendum</span> <span class='ocrx_word' id='word_1_582' title='bbox 2007 3351 2237 3405; x_wconf 86' lang='lat' dir='ltr'>commisit.</span> <span class='ocrx_word' id='word_1_583' title='bbox 2273 3358 2393 3401; x_wconf 88' lang='lat' dir='ltr'>Tunc</span> <span class='ocrx_word' id='word_1_584' title='bbox 2425 3362 2519 3400; x_wconf 85' lang='lat' dir='ltr'>orto</span> <span class='ocrx_word' id='word_1_585' title='bbox 2549 3369 2600 3398; x_wconf 87' lang='lat' dir='ltr'>ex</span> <span class='ocrx_word' id='word_1_586' title='bbox 2645 3356 2725 3398; x_wconf 88' lang='lat' dir='ltr'>im-</span> 
     </span>
    </p>
   </div>
   <div class='ocr_carea' id='block_1_10' title="bbox 221 3428 2728 3498">
    <p class='ocr_par' dir='ltr' id='par_1_17' title="bbox 221 3428 2728 3498">
     <span class='ocr_line' id='line_1_93' title="bbox 221 3428 2728 3498; baseline -0.006 -15"><span class='ocrx_word' id='word_1_587' title='bbox 221 3441 453 3495; x_wconf 83' lang='lat' dir='ltr'>Hucusque</span> <span class='ocrx_word' id='word_1_588' title='bbox 480 3447 566 3483; x_wconf 87' lang='lat' dir='ltr'>tam</span> <span class='ocrx_word' id='word_1_589' title='bbox 591 3453 643 3483; x_wconf 84' lang='lat' dir='ltr'>ex</span> <span class='ocrx_word' id='word_1_590' title='bbox 676 3439 800 3483; x_wconf 88' lang='lat' dir='ltr'>libris</span> <span class='ocrx_word' id='word_1_591' title='bbox 832 3437 991 3490; x_wconf 78' lang='lat' dir='ltr'>orosii,</span> <span class='ocrx_word' id='word_1_592' title='bbox 1037 3451 1167 3495; x_wconf 87' lang='lat' dir='ltr'>quam</span> <span class='ocrx_word' id='word_1_593' title='bbox 1210 3438 1400 3489; x_wconf 82' lang='lat' dir='ltr'>Eusebii.</span> <span class='ocrx_word' id='word_1_594' title='bbox 1430 3437 1463 3481; x_wconf 87' lang='grc'>0</span> <span class='ocrx_word' id='word_1_595' title='bbox 1485 3443 1657 3498; x_wconf 83' lang='lat' dir='ltr'>proviso</span> <span class='ocrx_word' id='word_1_596' title='bbox 1681 3439 1882 3486; x_wconf 85' lang='lat' dir='ltr'>tumultu,</span> <span class='ocrx_word' id='word_1_597' title='bbox 1910 3441 1952 3478; x_wconf 88' lang='lat' dir='ltr'>et</span> <span class='ocrx_word' id='word_1_598' title='bbox 1982 3440 2134 3476; x_wconf 87' lang='lat' dir='ltr'>ornatu</span> <span class='ocrx_word' id='word_1_599' title='bbox 2165 3430 2364 3474; x_wconf 85' lang='lat' dir='ltr'>Ecclesiae</span> <span class='ocrx_word' id='word_1_600' title='bbox 2387 3428 2637 3482; x_wconf 89' lang='lat' dir='ltr'>cunctisque</span> <span class='ocrx_word' id='word_1_601' title='bbox 2658 3438 2728 3468; x_wconf 79' lang='lat' dir='ltr'>re-</span> 
     </span>
    </p>
   </div>
   <div class='ocr_carea' id='block_1_11' title="bbox 167 3511 1417 4491">
    <p class='ocr_par' dir='ltr' id='par_1_18' title="bbox 167 3511 1412 3999">
     <span class='ocr_line' id='line_1_94' title="bbox 167 3511 1406 3569; baseline -0.001 -13"><span class='ocrx_word' id='word_1_602' title='bbox 167 3521 208 3556; x_wconf 86' lang='lat' dir='ltr'>ct</span> <span class='ocrx_word' id='word_1_603' title='bbox 232 3515 412 3556; x_wconf 81' lang='lat' dir='ltr'>alioruin</span> <span class='ocrx_word' id='word_1_604' title='bbox 442 3512 515 3569; x_wconf 86' lang='lat' dir='ltr'>qui</span> <span class='ocrx_word' id='word_1_605' title='bbox 548 3517 646 3567; x_wconf 87' lang='lat' dir='ltr'>post</span> <span class='ocrx_word' id='word_1_606' title='bbox 669 3524 743 3556; x_wconf 89' lang='lat' dir='ltr'>eos</span> <span class='ocrx_word' id='word_1_607' title='bbox 779 3513 1048 3567; x_wconf 88' lang='lat' dir='ltr'>scripserunt</span> <span class='ocrx_word' id='word_1_608' title='bbox 1075 3511 1406 3555; x_wconf 85' lang='lat' dir='ltr'>auctoritatibus</span> 
     </span>
     <span class='ocr_line' id='line_1_95' title="bbox 169 3575 1407 3640; baseline 0.001 -14"><span class='ocrx_word' id='word_1_609' title='bbox 169 3586 279 3634; x_wconf 77' lang='lat' dir='ltr'>sulii,</span> <span class='ocrx_word' id='word_1_610' title='bbox 309 3585 469 3640; x_wconf 75' lang='lat' dir='ltr'>scripta</span> <span class='ocrx_word' id='word_1_611' title='bbox 497 3575 645 3627; x_wconf 87' lang='lat' dir='ltr'>nostra</span> <span class='ocrx_word' id='word_1_612' title='bbox 673 3586 913 3638; x_wconf 84' lang='lat' dir='ltr'>posuimus.</span> <span class='ocrx_word' id='word_1_613' title='bbox 949 3583 1112 3627; x_wconf 84' lang='lat' dir='ltr'>Caetera</span> <span class='ocrx_word' id='word_1_614' title='bbox 1138 3589 1282 3627; x_wconf 75' lang='lat' dir='ltr'>autem</span> <span class='ocrx_word' id='word_1_615' title='bbox 1311 3596 1407 3639; x_wconf 85' lang='lat' dir='ltr'>quae</span> 
     </span>
     <span class='ocr_line' id='line_1_96' title="bbox 169 3655 1409 3713; baseline -0.002 -11"><span class='ocrx_word' id='word_1_616' title='bbox 169 3663 422 3713; x_wconf 83' lang='lat' dir='ltr'>sequuntur,</span> <span class='ocrx_word' id='word_1_617' title='bbox 450 3657 551 3712; x_wconf 88' lang='lat' dir='ltr'>quia</span> <span class='ocrx_word' id='word_1_618' title='bbox 574 3656 760 3700; x_wconf 88' lang='lat' dir='ltr'>recentis</span> <span class='ocrx_word' id='word_1_619' title='bbox 777 3655 1010 3708; x_wconf 86' lang='lat' dir='ltr'>memoriae,</span> <span class='ocrx_word' id='word_1_620' title='bbox 1027 3662 1070 3699; x_wconf 89' lang='lat' dir='ltr'>et</span> <span class='ocrx_word' id='word_1_621' title='bbox 1090 3656 1213 3711; x_wconf 86' lang='lat' dir='ltr'>quasi</span> <span class='ocrx_word' id='word_1_622' title='bbox 1238 3662 1409 3700; x_wconf 83' lang='lat' dir='ltr'>nostro-</span> 
     </span>
     <span class='ocr_line' id='line_1_97' title="bbox 171 3727 1412 3784; baseline -0.002 -11"><span class='ocrx_word' id='word_1_623' title='bbox 171 3744 263 3774; x_wconf 85' lang='lat' dir='ltr'>rum</span> <span class='ocrx_word' id='word_1_624' title='bbox 282 3736 520 3784; x_wconf 81' lang='lat' dir='ltr'>temporum</span> <span class='ocrx_word' id='word_1_625' title='bbox 551 3737 665 3779; x_wconf 86' lang='lat' dir='ltr'>sunt,</span> <span class='ocrx_word' id='word_1_626' title='bbox 691 3741 770 3772; x_wconf 91' lang='lat' dir='ltr'>nos</span> <span class='ocrx_word' id='word_1_627' title='bbox 792 3740 842 3772; x_wconf 86' lang='lat' dir='ltr'>ea</span> <span class='ocrx_word' id='word_1_628' title='bbox 875 3728 1000 3772; x_wconf 89' lang='lat' dir='ltr'>nobis</span> <span class='ocrx_word' id='word_1_629' title='bbox 1025 3740 1049 3771; x_wconf 86' lang='lat' dir='ltr'>a</span> <span class='ocrx_word' id='word_1_630' title='bbox 1078 3728 1185 3771; x_wconf 81' lang='lat' dir='ltr'>viris</span> <span class='ocrx_word' id='word_1_631' title='bbox 1209 3727 1412 3784; x_wconf 87' lang='lat' dir='ltr'>probabi·</span> 
     </span>
     <span class='ocr_line' id='line_1_98' title="bbox 172 3801 1412 3858; baseline -0.002 -12"><span class='ocrx_word' id='word_1_632' title='bbox 172 3805 283 3847; x_wconf 83' lang='lat' dir='ltr'>libus</span> <span class='ocrx_word' id='word_1_633' title='bbox 302 3802 473 3852; x_wconf 89' lang='lat' dir='ltr'>tradita,</span> <span class='ocrx_word' id='word_1_634' title='bbox 492 3807 534 3846; x_wconf 81' lang='lat' dir='ltr'>et</span> <span class='ocrx_word' id='word_1_635' title='bbox 553 3802 707 3858; x_wconf 83' lang='lat' dir='ltr'>partim</span> <span class='ocrx_word' id='word_1_636' title='bbox 733 3813 758 3844; x_wconf 89' lang='lat' dir='ltr'>a</span> <span class='ocrx_word' id='word_1_637' title='bbox 782 3801 910 3845; x_wconf 88' lang='lat' dir='ltr'>nobis</span> <span class='ocrx_word' id='word_1_638' title='bbox 933 3801 1104 3844; x_wconf 88' lang='lat' dir='ltr'>oculata</span> <span class='ocrx_word' id='word_1_639' title='bbox 1126 3801 1208 3845; x_wconf 81' lang='lat' dir='ltr'>tide</span> <span class='ocrx_word' id='word_1_640' title='bbox 1228 3812 1412 3855; x_wconf 82' lang='lat' dir='ltr'>conspe·</span> 
     </span>
     <span class='ocr_line' id='line_1_99' title="bbox 172 3871 1412 3927; baseline -0.002 -10"><span class='ocrx_word' id='word_1_641' title='bbox 172 3882 258 3927; x_wconf 85' lang='lat' dir='ltr'>cta,</span> <span class='ocrx_word' id='word_1_642' title='bbox 281 3880 324 3918; x_wconf 89' lang='lat' dir='ltr'>et</span> <span class='ocrx_word' id='word_1_643' title='bbox 346 3874 523 3917; x_wconf 87' lang='lat' dir='ltr'>auribus</span> <span class='ocrx_word' id='word_1_644' title='bbox 542 3874 702 3916; x_wconf 87' lang='lat' dir='ltr'>nostris</span> <span class='ocrx_word' id='word_1_645' title='bbox 727 3872 887 3924; x_wconf 85' lang='lat' dir='ltr'>audita,</span> <span class='ocrx_word' id='word_1_646' title='bbox 905 3877 1069 3927; x_wconf 82' lang='lat' dir='ltr'>quanto</span> <span class='ocrx_word' id='word_1_647' title='bbox 1090 3871 1286 3916; x_wconf 82' lang='lat' dir='ltr'>veracius</span> <span class='ocrx_word' id='word_1_648' title='bbox 1311 3883 1412 3927; x_wconf 83' lang='lat' dir='ltr'>pos·</span> 
     </span>
     <span class='ocr_line' id='line_1_100' title="bbox 173 3943 1332 3999; baseline -0.004 -10"><span class='ocrx_word' id='word_1_649' title='bbox 173 3957 338 3996; x_wconf 88' lang='lat' dir='ltr'>sumus,</span> <span class='ocrx_word' id='word_1_650' title='bbox 362 3944 528 3988; x_wconf 77' lang='lat' dir='ltr'>favente</span> <span class='ocrx_word' id='word_1_651' title='bbox 550 3943 749 3994; x_wconf 84' lang='lat' dir='ltr'>Domino,</span> <span class='ocrx_word' id='word_1_652' title='bbox 774 3943 1008 3988; x_wconf 87' lang='lat' dir='ltr'>lectoribus</span> <span class='ocrx_word' id='word_1_653' title='bbox 1025 3953 1332 3999; x_wconf 87' lang='lat' dir='ltr'>proponemus.</span> 
     </span>
    </p>

    <p class='ocr_par' dir='ltr' id='par_1_19' title="bbox 174 4015 1417 4491">
     <span class='ocr_line' id='line_1_101' title="bbox 228 4015 1413 4071; baseline -0.003 -12"><span class='ocrx_word' id='word_1_654' title='bbox 228 4016 338 4060; x_wconf 87' lang='lat' dir='ltr'>Nota</span> <span class='ocrx_word' id='word_1_655' title='bbox 357 4029 426 4061; x_wconf 84' lang='lat' dir='ltr'>me</span> <span class='ocrx_word' id='word_1_656' title='bbox 447 4015 706 4067; x_wconf 84' lang='lat' dir='ltr'>Gotl&#39;ridum,</span> <span class='ocrx_word' id='word_1_657' title='bbox 726 4015 856 4071; x_wconf 72' lang='lat' dir='ltr'>huius</span> <span class='ocrx_word' id='word_1_658' title='bbox 877 4015 976 4059; x_wconf 89' lang='lat' dir='ltr'>libri</span> <span class='ocrx_word' id='word_1_659' title='bbox 999 4019 1238 4067; x_wconf 86' lang='lat' dir='ltr'>auctorem,</span> <span class='ocrx_word' id='word_1_660' title='bbox 1270 4015 1413 4070; x_wconf 86' lang='lat' dir='ltr'>capel-</span> 
     </span>
     <span class='ocr_line' id='line_1_102' title="bbox 174 4085 1414 4143; baseline -0.005 -10"><span class='ocrx_word' id='word_1_661' title='bbox 174 4089 323 4133; x_wconf 76' lang='lat' dir='ltr'>lanum</span> <span class='ocrx_word' id='word_1_662' title='bbox 357 4095 400 4131; x_wconf 90' lang='lat' dir='ltr'>et</span> <span class='ocrx_word' id='word_1_663' title='bbox 437 4089 651 4132; x_wconf 88' lang='lat' dir='ltr'>notarium</span> <span class='ocrx_word' id='word_1_664' title='bbox 687 4087 822 4132; x_wconf 77' lang='lat' dir='ltr'>fuisse</span> <span class='ocrx_word' id='word_1_665' title='bbox 851 4087 968 4143; x_wconf 79' lang='lat' dir='ltr'>regis</span> <span class='ocrx_word' id='word_1_666' title='bbox 996 4085 1184 4130; x_wconf 85' lang='lat' dir='ltr'>Conradi</span> <span class='ocrx_word' id='word_1_667' title='bbox 1213 4085 1414 4137; x_wconf 79' lang='lat' dir='ltr'>tertii,&#39;et</span> 
     </span>
     <span class='ocr_line' id='line_1_103' title="bbox 177 4157 1412 4217; baseline -0.004 -13"><span class='ocrx_word' id='word_1_668' title='bbox 177 4160 386 4205; x_wconf 81' lang='lat' dir='ltr'>Friderici</span> <span class='ocrx_word' id='word_1_669' title='bbox 419 4161 711 4217; x_wconf 87' lang='lat' dir='ltr'>imperatoris,</span> <span class='ocrx_word' id='word_1_670' title='bbox 747 4166 791 4205; x_wconf 84' lang='lat' dir='ltr'>et</span> <span class='ocrx_word' id='word_1_671' title='bbox 834 4160 910 4203; x_wconf 81' lang='lat' dir='ltr'>filii</span> <span class='ocrx_word' id='word_1_672' title='bbox 952 4160 1046 4215; x_wconf 74' lang='lat' dir='ltr'>eius</span> <span class='ocrx_word' id='word_1_673' title='bbox 1077 4157 1252 4202; x_wconf 78' lang='lat' dir='ltr'>ilenrici</span> <span class='ocrx_word' id='word_1_674' title='bbox 1285 4159 1412 4207; x_wconf 82' lang='lat' dir='ltr'>sexti,</span> 
     </span>
     <span class='ocr_line' id='line_1_104' title="bbox 179 4231 1415 4289; baseline -0.002 -14"><span class='ocrx_word' id='word_1_675' title='bbox 179 4245 359 4288; x_wconf 85' lang='lat' dir='ltr'>quorum</span> <span class='ocrx_word' id='word_1_676' title='bbox 391 4233 657 4289; x_wconf 89' lang='lat' dir='ltr'>temporibus</span> <span class='ocrx_word' id='word_1_677' title='bbox 692 4232 783 4276; x_wconf 88' lang='lat' dir='ltr'>haec</span> <span class='ocrx_word' id='word_1_678' title='bbox 810 4231 954 4275; x_wconf 88' lang='lat' dir='ltr'>omnia</span> <span class='ocrx_word' id='word_1_679' title='bbox 986 4232 1050 4275; x_wconf 89' lang='lat' dir='ltr'>cis</span> <span class='ocrx_word' id='word_1_680' title='bbox 1083 4231 1276 4286; x_wconf 88' lang='lat' dir='ltr'>citraque</span> <span class='ocrx_word' id='word_1_681' title='bbox 1298 4241 1415 4272; x_wconf 84' lang='lat' dir='ltr'>mare</span> 
     </span>
     <span class='ocr_line' id='line_1_105' title="bbox 182 4300 1417 4360; baseline -0.002 -14"><span class='ocrx_word' id='word_1_682' title='bbox 182 4317 257 4360; x_wconf 82' lang='lat' dir='ltr'>per</span> <span class='ocrx_word' id='word_1_683' title='bbox 274 4316 410 4348; x_wconf 88' lang='lat' dir='ltr'>annos</span> <span class='ocrx_word' id='word_1_684' title='bbox 433 4303 713 4359; x_wconf 84' lang='lat' dir='ltr'>quadraginta</span> <span class='ocrx_word' id='word_1_685' title='bbox 743 4316 838 4347; x_wconf 91' lang='lat' dir='ltr'>sum</span> <span class='ocrx_word' id='word_1_686' title='bbox 865 4307 1174 4358; x_wconf 85' lang='lat' dir='ltr'>perscrutatus,</span> <span class='ocrx_word' id='word_1_687' title='bbox 1197 4312 1252 4344; x_wconf 68' lang='lat' dir='ltr'>ex</span> <span class='ocrx_word' id='word_1_688' title='bbox 1276 4300 1417 4345; x_wconf 91' lang='lat' dir='ltr'>omni-</span> 
     </span>
     <span class='ocr_line' id='line_1_106' title="bbox 185 4371 1417 4428; baseline -0.002 -11"><span class='ocrx_word' id='word_1_689' title='bbox 185 4376 264 4418; x_wconf 88' lang='lat' dir='ltr'>bus</span> <span class='ocrx_word' id='word_1_690' title='bbox 285 4373 483 4419; x_wconf 86' lang='lat' dir='ltr'>armariis</span> <span class='ocrx_word' id='word_1_691' title='bbox 499 4379 542 4418; x_wconf 89' lang='lat' dir='ltr'>et</span> <span class='ocrx_word' id='word_1_692' title='bbox 563 4373 744 4428; x_wconf 80' lang='lat' dir='ltr'>Latinis,</span> <span class='ocrx_word' id='word_1_693' title='bbox 778 4381 820 4419; x_wconf 82' lang='lat' dir='ltr'>et</span> <span class='ocrx_word' id='word_1_694' title='bbox 847 4373 1068 4427; x_wconf 71' lang='lat' dir='ltr'>Barbarie,</span> <span class='ocrx_word' id='word_1_695' title='bbox 1103 4377 1145 4418; x_wconf 77' lang='lat' dir='ltr'>et</span> <span class='ocrx_word' id='word_1_696' title='bbox 1170 4371 1350 4425; x_wconf 75' lang='lat' dir='ltr'>Graecis,</span> <span class='ocrx_word' id='word_1_697' title='bbox 1374 4376 1417 4416; x_wconf 85' lang='lat' dir='ltr'>et</span> 
     </span>
     <span class='ocr_line' id='line_1_107' title="bbox 184 4442 687 4491; baseline 0.004 -3"><span class='ocrx_word' id='word_1_698' title='bbox 184 4442 376 4490; x_wconf 73' lang='lat' dir='ltr'>ludaicis</span> <span class='ocrx_word' id='word_1_699' title='bbox 397 4451 439 4491; x_wconf 81' lang='lat' dir='ltr'>et</span> <span class='ocrx_word' id='word_1_700' title='bbox 459 4444 687 4490; x_wconf 67' lang='lat' dir='ltr'>Chaldaeis.</span> 
     </span>
    </p>
   </div>
   <div class='ocr_carea' id='block_1_12' title="bbox 1485 3498 2733 4421">
    <p class='ocr_par' dir='ltr' id='par_1_20' title="bbox 1485 3498 2728 3638">
     <span class='ocr_line' id='line_1_108' title="bbox 1485 3498 2728 3558; baseline -0.014 -2"><span class='ocrx_word' id='word_1_701' title='bbox 1485 3515 1566 3556; x_wconf 90' lang='lat' dir='ltr'>bus</span> <span class='ocrx_word' id='word_1_702' title='bbox 1582 3511 1836 3555; x_wconf 86' lang='lat' dir='ltr'>clericorum</span> <span class='ocrx_word' id='word_1_703' title='bbox 1861 3505 2022 3550; x_wconf 75' lang='lat' dir='ltr'>invasis</span> <span class='ocrx_word' id='word_1_704' title='bbox 2046 3510 2172 3558; x_wconf 82' lang='lat' dir='ltr'>atque</span> <span class='ocrx_word' id='word_1_705' title='bbox 2203 3501 2438 3549; x_wconf 88' lang='lat' dir='ltr'>distractis,</span> <span class='ocrx_word' id='word_1_706' title='bbox 2468 3498 2542 3554; x_wconf 87' lang='lat' dir='ltr'>qui</span> <span class='ocrx_word' id='word_1_707' title='bbox 2576 3507 2728 3553; x_wconf 84' lang='lat' dir='ltr'>exspe-</span> 
     </span>
     <span class='ocr_line' id='line_1_109' title="bbox 1486 3576 2359 3638; baseline -0.016 -10"><span class='ocrx_word' id='word_1_708' title='bbox 1486 3586 1660 3628; x_wconf 85' lang='lat' dir='ltr'>ctabant</span> <span class='ocrx_word' id='word_1_709' title='bbox 1683 3581 1903 3638; x_wconf 84' lang='lat' dir='ltr'>gaudium,</span> <span class='ocrx_word' id='word_1_710' title='bbox 1930 3579 2092 3620; x_wconf 91' lang='lat' dir='ltr'>luctum</span> <span class='ocrx_word' id='word_1_711' title='bbox 2117 3576 2359 3618; x_wconf 88' lang='lat' dir='ltr'>incurrunt.</span> 
     </span>
    </p>

    <p class='ocr_par' dir='ltr' id='par_1_21' title="bbox 1487 3641 2733 4421">
     <span class='ocr_line' id='line_1_110' title="bbox 1543 3641 2729 3700; baseline -0.013 0"><span class='ocrx_word' id='word_1_712' title='bbox 1543 3656 1724 3700; x_wconf 85' lang='lat' dir='ltr'>Occasio</span> <span class='ocrx_word' id='word_1_713' title='bbox 1757 3658 1898 3696; x_wconf 85' lang='lat' dir='ltr'>autem</span> <span class='ocrx_word' id='word_1_714' title='bbox 1945 3655 1988 3694; x_wconf 88' lang='lat' dir='ltr'>et</span> <span class='ocrx_word' id='word_1_715' title='bbox 2032 3659 2163 3691; x_wconf 86' lang='lat' dir='ltr'>causa</span> <span class='ocrx_word' id='word_1_716' title='bbox 2200 3646 2315 3689; x_wconf 86' lang='lat' dir='ltr'>illius</span> <span class='ocrx_word' id='word_1_717' title='bbox 2342 3641 2601 3700; x_wconf 82' lang='lat' dir='ltr'>captivitatis</span> <span class='ocrx_word' id='word_1_718' title='bbox 2632 3641 2729 3685; x_wconf 78' lang='lat' dir='ltr'>talis</span> 
     </span>
     <span class='ocr_line' id='line_1_111' title="bbox 1487 3713 2727 3778; baseline -0.016 -4"><span class='ocrx_word' id='word_1_719' title='bbox 1487 3729 1625 3774; x_wconf 78' lang='lat' dir='ltr'>fuisse</span> <span class='ocrx_word' id='word_1_720' title='bbox 1650 3732 1867 3776; x_wconf 87' lang='lat' dir='ltr'>narratur,</span> <span class='ocrx_word' id='word_1_721' title='bbox 1894 3722 1994 3778; x_wconf 88' lang='lat' dir='ltr'>quia</span> <span class='ocrx_word' id='word_1_722' title='bbox 2017 3721 2275 3775; x_wconf 87' lang='lat' dir='ltr'>imperatore</span> <span class='ocrx_word' id='word_1_723' title='bbox 2303 3715 2483 3759; x_wconf 87' lang='lat' dir='ltr'>Romam</span> <span class='ocrx_word' id='word_1_724' title='bbox 2513 3713 2727 3761; x_wconf 81' lang='lat' dir='ltr'>tendente.</span> 
     </span>
     <span class='ocr_line' id='line_1_112' title="bbox 1488 3789 2731 3860; baseline -0.015 -13"><span class='ocrx_word' id='word_1_725' title='bbox 1488 3815 1598 3860; x_wconf 91' lang='lat' dir='ltr'>papa</span> <span class='ocrx_word' id='word_1_726' title='bbox 1621 3813 1718 3844; x_wconf 90' lang='lat' dir='ltr'>cum</span> <span class='ocrx_word' id='word_1_727' title='bbox 1751 3811 1802 3843; x_wconf 90' lang='lat' dir='ltr'>eo</span> <span class='ocrx_word' id='word_1_728' title='bbox 1840 3798 1912 3840; x_wconf 89' lang='lat' dir='ltr'>tali</span> <span class='ocrx_word' id='word_1_729' title='bbox 1940 3796 2138 3851; x_wconf 89' lang='lat' dir='ltr'>pactione</span> <span class='ocrx_word' id='word_1_730' title='bbox 2169 3795 2442 3840; x_wconf 80' lang='lat' dir='ltr'>convenerat,</span> <span class='ocrx_word' id='word_1_731' title='bbox 2470 3794 2518 3832; x_wconf 91' lang='lat' dir='ltr'>ut</span> <span class='ocrx_word' id='word_1_732' title='bbox 2550 3789 2731 3843; x_wconf 89' lang='lat' dir='ltr'>impera-</span> 
     </span>
     <span class='ocr_line' id='line_1_113' title="bbox 1490 3862 2730 3928; baseline -0.013 -11"><span class='ocrx_word' id='word_1_733' title='bbox 1490 3879 1560 3917; x_wconf 88' lang='lat' dir='ltr'>tor</span> <span class='ocrx_word' id='word_1_734' title='bbox 1581 3872 1879 3928; x_wconf 86' lang='lat' dir='ltr'>episcoporum</span> <span class='ocrx_word' id='word_1_735' title='bbox 1899 3867 2175 3910; x_wconf 79' lang='lat' dir='ltr'>investituras</span> <span class='ocrx_word' id='word_1_736' title='bbox 2192 3862 2438 3912; x_wconf 87' lang='lat' dir='ltr'>dimitteret,</span> <span class='ocrx_word' id='word_1_737' title='bbox 2458 3868 2567 3916; x_wconf 86' lang='lat' dir='ltr'>papa</span> <span class='ocrx_word' id='word_1_738' title='bbox 2591 3864 2730 3902; x_wconf 86' lang='lat' dir='ltr'>autem</span> 
     </span>
     <span class='ocr_line' id='line_1_114' title="bbox 1490 3930 2730 3996; baseline -0.014 -8"><span class='ocrx_word' id='word_1_739' title='bbox 1490 3958 1514 3989; x_wconf 90' lang='lat' dir='ltr'>e</span> <span class='ocrx_word' id='word_1_740' title='bbox 1536 3955 1746 3988; x_wconf 80' lang='lat' dir='ltr'>converso</span> <span class='ocrx_word' id='word_1_741' title='bbox 1780 3938 2027 3996; x_wconf 87' lang='lat' dir='ltr'>imperatori</span> <span class='ocrx_word' id='word_1_742' title='bbox 2063 3935 2207 3979; x_wconf 89' lang='lat' dir='ltr'>omnia</span> <span class='ocrx_word' id='word_1_743' title='bbox 2235 3934 2537 3988; x_wconf 81' lang='lat' dir='ltr'>episcoporum</span> <span class='ocrx_word' id='word_1_744' title='bbox 2571 3930 2730 3986; x_wconf 80' lang='lat' dir='ltr'>regalia</span> 
     </span>
     <span class='ocr_line' id='line_1_115' title="bbox 1490 4002 2732 4066; baseline -0.014 -6"><span class='ocrx_word' id='word_1_745' title='bbox 1490 4018 1715 4060; x_wconf 79' lang='lat' dir='ltr'>relaxaret.</span> <span class='ocrx_word' id='word_1_746' title='bbox 1739 4012 1836 4055; x_wconf 79' lang='lat' dir='ltr'>Haec</span> <span class='ocrx_word' id='word_1_747' title='bbox 1860 4010 2000 4066; x_wconf 86' lang='lat' dir='ltr'>pactio</span> <span class='ocrx_word' id='word_1_748' title='bbox 2023 4006 2303 4053; x_wconf 78' lang='lat' dir='ltr'>sacramentis</span> <span class='ocrx_word' id='word_1_749' title='bbox 2321 4010 2363 4048; x_wconf 89' lang='lat' dir='ltr'>et</span> <span class='ocrx_word' id='word_1_750' title='bbox 2379 4002 2601 4047; x_wconf 87' lang='lat' dir='ltr'>obsidibus</span> <span class='ocrx_word' id='word_1_751' title='bbox 2623 4002 2732 4044; x_wconf 87' lang='lat' dir='ltr'>inter</span> 
     </span>
     <span class='ocr_line' id='line_1_116' title="bbox 1491 4072 2729 4143; baseline -0.011 -16"><span class='ocrx_word' id='word_1_752' title='bbox 1491 4097 1643 4143; x_wconf 84' lang='lat' dir='ltr'>papam</span> <span class='ocrx_word' id='word_1_753' title='bbox 1688 4090 1731 4127; x_wconf 89' lang='lat' dir='ltr'>et</span> <span class='ocrx_word' id='word_1_754' title='bbox 1775 4084 2074 4136; x_wconf 85' lang='lat' dir='ltr'>imperatorem</span> <span class='ocrx_word' id='word_1_755' title='bbox 2117 4076 2325 4121; x_wconf 79' lang='lat' dir='ltr'>asseritur</span> <span class='ocrx_word' id='word_1_756' title='bbox 2371 4074 2537 4117; x_wconf 78' lang='lat' dir='ltr'>firmata</span> <span class='ocrx_word' id='word_1_757' title='bbox 2583 4072 2729 4115; x_wconf 75' lang='lat' dir='ltr'>fuisse.</span> 
     </span>
     <span class='ocr_line' id='line_1_117' title="bbox 1496 4142 2733 4207; baseline -0.01 -9"><span class='ocrx_word' id='word_1_758' title='bbox 1496 4156 1631 4207; x_wconf 85' lang='lat' dir='ltr'>Quam</span> <span class='ocrx_word' id='word_1_759' title='bbox 1658 4154 1759 4196; x_wconf 88' lang='lat' dir='ltr'>dum</span> <span class='ocrx_word' id='word_1_760' title='bbox 1796 4149 2080 4195; x_wconf 86' lang='lat' dir='ltr'>renitentibus</span> <span class='ocrx_word' id='word_1_761' title='bbox 2113 4146 2326 4202; x_wconf 88' lang='lat' dir='ltr'>episcopis</span> <span class='ocrx_word' id='word_1_762' title='bbox 2360 4156 2468 4200; x_wconf 80' lang='lat' dir='ltr'>papa</span> <span class='ocrx_word' id='word_1_763' title='bbox 2502 4142 2733 4198; x_wconf 81' lang='lat' dir='ltr'>adimplere</span> 
     </span>
     <span class='ocr_line' id='line_1_118' title="bbox 1495 4216 2732 4280; baseline -0.014 -11"><span class='ocrx_word' id='word_1_764' title='bbox 1495 4237 1582 4269; x_wconf 90' lang='lat' dir='ltr'>non</span> <span class='ocrx_word' id='word_1_765' title='bbox 1615 4229 1775 4280; x_wconf 80' lang='lat' dir='ltr'>posset,</span> <span class='ocrx_word' id='word_1_766' title='bbox 1813 4234 1911 4264; x_wconf 89' lang='lat' dir='ltr'>cum</span> <span class='ocrx_word' id='word_1_767' title='bbox 1942 4232 2018 4276; x_wconf 89' lang='lat' dir='ltr'>per</span> <span class='ocrx_word' id='word_1_768' title='bbox 2048 4219 2192 4262; x_wconf 89' lang='lat' dir='ltr'>omnia</span> <span class='ocrx_word' id='word_1_769' title='bbox 2224 4217 2428 4259; x_wconf 90' lang='lat' dir='ltr'>innocens</span> <span class='ocrx_word' id='word_1_770' title='bbox 2460 4220 2599 4263; x_wconf 82' lang='lat' dir='ltr'>esset,</span> <span class='ocrx_word' id='word_1_771' title='bbox 2636 4216 2732 4254; x_wconf 82' lang='lat' dir='ltr'>tan—</span> 
     </span>
     <span class='ocr_line' id='line_1_119' title="bbox 1497 4282 2731 4353; baseline -0.011 -14"><span class='ocrx_word' id='word_1_772' title='bbox 1497 4309 1624 4353; x_wconf 86' lang='lat' dir='ltr'>quam</span> <span class='ocrx_word' id='word_1_773' title='bbox 1649 4307 1746 4337; x_wconf 89' lang='lat' dir='ltr'>reus</span> <span class='ocrx_word' id='word_1_774' title='bbox 1765 4293 1971 4336; x_wconf 84' lang='lat' dir='ltr'>custodiae</span> <span class='ocrx_word' id='word_1_775' title='bbox 1992 4296 2058 4334; x_wconf 90' lang='lat' dir='ltr'>est</span> <span class='ocrx_word' id='word_1_776' title='bbox 2074 4289 2356 4343; x_wconf 88' lang='lat' dir='ltr'>mancipatus.</span> <span class='ocrx_word' id='word_1_777' title='bbox 2379 4286 2515 4340; x_wconf 68' lang='lat' dir='ltr'>Huius</span> <span class='ocrx_word' id='word_1_778' title='bbox 2534 4282 2731 4326; x_wconf 77' lang='lat' dir='ltr'>factionis</span> 
     </span>
     <span class='ocr_line' id='line_1_120' title="bbox 1498 4356 2732 4421; baseline -0.014 -10"><span class='ocrx_word' id='word_1_779' title='bbox 1498 4366 1748 4411; x_wconf 86' lang='lat' dir='ltr'>consiliator</span> <span class='ocrx_word' id='word_1_780' title='bbox 1770 4364 2010 4421; x_wconf 82' lang='lat' dir='ltr'>praecipuus</span> <span class='ocrx_word' id='word_1_781' title='bbox 2034 4361 2191 4405; x_wconf 87' lang='lat' dir='ltr'>dicitur</span> <span class='ocrx_word' id='word_1_782' title='bbox 2226 4358 2359 4402; x_wconf 79' lang='lat' dir='ltr'>fuisse</span> <span class='ocrx_word' id='word_1_783' title='bbox 2381 4356 2598 4403; x_wconf 80' lang='lat' dir='ltr'>Albertus,</span> <span class='ocrx_word' id='word_1_784' title='bbox 2629 4358 2732 4395; x_wconf 90' lang='lat' dir='ltr'>tunc</span> 
     </span>
    </p>
   </div>
   <div class='ocr_carea' id='block_1_13' title="bbox 1498 4425 2732 4497">
    <p class='ocr_par' dir='ltr' id='par_1_22' title="bbox 1498 4425 2732 4497">
     <span class='ocr_line' id='line_1_121' title="bbox 1498 4425 2732 4497; baseline -0.014 -12"><span class='ocrx_word' id='word_1_785' title='bbox 1498 4438 1772 4497; x_wconf 84' lang='lat' dir='ltr'>imperatoris</span> <span class='ocrx_word' id='word_1_786' title='bbox 1806 4434 2104 4486; x_wconf 88' lang='lat' dir='ltr'>cancellarius,</span> <span class='ocrx_word' id='word_1_787' title='bbox 2134 4432 2207 4489; x_wconf 87' lang='lat' dir='ltr'>qui</span> <span class='ocrx_word' id='word_1_788' title='bbox 2239 4435 2386 4488; x_wconf 86' lang='lat' dir='ltr'>postea</span> <span class='ocrx_word' id='word_1_789' title='bbox 2420 4428 2499 4472; x_wconf 82' lang='lat' dir='ltr'>fuit</span> <span class='ocrx_word' id='word_1_790' title='bbox 2526 4425 2732 4482; x_wconf 79' lang='lat' dir='ltr'>archiepi-</span> 
     </span>
    </p>
   </div>
  </div>
 </body>
</html>
