2924 4588
156 174 265 218 1197

799 170 1049 218 ntsrottbt
1088 171 1486 219 sciret-asma,
1524 198 1571 206 -
1606 173 1764 218 Linea
1798 175 2044 224 Ltzvt'rtct

2601 187 2710 237 1198

151 257 285 322 adeps
310 273 391 311 est.
413 263 489 310 Est
514 273 656 310 autem
678 263 828 321 triplex
854 265 1243 321 adeps,‘vitaliurn‚
1264 267 1306 310 id
1330 273 1396 309 est
1429 274 1454 316 a
1479 264 1638 316 Aaron,
1657 277 1698 310 et
1716 267 1900 312 tiliorum
1914 271 2008 326 eius
2030 271 2090 315 ad·
2109 273 2318 319 edendum
2337 289 2433 321 cum
2451 281 2566 323 omni
2583 283 2715 327 domo

148 339 295 384 cordis
310 347 354 384 et
377 339 557 383 ventris.
581 338 726 395 Adeps
740 339 916 395 jecoris,
940 333 1067 382 idest
1088 340 1242 395 epatis.
1263 353 1391 396 quem

150 412 377 456 reticulum
397 412 600 466 dicimus,
621 411 722 470 qnia
737 411 976 468 ,involvitur
997 411 1048 455 ad
1070 413 1245 456 modum
1272 415 1392 459 retis.

148 484 200 529 Et
221 492 287 530 est
314 485 450 542 adeps
477 498 647 530 renum.
670 484 761 529 llos
781 491 870 530 tres
893 486 1058 542 adipes,
1099 486 1294 544 duosque
1324 503 1395 536 re·

147 569 240 611 nes,
265 559 306 602 id
332 549 396 602 est
418 558 512 611 ilia,
552 566 592 603 et
615 561 881 604 renunculos
909 593 922 613 ,
963 561 1163 605 adolebat
1189 564 1393 607 sacerdos

147 643 278 686 super
304 631 455 675 altare.
483 630 644 675 Eadem
672 633 804 677 ctiam
836 633 892 676 de
916 645 1043 689 capra
1087 634 1267 678 Domino
1290 636 1393 680 offe>-

147 702 367 746 rebantnr.
401 702 445 746 Si
473 716 573 748 vero
606 704 660 748 de
691 705 847 749 ovibus
881 712 974 748 erat
1022 707 1201 761 oblatio,
1239 716 1394 764 pra-ter

143 777 362 832 praedicta,
377 776 702 821 offerebaturde
716 790 765 822 ea
780 779 915 823 cauda
935 779 1116 837 integra,
1137 794 1264 837 quam
1280 784 1392 826 tumn

143 850 243 894 bum
288 860 444 895 vocant
487 850 614 896 Lxx.
668 851 798 896 Pellis
846 865 948 897 vero
993 861 1084 898 erat
1138 857 1388 910 sacerdotis,

141 923 212 979 qui
234 923 439 967 offerebat
460 924 579 968 illud.
609 923 768 969 Armus
792 936 895 968 vero
918 925 1080 978 dexter,
1105 927 1178 982 qni
1217 927 1390 971 diceba-

142 1003 210 1039 tur
233 997 534 1052 separationis,
555 1004 597 1040 et
616 1005 782 1053 pectus,
807 998 921 1053 quod
945 998 1101 1041 dicitnr
1118 1000 1385 1053 elevationis,

139 1076 178 1110 et
205 1081 339 1125 quare
368 1069 432 1112 sic
465 1069 718 1113 dicebantur
750 1069 863 1113 infra
895 1070 1062 1114 dicetur
1079 1104 1090 1124 ,
1114 1072 1320 1116 cedebam
1345 1073 1387 1115 in

139 1154 243 1185 usus
264 1141 551 1195 sacerdotum,
577 1147 620 1185 et
655 1141 798 1198 lingua
822 1155 921 1186 cum
967 1142 1181 1195 saucibus,
1229 1150 1275 1186 ut
1301 1151 1389 1188 tra-

136 1210 259 1266 dunt,
274 1215 347 1259 sed
375 1215 417 1258 in
447 1221 563 1258 textu
585 1227 667 1258 non
685 1217 859 1260 memini
876 1229 943 1260 me
970 1217 1138 1274 legisse.
1160 1217 1286 1261 Forte
1307 1230 1383 1274 pe-

135 1285 243 1328 ctori
265 1285 554 1338 adbaerebant,
582 1294 623 1328 et
646 1298 743 1329 cum
768 1293 940 1342 pectore
970 1289 1024 1331 ab
1062 1289 1237 1331 animali
1261 1289 1385 1332 tolle·

1478 350 1575 390 sna,
1599 346 1639 382 et
1666 352 1787 396 aequa
1808 349 1926 386 sorte
1948 343 2217 390 dividebatur
2241 348 2318 392 cis.
2349 349 2391 393 ln
2412 350 2590 396 Hebraeo
2613 367 2717 409 prmo

1478 418 1540 453 ter
1563 411 1801 467 clibanum,
1829 415 1909 458 tria
1952 424 2192 471 ponuntur,
2236 419 2522 477 Marclnesilis,
2565 426 2709 472 Malie-

1475 481 1602 536 bach‚
1627 482 1805 527 Micbar.
1829 484 2097 531 Marcbesilis
2115 497 2240 533 sonat
2274 493 2563 549 conciliatrix,
2601 500 2714 553 quod

1476 554 1692 609 sartagine
1720 558 1922 610 convenit
1945 567 2119 615 propter
2147 562 2391 614 stridorem,
2421 573 2463 609 et
2484 579 2711 613 susurrum

1474 624 1666 669 frixurae.
1687 626 1851 671 Micbar
1875 636 1975 681 rete,
2008 632 2297 687 veterini-mm
2336 635 2568 682 lllaltebacb
2606 639 2713 685 forte

1473 700 1724 751 scaturiens,
1747 708 1890 756 potest
1924 714 2020 746 esse
2056 706 2227 758 patella,
2251 707 2312 753 ‚in
2362 721 2444 765 qua
2485 713 2623 756 coctio
2661 714 2708 756 li·

1473 771 1602 824 quida
1630 774 1742 816 iit·‘.
1770 773 1914 818 Potest
1942 777 2069 819 etiam
2095 789 2190 822 esse
2229 780 2351 824 tertia
2387 785 2553 837 species
2577 788 2711 831 sacri·

1474 844 1573 896 licii,
1598 845 1637 889 id
1659 853 1723 890 est
1745 860 1767 890 a
1791 849 1985 902 salutari,
2009 857 2051 893 et
2074 850 2248 905 pacifice
2271 866 2347 907 pro
2381 857 2612 909 graffarium
2640 871 2713 903 ac·

1472 917 1604 972 tione,
1624 921 1687 962 'rel
1714 933 1791 975 pro
1806 923 2001 975 victoria,
2023 925 2186 967 scilicet
2203 939 2278 978 pro
2300 927 2444 983 aliquo
2463 930 2712 976 bonoeven·

1472 997 1515 1033 tu
1543 990 1779 1047 inopinato.
1823 994 1874 1037 Et
1916 1004 2054 1051 potest
2075 998 2158 1040 dici
2185 1000 2274 1044 lieri
2302 1013 2424 1055 casu,
2463 1010 2508 1046 ut
2545 1005 2601 1048 sit
2627 1019 2709 1049 una

1471 1065 1635 1117 spx-cies
1661 1066 1877 1117 sacrificii,
1900 1069 2011 1122 quod
2033 1070 2077 1112 lit
2097 1084 2218 1116 casu.

1529 1139 1544 1154 ·
1564 1136 1740 1180 Addin'o
1765 1139 1803 1181 l.
1826 1139 2006 1192 Quando
2031 1142 2168 1186 farina
2195 1147 2363 1190 redacta
2385 1147 2517 1192 fuitin
2538 1163 2706 1206 panem.

1471 1206 1657 1259 Quidam
1683 1210 1832 1253 dicum
1859 1212 1901 1254 t.
1927 1225 2081 1267 genera
2108 1228 2265 1270 panum
2293 1218 2441 1272 luisse,
2470 1230 2637 1267 coctum
2665 1226 2707 1268 in

1467 1278 1655 1332 elibano,
1679 1281 1721 1323 in
1742 1283 1964 1336 craticula,
1989 1294 2156 1329 coctum
2189 1287 2228 1329 in
2252 1301 2380 1343 aqua,
2404 1304 2532 1346 quam
2553 1294 2704 1350 lagana

137 1357 312 1400 bamur,
344 1356 467 1401 Unde
493 1357 646 1401 sufficit
669 1360 915 1404 nominasse
939 1367 1104 1416 pectus,
1141 1367 1183 1404 et
1223 1362 1290 1404 bis
1313 1374 1388 1405 ve-
1413 1340 1443 1384 Β
1467 1363 1615 1407 azyma
1643 1352 1806 1396 dicunt.
1833 1354 2015 1407 Quidam
2057 1365 2195 1401 tamen
2244 1360 2486 1419 intelligunt
2523 1366 2704 1412 sot-inam

136 1431 363 1475 scebantur
381 1431 628 1476 sacerdotes
652 1432 693 1475 in
720 1433 920 1479 domibus
961 1433 1068 1486 suis,
1103 1446 1201 1477 cum
1237 1436 1383 1478 uxori-

132 1503 230 1557 bus,
254 1510 297 1547 et
314 1504 477 1555 liberis,
500 1505 680 1548 etdomo
699 1511 788 1549 tota
812 1507 985 1551 mundis
1006 1514 1170 1552 tantum
1188 1510 1202 1524 ⁹
1219 1523 1233 1562 ς
1253 1509 1382 1552 etiam

80 1563 86 1567 ⁴
133 1586 229 1630 quae
253 1575 295 1618 in
319 1575 521 1619 domibus
557 1574 838 1620 immolabant
878 1590 1008 1621 cansa
1032 1579 1163 1633 epuli,
1193 1579 1259 1623 vel
1283 1581 1384 1624 reli·

133 1647 292 1702 gionis,
313 1653 464 1701 pectus
480 1653 522 1689 et
536 1658 704 1690 artuum
725 1648 901 1692 dabant.
939 1648 1118 1706 Reliqua
1137 1660 1262 1696 erant
1279 1652 1383 1697 offe-

133 1719 337 1773 rentium,
367 1726 408 1763 et
443 1719 542 1764 inde
583 1721 872 1777 epulabantur
918 1734 1066 1766 coram
1103 1723 1305 1778 Domino,
1338 1726 1378 1769 in

131 1791 242 1837 locis
257 1791 309 1836 ad
330 1791 411 1837 boc
433 1792 664 1849 deputatis,
691 1794 733 1837 in
757 1794 852 1850 ipso
875 1797 1004 1850 atrio,
1029 1798 1096 1840 vel
1132 1798 1275 1853 iuxta.
1305 1798 1378 1841 Li«

131 1862 255 1908 cebat
280 1865 408 1907 etiam
438 1876 487 1908 ex
519 1865 603 1916 bis,
645 1873 732 1909 tam
765 1867 1062 1912 sacerdotibus
1093 1880 1222 1925 quam
1263 1871 1376 1924 aliis,

130 1937 258 1982 edcre
274 1937 443 1982 duobus
466 1938 635 1989 diebus,
660 1939 697 1983 si
719 1939 821 1996 quid
842 1949 1067 1997 supererat
1097 1942 1139 1986 in
1162 1944 1275 1988 diem
1292 1951 1380 1989 ter·-

130 2010 257 2064 tium,
287 2011 574 2056 cremabatur.
614 2011 662 2056 Et
706 2020 813 2057 nota
858 2016 975 2071 qnod
1010 2016 1176 2061 nullum
1217 2020 1378 2064 animal

131 2083 409 2138 offerebatur,
433 2086 498 2129 vel
518 2085 560 2128 in
591 2087 911 2141 holocaustum,
931 2089 996 2133 vel
1026 2090 1070 2134 in
1095 2091 1374 2147 sacrificium,

131 2158 224 2200 sinc
246 2156 488 2201 libamentis
512 2157 618 2211 suis,
646 2159 718 2203 sed
735 2159 788 2202 de
813 2160 1066 2206 libamentis·
1082 2163 1283 2220 proprius
1306 2163 1374 2208 in-

131 2228 194 2273 fra
215 2230 297 2273 erit
314 2238 538 2277 tractatus.
1289 2241 1292 2242 ’

187 2304 201 2320 ⁰
225 2302 399 2348 And-itio
422 2305 459 2349 l.
478 2305 664 2351 Diversis
678 2306 820 2351 modis
835 2307 1129 2354 efficiebantur
1144 2309 1371 2361 immundi,

130 2383 246 2420 tactu
275 2384 561 2434 mortuorum,
588 2387 631 2425 et
653 2378 802 2426 multis
819 2381 917 2427 aliis
953 2383 1110 2437 modis,
1134 2384 1187 2429 de
1212 2384 1373 2441 quibus

131 2449 238 2494 insi-a
259 2450 443 2497 dicetur.

295 2523 396 2569 Car.
432 2525 480 2570 V.
518 2525 579 2570 De
610 2528 820 2573 oblatione
857 2530 1202 2574 inanimatorum.

185 2598 228 2642 Si
259 2612 360 2642 vero
382 2612 536 2645 ritanus
556 2601 744 2646 bominis
763 2603 923 2646 animal
946 2603 1140 2649 invenire
1179 2616 1264 2665 non
1293 2615 1372 2659 po·-

127 2678 252 2724 terat,
277 2672 478 2718 offerebat
503 2687 582 2730 pro
604 2676 760 2729 salute,
784 2678 848 2722 vel
892 2687 1021 2734 pace,
1044 2677 1234 2722 similam
1268 2676 1374 2720 fari·

128 2757 243 2798 nam,
291 2746 457 2791 scilicet
493 2746 844 2794 delicatissimam
883 2749 1069 2794 lundens
1103 2761 1233 2804 super
1275 2761 1369 2792 cam

127 2813 286 2864 oleum,
312 2823 357 2858 et
374 2813 594 2859 dicebatur
621 2816 763 2860 simila
789 2818 944 2871 oleata,
969 2818 1034 2862 vel
1061 2818 1157 2862 oleo
1184 2816 1373 2878 (ermen-

22 2915 24 2921 ,
126 2893 240 2938 tata;
267 2887 366 2932 thus
389 2887 648 2932 offerebatur
670 2901 769 2934 cum
794 2901 861 2934 ea.
888 2889 1100 2934 Sacerdos
1142 2896 1285 2933 autem
1305 2897 1372 2932 to·-

128 2967 218 3003 tum
243 2960 343 3004 tbus
363 2968 405 3003 et
428 2959 637 3016 pugillum
662 2963 833 3017 plenum
861 2963 1016 3007 similae
1057 2963 1207 3007 oleatae
1231 2963 1372 3006 adole-

126 3034 199 3077 bat
226 3046 354 3089 super
370 3035 506 3078 altare
534 3036 802 3088 memoriale,
850 3035 892 3080 id
922 3044 989 3080 est
1025 3036 1066 3085 in
1115 3037 1369 3080 memoriam

126 3104 358 3158 offerentis,
379 3111 428 3149 ut
444 3106 607 3166 scilicet
620 3106 830 3152 Dominus
845 3115 1013 3157 memor
1031 3114 1148 3152 esset
1170 3107 1264 3163 ejus
1278 3141 1289 3159 ,
1305 3108 1371 3152 vel

126 3178 326 3221 sacerdos
352 3179 404 3222 ad
440 3178 668 3222 Dominum
689 3194 702 3232 ;
727 3180 939 3234 reliquum
983 3188 1075 3224 erat
1096 3181 1369 3225 sacerdotum

126 3250 243 3309 (Lea.
269 3252 334 3307 n).
360 3252 555 3297 Tradunt
576 3251 741 3297 llebraei
771 3266 858 3298 non
884 3266 1056 3310 semper
1095 3255 1268 3310 plenum
1291 3266 1372 3310 pu·-

109 3326 274 3381 gitium
301 3325 471 3380 offerre,
490 3325 563 3370 sed
582 3338 660 3382 pro
689 3315 931 3383 quantitate
952 3327 1106 3371 similae
1131 3328 1276 3370 minus
1298 3341 1370 3383 po·

126 3404 237 3442 terat
259 3397 419 3452 offerri,
442 3398 486 3442 in
533 3405 717 3452 tantum,
742 3399 857 3455 quod
890 3400 1021 3443 etiam
1063 3399 1240 3454 impleto
1287 3412 1367 3455 pu-

1466 1425 1605 1477 panis,
1628 1431 1671 1467 et
1706 1428 1940 1471 secundum
1966 1429 2044 1472 boc
2067 1430 2239 1475 tertium
2263 1446 2395 1487 genus
2417 1447 2504 1480 erat
2534 1448 2704 1485 coctnm

1466 1493 1507 1536 in
1539 1498 1769 1552 sartagine.

1524 1569 1735 1612 ‘'Additio
1752 1570 1794 1614 ἓ.
1818 1572 1964 1618 Dicere
1984 1577 2074 1619 vult
2097 1580 2208 1634 quod
2226 1579 2457 1626 Maltebacb
2482 1591 2618 1638 potest
2639 1588 2679 1631 in
2695 1611 2706 1620 -

1465 1641 1592 1697 telligi
1620 1643 1743 1686 tertia
1769 1646 1932 1699 species
1954 1651 2170 1695 sacrificii.

1703 1717 1807 1761 Car.
1835 1718 1902 1764 vt.
1928 1721 1987 1764 De
2013 1723 2158 1767 hostiis
2178 1739 2253 1781 pro
2277 1739 2460 1783 peccato.

1515 1785 1618 1831 Post
1642 1789 1807 1835 hostias
1833 1793 2059 1848 salutares,
2089 1801 2288 1855 praecepit
2310 1802 2518 1859 Dominus
2542 1807 2596 1851 de
2619 1804 2700 1851 tn-

1460 1858 1553 1903 stiis
1577 1873 1654 1916 pro
1674 1871 1848 1918 peccato
1871 1874 1910 1908 et
1936 1880 2011 1921 pro
2035 1869 2191 1914 delicto
2215 1875 2230 1891 ·
2256 1873 2406 1929 (Levis.
2437 1880 2510 1932 tv).
2540 1879 2701 1923 Dicitur

1459 1939 1602 1975 autem
1627 1943 1851 1990 peccatum
1872 1940 2061 1994 gravius,
2086 1943 2249 1987 scilicet
2273 1947 2389 2001 qnod
2409 1960 2460 1991 ex
2486 1950 2696 1998 industria

1459 2013 1526 2050 est
1559 2006 1737 2052 factum.
1774 2009 1982 2056 Delictum
2007 2015 2157 2068 levius,
2183 2018 2344 2062 scilicet
2368 2023 2480 2076 quod
2500 2036 2551 2067 cx
2578 2026 2695 2080 igno‘

1459 2077 1615 2121 rantia.
1640 2077 1716 2123 Vel
1740 2090 1962 2136 peccat-um
1984 2097 2079 2128 eum
2116 2089 2161 2130 lit
2197 2090 2312 2144 quod
2339 2089 2583 2138 faciendum
2609 2106 2692 2142 nou

1458 2158 1536 2193 est.
1565 2151 1773 2197 Delictum
1814 2156 1939 2211 qnasi
1978 2158 2245 2214 derelictum,
2270 2175 2367 2206 cum
2388 2177 2471 2208 non
2499 2167 2545 2209 tit
2578 2173 2692 2224 qiiod

1457 2220 1701 2269 faciendum
1727 2229 1857 2274 est
1885 2228 1937 2272 Et
1954 2231 2075 2286 Juxta
2098 2245 2303 2289 personas
2320 2239 2587 2291 peccantium
2605 2252 2693 2287 erat

1457 2295 1688 2342 diversitas
1706 2301 2034 2348 sacrificiorum.

1511 2372 1527 2388 *
1552 2370 1727 2415 additio
1751 2373 1789 2416 l.
1818 2373 1977 2419 Tamen
2004 2379 2146 2423 omnia
2174 2381 2262 2425 baec
2293 2384 2501 2429 sacrificia
2527 2387 2697 2432 indiffe-

1455 2447 1601 2485 renter
1626 2456 1737 2501 saepe
1758 2446 1961 2490 dicuntur
1983 2452 2193 2495 sacrificia
2219 2455 2409 2508 pac-ilica.

1515 2517 1547 2532 ⁸*
1579 2516 1751 2559 Additt‘o
1785 2518 1827 2562 Ξ.
1852 2519 2062 2565 Debetum
2085 2536 2257 2579 quoque
2279 2529 2519 2581 specialiter
2541 2543 2693 2587 pecea-

1454 2592 1545 2630 tum
1573 2587 1614 2632 in
1637 2588 1787 2642 Deum,
1814 2591 1854 2634 id
1888 2600 1952 2635 est
1979 2594 2019 2636 in
2046 2598 2310 2641 sanctificata
2337 2598 2436 2643 Deo.
2466 2600 2555 2645 Hoc
2572 2605 2687 2647 enirn

1453 2669 1518 2704 est
1536 2661 1849 2719 derelinquere,
1874 2664 1913 2707 id
1939 2673 2004 2708 cst
2031 2667 2163 2711 Deum
2190 2670 2458 2727 relinquere;
2487 2676 2550 2717 vel
2587 2676 2693 2718 deli-

1453 2739 1569 2775 ctum
1593 2741 1813 2789 peccatum
1835 2739 2116 2794 recognitum.

1681 2807 1783 2855 CM».
1810 2808 1897 2853 Vll.
1926 2810 2008 2854 Pro
2034 2825 2199 2868 peccato
2226 2818 2470 2863 sacerdotis.

1513 2878 1809 2936 Distinguntnr
1835 2891 1977 2927 autem
2001 2886 2070 2928 bie
2094 2890 2216 2942 quasi
2252 2899 2438 2944 quatuor
2476 2904 2687 2948 personae,

1454 2955 1670 3007 sacerdos,
1696 2954 1937 3013 Synagoga‚
1965 2959 2006 3002 id
2039 2967 2103 3003 est
2123 2963 2322 3017 populus,
2356 2966 2573 3021 princeps,
2595 2968 2688 3011 ani-

1454 3038 1539 3069 ma.
1557 3043 1571 3067 ι
1598 3026 1641 3070 Si
1665 3041 1766 3085 crgo
1786 3032 2001 3083 sacerdos,
2023 3033 2096 3088 qni
2115 3034 2317 3079 inunctus
2339 3045 2443 3090 ctat,
2464 3040 2685 3094 peccabat,

1453 3099 1700 3157 delinquere
1727 3101 1891 3146 faciens
1916 3107 2120 3159 populum
2149 3107 2294 3162 (Levit.
2331 3111 2406 3165 lv),
2450 3126 2464 3151 ι
2506 3110 2687 3157 faciebat

1451 3184 1547 3227 quae
1583 3181 1838 3228 sequuntur.
1878 3175 2081 3220 Additum
2114 3187 2210 3223 est:
2242 3196 2256 3221 ‹
2295 3181 2374 3234 Qui
2418 3184 2633 3230 inunctus.
2666 3202 2679 3227 ι

1451 3244 1543 3288 Non
1569 3249 1682 3302 qnod
1707 3242 1857 3293 omncs
1873 3251 2035 3295 inuncti
2054 3262 2212 3307 essent,
2236 3256 2309 3299 sed
2330 3258 2379 3300 ad
2402 3259 2683 3304 differentiam

1451 3317 1643 3371 illorum,
1669 3321 1742 3374 qui
1763 3333 1858 3364 cnm
1884 3331 2026 3366 essent
2043 3324 2096 3367 de
2118 3338 2271 3380 genere
2288 3330 2558 3381 sacerdotali,
2581 3345 2683 3386 pro-

1450 3397 1543 3445 pter
1570 3392 1782 3435 maculam
1824 3395 2035 3449 corporis,
2070 3409 2150 3440 nec
2186 3397 2329 3453 inungi
2368 3408 2575 3455 poteraut,
2604 3416 2683 3450 nec

125 3471 244 3527 gillo,
269 3483 420 3514 omnes
443 3471 600 3526 digitos
621 3477 789 3527 poterat
806 3472 974 3527 aperire
1001 3473 1221 3523 sacerdos,
1254 3485 1365 3529 prae.
1395 3488 1427 3531 D
1452 3463 1711 3507 ministrare.
1736 3463 1857 3517 Quod
1882 3467 2009 3510 etiam
2032 3467 2222 3512 additum
2254 3477 2334 3524 est,
2366 3487 2381 3513 ι
2413 3473 2573 3518 faciens
2603 3488 2682 3535 po,

125 3551 190 3587 ter
211 3544 423 3597 medium3
469 3551 513 3588 et
541 3544 645 3588 illud
670 3545 907 3598 tantillum,
945 3545 1060 3602 quod
1096 3546 1363 3598 remanebat,

125 3616 237 3659 inter
261 3616 380 3660 illum
400 3615 596 3673 digitum,
619 3624 662 3661 et
676 3614 833 3672 volam,
848 3617 1084 3676 sufficiebat
1101 3619 1133 3661 ⁴⁵.
1154 3617 1366 3674 Josepbus

125 3702 227 3734 vero
252 3690 500 3735 drachmam
532 3703 663 3735 unam
709 3691 972 3736 offerendam
1009 3689 1129 3737 dicit.
1161 3691 1229 3742 ‚Si
1264 3704 1364 3734 vero

59 3754 61 3756 ’
126 3763 384 3808 sacrificium
401 3763 454 3815 de
474 3763 613 3808 simila
638 3773 807 3808 coctum
829 3764 1051 3826 offerebat,
1096 3777 1229 3821 panes
1272 3764 1365 3807 sine

125 3836 354 3890 fermento,
383 3847 642 3892 conspersos
665 3837 778 3891 oleo,
815 3844 962 3882 coctos
999 3837 1043 3881 in
1073 3838 1260 3887 clibano,
1298 3836 1365 3879 vel

125 3909 169 3954 in
197 3908 421 3959 craticula,
439 3908 661 3961 offerebat,
678 3915 720 3952 et
743 3910 894 3965 lagana
913 3922 1081 3967 azyma,
1103 3910 1143 3952 id
1166 3916 1231 3952 est
1253 3909 1363 3952 latos

127 3995 277 4038 panes,
302 3991 342 4027 et
367 3990 535 4035 tenues,
559 3997 644 4027 non
671 3981 947 4040 conspersos,
972 3983 1046 4027 sed
1080 3983 1227 4026 linitos
1247 3983 1360 4026 olco.

126 4054 306 4108 Quidam
333 4063 474 4099 tamen
500 4068 576 4111 per
597 4057 767 4112 lagana,
795 4069 946 4112 panem
974 4065 1143 4100 coctum
1165 4055 1210 4098 in
1249 4069 1359 4111 aqua

126 4126 384 4182 intelligunt,
409 4133 454 4170 ut
477 4127 532 4171 sit
550 4129 720 4171 tertium
751 4140 887 4184 genus
909 4128 1050 4183 panis,
1107 4141 1131 4171 a
1176 4130 1301 4171 cocto
1320 4130 1361 4169 in

125 4197 309 4249 clibano,
334 4205 376 4242 et
397 4206 520 4242 cocto
555 4201 597 4241 in
623 4200 846 4244 craticula.
870 4200 914 4242 Si
957 4212 1057 4243 vero
1101 4210 1270 4243 coctum
1317 4200 1360 4241 in

125 4271 339 4327 sartagine
362 4271 890 4328 offerebatuconspersum
916 4274 1027 4324 oleo,
1063 4283 1105 4315 et
1146 4273 1238 4315 sine
1277 4271 1362 4314 ser·

79 4387 81 4389 .
127 4352 269 4386 ntento
292 4350 400 4397 erat,
424 4351 467 4387 et
486 4344 754 4388 dividebatur
778 4345 1035 4389 minutatim.
1067 4344 1128 4387 Ex
1155 4345 1222 4386 bis
1242 4344 1361 4386 obla-

127 4416 182 4458 tis
198 4415 398 4460 sacerdos
416 4417 662 4461 memoriale
686 4417 886 4461 adolebat
906 4430 1052 4462 coram
1083 4417 1281 4468 Domino,
1309 4418 1363 4459 dc

126 4487 308 4542 panibus
335 4501 466 4532 unum
494 4522 506 4542 ,
532 4497 574 4535 et
594 4490 644 4533 de.
677 4490 824 4534 frustis
845 4502 1002 4543 unum;
1024 4490 1233 4544 reliquum
1265 4495 1360 4531 erat

1448 3536 1596 3591 pulum
1619 3549 1812 3592 peccare,
1839 3553 1852 3578 »
1878 3538 1985 3582 forte
2010 3542 2206 3596 generale
2232 3550 2315 3595 est,
2333 3546 2432 3600 quia
2456 3554 2677 3602 peccatum

1448 3609 1667 3663 quodlibet
1707 3611 1938 3664 cuiuslibet
1960 3615 2212 3668 sacerdotis,
2236 3618 2420 3661 trabitur
2459 3621 2503 3663 in
2531 3634 2678 3665 exem-

1448 3682 1580 3737 plum.
1622 3683 1672 3724 Et
1713 3691 1782 3726 est
1804 3684 1963 3727 dictum
1990 3687 2042 3728 ad
2087 3691 2459 3743 exaggerationem
2490 3697 2669 3748 peccati.

1446 3752 1522 3797 Vel
1547 3753 1786 3810 specialiter
1810 3756 1971 3800 dictum
2010 3765 2090 3810 est,
2131 3771 2227 3802 cum
2253 3762 2417 3805 seilicet
2440 3765 2584 3818 verbo,
2611 3769 2675 3810 vet

1445 3825 1588 3881 aliquo
1608 3828 1748 3878 modo,
1778 3829 1979 3883 populum
2006 3831 2056 3873 ad
2075 3833 2336 3885 peccandum
2364 3838 2673 3889 provocaverit.

1447 3896 1519 3941 Vel
1556 3912 1660 3941 sane
1688 3900 1798 3943 sicut
1825 3901 1866 3942 in
1892 3899 2069 3944 Hebraeo
2095 3903 2289 3947 babetur.
2334 3920 2348 3946 ‹
2382 3906 2424 3948 Si
2448 3909 2670 3959 sacerdos,

1443 3973 1515 4026 qui
1538 3973 1739 4016 inunctus
1754 3981 1834 4022 est,
1861 3987 1986 4028 pecca
2003 3975 2100 4017 erit
2125 3976 2174 4017 ad
2198 3977 2366 4031 culpam
2403 3982 2565 4034 populi,
2592 3998 2605 4022 ι
2632 3984 2671 4025 id

1442 4057 1505 4092 est
1523 4049 1579 4091 ita
1599 4049 1655 4090 vil
1675 4056 1794 4091 teret
1818 4057 1978 4103 aperte,
1999 4051 2122 4104 quasi
2145 4063 2255 4094 unus
2275 4052 2327 4095 de
2350 4055 2523 4107 populu,
2551 4059 2664 4110 quod

1442 4126 1561 4168 valde
1589 4125 1791 4167 indecens
1814 4133 1893 4177 est,
1917 4131 2017 4167 tunc
2041 4125 2235 4178 inquam,
2263 4126 2572 4183 offerebat,pro
2594 4145 2672 4174 suo

1441 4205 1633 4254 peceato,
1657 4210 1731 4251 per
1756 4208 1908 4239 manus
1935 4196 2252 4249 impositionem
2276 4198 2326 4240 ad
2347 4202 2505 4242 ostium
2530 4203 2668 4244 taber-

1441 4272 1598 4322 naculi,
1624 4271 1801 4314 vitutum
1837 4270 2157 4312 immaculatum
2180 4278 2220 4324 ';
2251 4287 2265 4313 t
2295 4271 2346 4313 Et
2370 4285 2513 4316 coram
2546 4276 2666 4318 altari

1440 4345 1690 4388 immolabat
1707 4355 1822 4394 eum,
1844 4341 2130 4399 baut-iensque
2147 4344 2198 4386 de
2216 4346 2436 4400 sanguine,
2459 4346 2668 4390 inserebat

1439 4418 1557 4459 illum
1582 4417 1622 4458 in
1657 4414 1997 4464 tabernaculum,
2020 4423 2061 4458 et
2096 4415 2306 4470 intingens
2329 4418 2369 4459 in
2392 4431 2443 4460 eo
2466 4418 2662 4472 digitum.

1439 4487 1689 4543 aspergebat
1720 4485 1857 4537 illum,
1900 4489 2053 4541 septies
2077 4494 2222 4529 contra
2251 4488 2388 4530 velum
2412 4492 2666 4542 sanctuarii,
