2924 4588
277 169 389 228 1525

1269 175 1430 220 PETRI
1458 171 1806 221 coatEsTonts

2911 0 2924 102 i

2717 160 2855 221 ¹521
2916 159 2924 213 i

277 273 431 329 capitis
454 271 688 320 abstraata,
711 275 752 312 et
776 269 1020 312 summitate
1051 277 1255 309 manuum
1288 272 1329 309 et
1352 265 1508 320 pedum
1532 270 1571 320 A
1592 270 1795 320 queretur
1814 261 1968 306 ludam
1993 267 2091 318 post
2115 260 2256 306 soedus
2272 273 2369 305 cum
2386 272 2440 305 eo
2459 241 2628 314 initum,
2652 268 2695 306 et
2711 270 2831 318 post-

277 342 455 398 praecisa
476 348 620 387 coram
641 343 777 382 matre
810 346 849 397 ω
875 337 1098 392 fratribus,
1119 336 1278 381 missus
1302 335 1345 378 in
1371 340 1513 378 sarta-

274 416 417 469 ginem
436 408 704 456 terrebatur.
732 409 775 452 ln
814 410 1010 454 eumdem
1045 408 1218 452 modum
1249 398 1404 462 singuli
1428 406 1515 449 tra-

277 494 407 537 trum,
434 483 668 538 seeundum
691 482 882 526 ordinem
925 480 1147 536 geniturae,
1182 478 1514 534 torquebantur,

278 559 499 614 praemissa
530 563 671 600 tamen
711 555 945 608 unicuique
986 551 1299 602 exhortatione,
1340 557 1388 593 ut
1424 550 1516 606 regi

213 620 216 623 ⁴
277 631 486 681 obediret,
511 634 552 673 et
568 628 743 671 viveret.
768 626 905 681 Supra
923 625 1096 668 modum
1121 630 1262 667 autem
1283 627 1419 666 mater
1436 622 1517 666 mi-

276 702 444 751 rabilis,
472 707 514 744 et
534 701 744 743 honomm
769 698 973 741 memoria
1001 697 1148 752 digna,
1187 695 1383 751 singulos
1412 695 1517 737 hor·

278 773 451 822 tabatur
471 771 750 827 patriarvoce,
789 776 831 813 et
855 769 1048 812 semineae
1071 767 1319 824 cogitationi
1343 777 1516 810 maseu-

277 847 411 889 linum
433 844 621 887 animum
643 842 848 890 inserens,
873 840 980 883 dixit
999 838 1050 881 ad
1069 851 1147 882 eos
1170 853 1180 882 ε
1202 853 1220 879 ι
1239 837 1394 881 Nescio
1409 847 1517 892 qua-

279 917 375 961 liter
405 918 446 959 in
471 923 593 960 utero
616 923 711 958 meo
737 913 1013 968 apparuistis,
1044 923 1123 955 nec
1144 910 1260 955 enim
1283 920 1360 965 ego
1385 908 1516 964 spiri-

280 1001 370 1034 tum
395 997 435 1034 et
454 990 639 1033 animam
661 986 815 1030 donavi
850 985 988 1034 vohis,
1014 996 1093 1028 nec
1116 984 1278 1036 vitam3
1301 987 1343 1026 et
1369 982 1520 1037 siugu-

278 1054 419 1108 lerum
443 1062 635 1105 membra
658 1071 743 1102 non
762 1070 840 1114 ege
870 1058 961 1112 ipsa
980 1055 1190 1112 compegi,
1227 1054 1302 1098 sed
1326 1054 1399 1110 qui
1427 1053 1509 1097 sor-

279 1133 411 1178 mavit
434 1145 525 1183 vos,
551 1131 750 1186 spiritum
780 1130 902 1174 vobis
924 1129 1079 1171 iterum
1104 1137 1200 1170 cum
1221 1125 1517 1170 misericordia

278 1204 440 1255 reddet,
467 1209 509 1248 et
527 1203 677 1254 vitam,
711 1202 822 1245 sicut
845 1213 963 1243 nunc
987 1197 1270 1254 vosmetipsos
1293 1197 1517 1253 despicitis

277 1283 451 1332 propter
480 1276 614 1331 legem
643 1275 751 1330 eius.
780 1291 794 1315 ι
817 1274 1011 1328 Cumque
1039 1271 1179 1314 adhue
1204 1270 1511 1315 adolescentior

278 1352 524 1404 superesset
537 1346 744 1390 suadebat
769 1358 841 1388 rex
869 1345 995 1387 matri
1012 1341 1326 1387 utadolescenti
1342 1342 1518 1386 fleretin

278 1422 475 1464 salutem.
496 1419 691 1475 Cumque
717 1418 990 1474 promisisset
1008 1429 1054 1460 se
1067 1427 1292 1460 suasuram
1316 1415 1421 1468 tilio,
1447 1415 1517 1459 in-

277 1492 435 1535 clinata
466 1491 516 1534 ad
542 1491 661 1534 illum
686 1492 822 1547 patria
858 1502 962 1533 voce
990 1488 1092 1531 dixit
1127 1504 1136 1531 ε
1185 1488 1280 1539 Fili,
1315 1488 1520 1532 miserere

276 1566 360 1609 mei
385 1564 540 1620 dignus
564 1561 770 1606 fratribus
795 1563 879 1605 tuis
901 1561 1095 1612 effectus,
1120 1560 1292 1615 suscipe
1317 1564 1516 1611 mortem,

278 1640 325 1676 ut
363 1634 407 1678 in
432 1635 503 1677 itta
532 1634 810 1692 miseratione
846 1646 943 1677 cum
978 1634 1187 1679 fratribus
1219 1635 1306 1678 tuis
1342 1639 1385 1677 te
1406 1632 1517 1676 reci-

276 1708 407 1765 piam.
443 1705 565 1749 'l'unc
596 1713 671 1750 rex
703 1705 879 1763 indigne
895 1705 1037 1750 serens
1058 1718 1105 1750 se
1121 1706 1330 1757 derisum,
1347 1705 1390 1748 in
1406 1704 1521 1748 hunc

276 1777 498 1822 crudelius
521 1790 651 1834 super
673 1789 826 1822 omnes
841 1777 1034 1823 desaevit.
1063 1792 1077 1818 ι
1093 1776 1336 1822 Novissime
1358 1784 1522 1828 autem,

276 1850 375 1907 post
395 1851 507 1897 filios
533 1857 576 1896 et
592 1858 728 1895 mater
750 1850 952 1894 defuncta
971 1855 1037 1894 est
1059 1848 1131 1907 (11
1155 1847 1350 1893 Haechub.
1381 1847 1474 1904 vn).
1501 1861 1516 1889 ι

330 1924 520 1970 Pro·hac
545 1924 655 1967 tanti
679 1923 960 1980 praerogativa
986 1922 1183 1980 martyrii
1206 1928 1408 1967 asserunt
1425 1922 1522 1978 plu-

276 1998 376 2043 rimi
421 1997 474 2041 de
506 1997 574 2040 his
605 2001 770 2053 septem
804 1995 1017 2039 fratribus
1048 1994 1287 2040 Ecclesiam
1315 1993 1521 2038 solemni·

276 2071 410 2114 ἰω-ε’.
423 2068 605 2111 Additur
620 2078 806 2124 quoque,
826 2066 870 2108 in
886 2063 1037 2110 eadem
1055 2064 1252 2121 epistola,
1269 2064 1401 2120 quod,
1421 2074 1520 2109 cum

263 2137 410 2185 ‘Judas
434 2139 639 2183 adversus
675 2137 948 2181 Timotheum
967 2136 1206 2187 dimicaret,
1228 2140 1522 2191 apparuerunt

278 2212 540 2262 adversariis
583 2210 635 2254 de
658 2210 766 2254 coelo
789 2209 873 2254 viri
921 2210 1110 2266 quinque
1139 2210 1183 2253 in
1214 2210 1354 2265 equis,
1386 2207 1522 2254 diica-

277 2295 368 2331 tum
402 2283 561 2329 Judaeis
596 2288 871 2340 praestantes;
891 2295 942 2327 ex
959 2281 1519 2339 quibusdquachabaeum

275 2359 467 2404 medium
496 2358 720 2408 hahentes,
762 2357 895 2400 armis
928 2356 1264 2412 circumseptum
1289 2366 1519 2400 conserva·
1540 2378 1575 2424 c
1616 2368 1658 2408 et
1681 2367 2007 2420 prosiravemnt
2034 2371 2087 2403 ex
2115 2357 2179 2402 eis
2199 2369 2289 2402 non
2333 2354 2478 2401 minus
2515 2367 2644 2412 quam
2668 2353 2844 2411 triginta

276 2435 401 2487 hant,
425 2434 467 2476 in
480 2431 750 2477 adversarios
773 2439 912 2473 autem
940 2429 1023 2473 tela
1045 2434 1086 2473 et
1105 2428 1285 2472 fulmina
1304 2427 1520 2484 jaciebant

281 2505 348 2558 111
372 2505 566 2550 ΜαεΙιαὶι.
586 2505 647 2562 x).
679 2503 766 2548 Nec
792 2504 928 2548 multo
947 2486 1254 2559 postftempore
1277 2514 1375 2545 cum
1401 2512 1523 2557 egre-

279 2582 452 2625 iteretur
473 2579 606 2623 Judas
633 2590 656 2621 a
681 2576 976 2634 Jerosolymis,
998 2581 1046 2620 ut
1065 2576 1288 2620 dimicaret
1312 2575 1520 2619 adversus

280 2653 471 2708 Lysiam,
492 2651 688 2708 apparuit
710 2651 959 2706 praecedens
981 2661 1055 2694 eos
1070 2661 1202 2704 eques
1221 2649 1264 2692 in
1284 2653 1403 2694 veste
1424 2658 1522 2691 catr-

279 2727 398 2777 dida,
417 2725 550 2768 armis
580 2724 740 2775 aureis,
765 2724 931 2768 hastam
947 2723 1122 2768 vibrans
1141 2721 1209 2778 (11
1226 2721 1422 2767 Machab.
1439 2721 1519 2778 ιι).

279 2797 464 2844 ,Additur
500 2809 671 2852 quoque
701 2797 817 2852 quod
838 2795 1020 2853 loppitae
1041 2801 1301 2853 rogaverunt
1330 2794 1520 2847 «ludaeos,

282 2880 426 2913 secum
450 2869 710 2919 habitantes,
730 2868 964 2912 ascendere
981 2868 1183 2924 scaphas,
1210 2880 1319 2923 quas
1343 2879 1522 2925 parave-

280 2946 378 2985 rant
401 2941 446 2984 in
476 2941 545 2984 die
567 2940 675 2985 sesto
701 2941 753 2983 ad
770 2940 1072 2985 colludendum
1099 2940 1169 2998 (II
1196 2940 1391 2986 Machab.
1423 2941 1523 2993 xit).

281 3013 475 3069 Cumque
488 3015 532 3056 in
550 3014 680 3057 altum
698 3015 1029 3069 processissent,
1049 3014 1376 3059 submerserunt
1395 3028 1444 3059 ex
1459 3016 1523 3059 eis

281 3098 369 3131 non
392 3085 534 3130 minus
556 3083 778 3130 ducentos.
814 3085 1098 3139 Quamobrem
1135 3085 1268 3130 Judas
1309 3085 1354 3129 in
1396 3091 1523 3129 nocte

281 3156 606 3209 superveniens,
651 3161 821 3211 portum
861 3155 1100 3207 succendit,
1136 3156 1319 3211 scaphas
1338 3158 1520 3210 exussit,

282 3225 455 3282 refugos
472 3225 526 3270 ab
543 3225 640 3282 igne
663 3217 805 3280 gladio
823 3228 1015 3282 peremit.
1038 3226 1238 3272 Jamnitis
1256 3242 1427 3286 quoque
1442 3242 1521 3274 no—

282 3306 351 3343 cte
374 3301 637 3356 supervenit,
677 3307 719 3343 et
758 3307 928 3356 portum
952 3313 1050 3344 cum
1073 3301 1255 3346 navibus
1280 3303 1519 3357 succendit,

283 3371 343 3414 ita
366 3376 412 3414 ut
433 3371 578 3414 lumen
600 3371 714 3426 ignis
741 3377 966 3428 appareret
998 3371 1275 3430 ierosolymis
1311 3387 1335 3418 a
1372 3376 1522 3422 stadiis

282 3443 480 3487 ducentis
494 3443 792 3499 quadraginta.
822 3444 1003 3487 Additur
1022 3458 1194 3501 quoque
1215 3444 1347 3502 quod,
1374 3449 1521 3503 przelio
1549 3448 1581 3493 D
1604 3451 1677 3495 alii
1701 3439 1935 3508 prophctae.
1967 3449 2134 3495 Dicitur
2155 3451 2267 3494 idem
2292 3455 2471 3508 martyr,
2498 3452 2571 3507 qui
2590 3451 2686 3514 loco
2703 3449 2844 3508 ipsius
2901 3436 2924 3494 1ῑ

284 3514 513 3560 commisso
547 3515 659 3571 apud
693 3515 921 3571 Jamniam,
959 3517 1106 3572 plures
1128 3519 1328 3574 prostrati
1352 3522 1523 3567 suntde

285 3584 459 3630 Judaeis.
504 3584 558 3628 Et
587 3580 704 3630 venit
724 3585 856 3631 Judas
883 3598 980 3631 cum
1005 3589 1114 3640 suis,
1139 3595 1187 3632 ut
1208 3602 1391 3645 corpora
1420 3605 1521 3648 pro-

285 3661 518 3701 stratorum
537 3654 722 3710 tolleret,
743 3665 784 3701 et
813 3659 856 3702 in
887 3659 1091 3715 sepulcris
1117 3666 1294 3716 poneret
1310 3665 1518 3718 paternis.

285 3726 542 3795 invenerunt
567 3735 709 3773 autem
740 3731 820 3773 sub
842 3731 1001 3776 tunicis
1024 3731 1347 3775 interfectorum
1366 3735 1419 3779 de
1442 3736 1521 3782 do-

285 3801 423 3844 nariis
450 3799 677 3854 idolorum,
702 3815 796 3859 quae
825 3805 935 3860 apud
965 3803 1175 3850 Jamniam
1205 3809 1393 3852 suerunt.
1420 3809 1520 3853 Om-

286 3874 416 3918 nibus
438 3885 540 3930 ergo
563 3874 834 3919 manifestum
862 3876 1020 3921 sactum
1042 3887 1106 3922 est
1128 3881 1183 3924 oh
1206 3882 1230 3924 h
1237 3894 1316 3926 ane
1345 3895 1517 3927 causam

287 3955 362 3987 eos
397 3946 631 3989 corruisse.
674 3947 726 3989 Et
753 3947 1059 3993 benedixerunt
1094 3951 1259 4005 iustum
1298 3953 1371 3998 Dei
1403 3955 1520 4011 judi-

287 4009 420 4066 cium,
467 4018 540 4072 qui
569 4017 735 4061 occulta
767 4019 929 4063 fecerat
961 4022 1206 4075 manifesta,
1239 4030 1280 4068 et
1304 4026 1347 4069 in
1370 4038 1520 4081 preces

272 4087 503 4137 *conv-ersi,
522 4095 778 4142 rogaverunt
801 4089 950 4142 Deum,
977 4099 1024 4135 ut
1046 4092 1247 4138 delictum
1269 4107 1415 4139 eorum
1439 4099 1519 4142 ob-

287 4156 546 4202 literaretur.
566 4159 620 4202 At
641 4172 741 4218 vcro
758 4162 821 4204 vir
845 4162 1104 4209 fortissimus
1125 4164 1275 4219 Judas,
1294 4169 1520 4215 collatione

279 4225 400 4271 ‘faeta
418 4242 439 4273 a
458 4232 566 4283 suis,
587 4232 809 4277 duodecim
826 4233 958 4277 millia
977 4234 1202 4281 drachmas
1227 4240 1385 4294 argenti
1405 4240 1523 4284 misit

289 4299 614 4357 lerosolymam,
649 4303 801 4348 offerre
839 4317 891 4350 ea
924 4306 983 4350 ibi
1018 4319 1095 4362 pro
1117 4311 1306 4363 peccatis
1334 4317 1522 4356 mortuo-

289 4384 402 4423 rum,
440 4375 505 4417 vel
547 4375 702 4420 delicto
742 4372 912 4426 iilum
950 4380 990 4422 in
1032 4379 1307 4426 sacrificium.
1337 4383 1523 4428 Additur

291 4458 460 4506 quoqne
482 4449 610 4503 quod,
638 4461 734 4496 cum
758 4451 1115 4505 sceleratissimus
1137 4452 1340 4512 Nicanor,
1373 4470 1515 4519 pere-

1594 349 1645 380 ea
1667 336 1846 386 sactum,
1882 340 1927 378 et
1963 335 2172 389 comperit
2194 330 2347 377 ludam
2366 344 2461 377 esse
2487 333 2532 376 in
2554 333 2666 379 locis
2684 334 2829 379 Sarna·
2916 318 2924 373 ἕ

1594 409 1687 458 riae,
1721 413 1765 451 et
1798 406 2013 463 disposuit
2033 403 2192 450 bellum
2209 404 2480 448 committere
2502 416 2675 453 cumeo
2698 405 2741 447 in
2764 405 2834 450 die

1598 479 1774 531 sabbati
1788 478 1856 536 (11
1883 477 2076 522 Medico.
2095 477 2182 535 xv).
2205 476 2342 520 Judaei
2359 488 2463 520 vero
2478 508 2490 527 ,
2507 479 2580 534 qui
2599 478 2836 533 sequeban-

1574 556 1668 599 'tur
1688 553 1959 599 Nicanorem.
2005 564 2081 607 per
2112 550 2431 602 necessitatem,
2471 550 2674 593 dixerunt
2704 550 2760 601 ei,
2787 555 2836 593 ut
2871 548 2874 551 ’

1597 627 1760 671 honore
1779 640 1801 667 n
1827 625 1951 668 daret
1970 623 2054 667 diei
2072 623 2444 674 sanctificationis,
2463 630 2506 667 et
2522 621 2624 675 Deo,
2653 623 2725 678 qui
2745 623 2835 676 uni-

1595 711 1721 744 versa
1742 697 1968 753 conspicit.
1987 696 2044 740 At
2062 696 2132 741 ille
2150 696 2344 751 quaesivit
2362 695 2415 738 ab
2433 696 2537 739 eis:
2573 709 2588 734 ι
2617 693 2660 736 Si
2684 681 2838 750 poten's

1595 779 1662 816 est
1687 772 1731 814 in
1758 770 1886 822 coelo,
1926 770 2002 825 qui
2035 767 2262 824 imperavit
2294 767 2360 811 eis
2394 766 2507 810 diem
2529 763 2834 811 Sabbatorum.

1597 843 1650 886 Et
1679 843 1921 886 dixerunt:
1947 840 2025 884 Est
2046 840 2160 884 Deus
2191 851 2304 883 unus
2348 838 2395 882 in
2431 837 2542 885 coelo
2566 846 2734 894 potens,
2760 837 2835 892 qui
2884 848 2902 898 '-

1595 912 1727 967 iussit
1750 912 1819 968 agi
1838 911 1952 954 diem
1994 910 2239 966 septimam.
2267 909 2321 951 At
2356 909 2429 953 ille
2459 908 2565 952 ait;
2590 908 2643 951 Et
2664 920 2742 964 ego
2766 921 2835 964 po-

1597 990 1694 1028 tens
1717 995 1812 1027 sum
1838 994 1967 1039 super
1991 987 2166 1033 terram,
2191 981 2265 1038 qui
2287 981 2450 1037 impero
2466 981 2588 1026 ,sumi
2616 992 2753 1031 arma,
2794 988 2838 1023 ct

1598 1055 1770 1112 negotia
1805 1055 1920 1111 regis
1966 1054 2153 1110 impleri.
2192 1069 2209 1095 ι
2251 1052 2522 1100 Machameus
2564 1058 2707 1096 autem
2737 1064 2838 1096 cum
2903 1063 2905 1066 ⁴

1599 1128 1724 1186 pauci
1747 1133 1893 1174 essent
1908 1140 2007 1171 cum
2030 1139 2102 1181 eo,
2119 1127 2401 1171 formidantes
2415 1126 2641 1182 imperium
2660 1125 2842 1170 Nicano-

1598 1203 1677 1253 ris,
1716 1207 1760 1246 et
1783 1199 2123 1254 multitudinem,
2159 1199 2358 1256 singulos
2387 1198 2558 1243 illorum
2593 1198 2840 1242 Judaeorum

1600 1273 1798 1324 armavit,
1842 1285 1932 1317 non
1957 1273 2094 1329 clypei
2122 1277 2164 1317 et
2194 1273 2329 1317 hastae
2358 1272 2610 1322 munitione,
2646 1271 2721 1317 sed
2745 1284 2839 1316 ser·
2909 1280 2911 1282 ’

1598 1346 1799 1391 monibus
1825 1345 2016 1402 optimis,
2037 1350 2081 1389 et
2097 1344 2485 1398 exhortationibus,
2508 1344 2741 1401 praesertim
2762 1355 2840 1388 ex·

1598 1418 1740 1476 posito
1778 1417 1842 1462 eis
1874 1416 2044 1463 samnio
2073 1416 2187 1473 quod
2210 1417 2254 1460 in
2278 1416 2427 1460 eadem
2451 1422 2578 1460 nocte
2596 1415 2761 1461 viderat
2796 1415 2841 1459 in

1599 1491 1715 1535 hunc
1730 1489 1909 1534 modum
1933 1501 1946 1530 ι
1972 1486 2150 1533 Viderat
2172 1487 2325 1532 Oniam
2339 1498 2555 1534 summum
2573 1488 2842 1535 sacerdotem
2863 1529 2866 1533 ,
2895 1532 2902 1537 ,

1599 1562 1673 1619 qui
1695 1572 1720 1605 a
1740 1573 1878 1618 puero
1900 1561 1948 1605 in
1969 1560 2205 1606 virtutibus
2221 1560 2486 1604 exercitatus
2507 1559 2662 1611 suerat,
2688 1571 2845 1605 manus

1598 1631 1950 1689 protendentem,
1974 1636 2018 1675 et
2038 1638 2230 1677 orantem
2255 1643 2338 1687 pro
2363 1632 2521 1688 populo
2542 1628 2841 1686 judaeorum··.
2869 1683 2875 1691 ι

1598 1704 1806 1750 Posthac
1823 1705 2090 1760 apparuisse,
2116 1708 2159 1763 et
2176 1703 2309 1751 alium
2326 1703 2467 1748 virum
2490 1709 2616 1746 aetate
2638 1708 2681 1747 et
2705 1702 2843 1759 gloria
2875 1745 2885 1756 ,

1598 1775 1788 1820 mirabili
1819 1776 1939 1822 circa
1971 1775 2134 1837 illum,
2141 1780 2195 1826 et
2232 1772 2353 1820 Oniae
2389 1774 2595 1820 dixisse:
2634 1788 2651 1815 ι
2677 1773 2756 1818 llic
2776 1780 2844 1818 est
2883 1786 2891 1835 ¹*

1600 1854 1772 1892 amatur
1801 1836 1955 1905 popuii
1978 1845 2128 1899 lsrael,
2142 1846 2221 1890 hic
2251 1852 2318 1891 est
2350 1846 2424 1903 qui
2448 1845 2631 1893 multum
2652 1850 2748 1890 orat
2763 1856 2843 1902 pro
2889 1864 2894 1866 ·

1599 1921 1775 1977 populo,
1800 1925 1842 1964 et
1858 1918 2043 1964 civitate
2052 1924 2219 1971 sancta,
2244 1910 2457 1964 Jeremias
2478 1917 2684 1977 propheta
2705 1914 2796 1962 Dd.
2822 1931 2840 1958 ι
2873 1955 2876 1960 .

1599 1994 1858 2041 Extendisse
1898 1982 2051 2039 antemi
2078 1991 2308 2038 Jeremiam
2349 1991 2580 2053 dextram,
2600 1997 2645 2036 et
2673 1982 2845 2036 dedisse

1598 2069 1721 2114 Judae
1750 2068 1939 2126 gladium
1959 2077 2158 2118 aureum,
2184 2071 2228 2110 et
2244 2064 2489 2122 dicentem:
2514 2078 2529 2106 ι
2559 2060 2717 2127 Accipe
2738 2054 2846 2107 san-

1600 2148 1716 2187 ctum
1748 2141 1938 2198 gladium
1962 2149 2123 2184 munus
2144 2134 2326 2198 utissum
2354 2148 2388 2195 ,a
2420 2137 2526 2189 Deo,
2557 2146 2644 2194 quo
2667 2135 2847 2191 dejicies

1600 2213 1873 2259 adversarios
1892 2211 2040 2269 populi
2064 2210 2147 2266 roei
2161 2207 2314 2264 Israel.
2339 2225 2357 2266 ι
2376 2208 2470 2266 Qua
2486 2204 2655 2266 visione
2670 2206 2849 2252 consor·-

1600 2289 1694 2339 tati‚
1712 2287 1923 2347 quierant
1941 2297 2039 2329 eum
2054 2278 2165 2328 Iuda
2182 2283 2390 2340 impetum
2419 2280 2645 2338 fecerunt'
2635 2294 2678 2325 ιιι
2695 2280 2846 2325 hostes

1599 2437 1752 2487 millia,
1779 2433 1994 2478 Nicanore
2027 2443 2126 2476 cum
2158 2432 2226 2475 eis
2258 2415 2503 2482 interfecto,
2543 2436 2587 2474 et
2622 2427 2860 2500 redierunt*
2894 2424 2896 2426 ’

1598 2510 1906 2566 lerosolymam
1923 2499 2232 2552 benedicentes
2257 2505 2417 2560 Deum;
2441 2511 2484 2550 et
2506 2510 2636 2562 caput
2658 2503 2846 2547 Nicano-

1598 2583 1678 2635 τίς,
1705 2587 1748 2626 et
1770 2592 1945 2624 manum
1967 2591 2066 2623 cum
2091 2578 2271 2623 humero
2294 2579 2549 2628 abscissam,
2568 2580 2719 2621 contra·
2737 2582 2845 2619 tem·

1601 2654 1716 2710 plum
1736 2650 2070 2708 suspenderunt.
2091 2648 2238 2706 ltaque
2261 2662 2411 2694 omnes
2428 2644 2646 2692 communi
2663 2645 2844 2691 consilio

1600 2726 1884 2768 decreverant
1907 2722 2026 2766 nullo
2052 2720 2182 2766 modo
2198 2721 2310 2765 diem
2331 2721 2460 2765 istum
2479 2720 2642 2777 absque
2664 2718 2844 2763 celebri-

1601 2801 1688 2840 tate
1730 2795 1984 2851 pra-terim
2007 2793 2084 2837 llic
2132 2793 2388 2838 terminatur
2421 2793 2602 2849 epistola
2631 2789 2752 2837 Judae
2789 2789 2844 2834 ad
2890 2819 2894 2823 ·

1601 2867 1914 2926 dispersionem
1964 2866 2229 2911 Iudaeorum.
2276 2865 2523 2912 Terminata
2577 2864 2708 2924 igitur
2750 2861 2844 2925 epi-

1601 2942 1753 2989 stolari
1803 2940 2160 2997 recapitulatione
2216 2935 2272 2985 ad
2312 2939 2661 2997 prosecutionem
2706 2929 2845 2983 tusto-

1600 3016 1678 3066 riae
1713 3020 1982 3060 revertamur
2018 3012 2072 3057 de
2105 3011 2286 3066 loanne,
2327 3011 2415 3057 tilio
2452 3009 2659 3067 Simonis,
2694 3010 2850 3069 prose*

1599 3095 1798 3144 quentes.

1657 3161 1849 3205 ‘Additio
1873 3161 1913 3205 l.
1948 3161 2114 3207 Nomen
2143 3160 2345 3218 martyris
2369 3160 2420 3204 ad
2437 3165 2623 3217 quatuor
2642 3158 2843 3204 extendi-

1602 3240 1692 3279 tur.
1719 3233 1886 3278 Dicitur
1900 3239 2079 3291 martyr,
2098 3234 2170 3291 qui
2194 3246 2272 3290 pro
2295 3234 2623 3278 conservatione
2640 3233 2746 3290 legis
2765 3231 2842 3278 Dei
2856 3218 2858 3226 ι
2874 3232 2894 3250 ⁸

1602 3307 1803 3358 moritur,
1829 3314 1877 3351 ut
1899 3305 2150 3351 uachahaei.
2195 3305 2362 3350 Dicitur
2399 3305 2528 3350 etiam
2568 3310 2747 3361 martyr,
2765 3304 2842 3362 qui
2880 3294 2898 3354 i

1601 3391 1680 3436 pro
1700 3379 1882 3423 veritate
1903 3378 2225 3435 praedieationis
2243 3378 2443 3431 moritur,
2468 3384 2515 3421 ut
2531 3374 2755 3430 Ieremias,
2783 3380 2829 3422 et

1602 3522 1765 3567 Christi
1785 3522 1986 3574 moritur,
2010 3528 2057 3565 ut
2076 3521 2280 3566 infantes.
2307 3520 2472 3566 Dicitur
2497 3529 2540 3567 et
2560 3531 2742 3582 martyr,
2762 3525 2840 3582 qui
2901 3528 2924 3562 Ἀ

1602 3607 1680 3651 pro
1695 3594 1968 3639 confessione
1988 3593 2105 3646 fidei,
2138 3601 2181 3640 ct
2209 3591 2426 3652 passionis
2449 3594 2610 3640 Christi
2638 3595 2850 3652 moritur,
2922 3602 2924 3656 ς

1600 3674 1650 3711 ιιι
1672 3667 1828 3711 Petrus
1850 3672 1892 3712 et
1910 3665 2090 3711 Paulus.
2115 3666 2166 3709 Et
2197 3667 2271 3711 isti
2297 3669 2469 3724 proprie
2497 3668 2699 3715 dicuntur
2722 3656 2847 3715 mar-fv
2897 3675 2899 3679 ⁴
2922 3671 2924 3687 ²

1601 3745 1736 3797 tyrias,
1783 3740 1827 3782 id
1849 3744 1916 3783 est
1944 3744 2079 3783 testes
2105 3739 2321 3794 passionis
2344 3738 2523 3798 Christi.
2555 3739 2746 3793 Quorum
2775 3740 2840 3786 se-

1602 3816 1714 3854 stum
1740 3810 1842 3854 lacit
1859 3809 2070 3863 Ecclesia,
2086 3821 2190 3854 cum
2214 3809 2376 3855 nullius
2394 3809 2560 3856 Veteris
2577 3810 2840 3859 Testamentt

1600 3884 1803 3938 martyris
1827 3881 1984 3926 festum
2007 3886 2121 3938 agat,
2161 3880 2246 3925 nisi
2276 3888 2440 3937 septem
2479 3882 2837 3928 Machahaeorum.

1599 3953 1835 3996 Puerorum
1858 3965 2030 4010 quoque
2051 3952 2206 3997 festum
2230 3954 2318 4009 agit
2346 3953 2555 4008 Ecclesia,
2579 3955 2678 3998 licet
2697 3954 2751 3998 ad
2772 3954 2838 3998 in·

1601 4025 1714 4070 seros
1733 4025 2053 4070 descenderint.
2083 4025 2210 4070 Unde
2239 4027 2284 4070 in
2303 4039 2453 4073 eorum
2483 4027 2592 4072 l'esto
2620 4029 2838 4072 canticum
2876 4047 2895 4115 ᾗ

1600 4099 1758 4143 laetitiae
1784 4099 2039 4143 subticetur.
2061 4097 2108 4140 Si
2130 4098 2360 4154 objiciatur
2377 4101 2429 4144 de
2449 4099 2613 4146 Joanne
2628 4100 2836 4157 Baptista,
2867 4110 2884 4132 ’δ
2906 4111 2910 4118 “

1600 4170 1803 4222 dicimus,
1844 4170 1945 4224 quia
1975 4169 2191 4225 passionis
2220 4170 2314 4226 ejus
2346 4171 2502 4217 festum
2535 4185 2623 4216 non
2650 4140 2895 4288 agimussf

1600 4241 1677 4285 sed
1710 4242 1966 4299 nativitatis,
2005 4251 2100 4296 quae
2122 4241 2202 4284 suit
2225 4242 2360 4299 figura
2389 4244 2627 4288 nativitatis
2652 4244 2834 4288 Christi.
2870 4277 2891 4311 {t

1599 4311 1772 4357 Festum
1800 4325 1902 4369 ergo
1919 4306 2224 4358 Decollationis
2252 4316 2346 4370 ejus
2370 4328 2455 4359 non
2481 4322 2546 4359 est
2565 4317 2720 4360 festum
2736 4328 2836 4371 pas·
2868 4310 2887 4374 ’ξς
2911 4323 2913 4338 ³

1601 4386 1758 4438 sionis,
1784 4381 2022 4440 praesertim
2053 4395 2150 4429 cum
2173 4387 2267 4443 ipse
2282 4387 2396 4430 circa
2411 4387 2576 4432 Pascha
2597 4388 2834 4433 decollatus
2871 4411 2882 4424 -«

1601 4458 1746 4511 suerit,
1765 4460 1838 4504 sed
1859 4467 2048 4520 tempore
2065 4460 2139 4504 tali
2166 4467 2296 4516 caput
2320 4462 2412 4517 ejus
2439 4451 2656 4505 inventum
2676 4461 2813 4506 fuerat
2874 4444 2881 4492 ἆ
