2924 4588
230 141 337 185 ¹383

1243 129 1407 174 Parni
1436 127 1787 179 COMES'ronts

2691 102 2800 187 πέει,

229 245 243 269 ‹
277 229 409 270 Porro
432 226 503 270 filii
553 224 683 269 lsrael
715 227 1011 266 castrametati
1051 226 1153 264 sunt
1194 229 1347 263 contra
1376 232 1468 268 eos,
1493 223 1530 267 Α
1554 218 1697 260 animo
1712 223 1820 267 esto,
1849 229 1929 274 ego
1951 217 2064 262 dabo
2083 217 2160 262 tibi
2184 218 2351 262 vineam
2375 218 2560 265 Naboth.
2586 236 2600 262 t
2627 220 2678 263 Et
2697 225 2803 267 scri-

225 300 346 356 quasi
371 299 456 343 duo
480 297 597 353 paui
618 309 766 352 greges
806 305 1050 349 caprarum.
1093 291 1189 348 Syri
1222 297 1368 334 autem
1403 302 1489 335 rea

227 376 450 429 pleverant
473 378 650 419 terram,
667 374 711 412 et
730 368 839 423 «uuit
860 366 1062 425 tinuerit·
1086 365 1161 407 Dei
1187 365 1239 427 ad
1257 363 1423 407 Achab,
1452 380 1466 404 ι

226 444 335 495 Quia
355 444 557 485 dixerunt
581 439 677 495 Syri
699 454 707 478 :
737 437 849 480 Deus
868 437 1077 479 mutium
1104 435 1309 478 Dominus
1329 441 1408 484 est,
1430 441 1471 475 et

226 529 310 558 non
338 514 526 563 vallium,
549 511 712 567 tvdam
740 521 814 552 cos
838 511 880 551 in
907 520 1034 551 manu
1056 518 1142 550 tua.
1161 507 1471 549 Etdirexerunt

227 588 342 629 aries
359 599 408 629 ex
436 586 618 628 adverso
642 590 806 640 septem
829 582 999 626 diebus.
1026 580 1216 635 Septima
1236 586 1376 622 autem
1398 578 1472 622 die

227 658 419 712 percussi
445 662 546 699 sunt
570 656 623 698 de
657 654 779 712 Syris
797 660 970 696 centum
1014 652 1147 694 miliia
1174 652 1391 706 peditum,
1428 654 1471 693 el

227 730 380 783 reliqui
406 730 607 783 ingerunt
632 728 675 770 in
700 727 846 782 Apbec
864 757 873 775 ‚
904 732 946 768 et
977 724 1134 767 cecidit
1168 736 1319 766 murus
1344 736 1472 777 super

224 815 315 853 eos,
335 802 405 856 qui
427 806 738 844 remanserant.
767 796 971 841 Benadab
986 803 1127 841 autem
1151 796 1319 851 fugiens
1346 797 1388 839 in
1409 799 1471 840 ci·

226 874 398 915 vitate-*n
419 872 541 914 latuit
568 871 610 914 in
634 871 850 921 cubiculo,
875 868 993 926 quod
1034 876 1127 912 erat
1156 869 1270 911 intra
1293 869 1469 912 cubicu-

229 948 330 989 lum.
358 945 477 988 Servi
504 950 644 987 autem
680 943 775 998 ejus
814 941 1034 994 timentes,
1078 954 1133 984 ne
1175 943 1471 998 superveniret

224 1019 386 1070 Achab,
404 1026 445 1061 et
471 1018 634 1060 nemini
655 1021 867 1072 parceret,
890 1021 934 1058 et
963 1016 1151 1058 seientes
1177 1028 1301 1071 reges
1340 1015 1472 1060 lsrael

225 1093 471 1144 clementes,
493 1090 772 1133 accinxerunt
797 1088 963 1131 lumbos
988 1100 1090 1132 suos
1116 1092 1270 1139 saccis,
1312 1094 1354 1132 et
1396 1100 1472 1143 po-

227 1176 372 1209 nentes
396 1165 614 1208 suniculos
639 1164 682 1207 in
707 1162 922 1218 capitibus
940 1170 1149 1205 venerunt
1173 1163 1217 1204 in
1241 1173 1471 1205 occursum

226 1240 373 1283 Achab
411 1238 641 1289 dieentes:
679 1252 694 1278 ι
735 1236 894 1281 Servus
941 1242 1040 1278 tuus
1078 1235 1278 1279 Benadab
1330 1236 1470 1279 dicitz

227 1396 396 1441 cunque
427 1385 603 1428 multam
648 1381 936 1438 imposueris,
983 1383 1218 1436 suscipiam
1260 1394 1356 1425 eam
1391 1394 1471 1437 pro

226 1460 368 1503 anima
390 1470 500 1502 mea.
518 1456 599 1510 Qui
622 1456 842 1512 respondit
867 1471 878 1498 :
914 1470 927 1495 ι
963 1453 1006 1498 Si
1029 1455 1170 1499 adbuc
1190 1455 1309 1507 vivit,
1339 1456 1471 1499 irater

226 1546 348 1577 meus
371 1537 454 1583 est,
484 1547 498 1573 ι
530 1531 571 1574 id
588 1537 653 1575 est
677 1531 831 1574 faciam
856 1541 957 1572 eum
989 1542 1044 1575 co
1071 1529 1227 1575 soedus.
1259 1545 1274 1569 ι
1299 1528 1379 1581 Qui
1401 1541 1473 1572 ra-

228 1607 394 1662 pientes
414 1605 591 1648 rerbum
615 1616 664 1647 ex
684 1615 759 1647 ore
783 1605 894 1660 ejus,
925 1603 1050 1661 quasi
1095 1615 1173 1659 pro
1208 1604 1350 1647 omine
1407 1602 1471 1646 se-

226 1679 438 1723 stinanles
473 1678 746 1722 adduxerunt
779 1678 981 1722 uenat-‚ad
1009 1677 1194 1722 adeum.
1226 1676 1275 1721 Et
1312 1677 1473 1721 levavit

226 1765 320 1796 eum
340 1750 488 1795 Achab
507 1763 651 1795 seeum
674 1753 717 1795 in
738 1764 867 1795 curru
891 1763 987 1804 suo,
1005 1755 1049 1796 et
1066 1751 1172 1796 dixit
1189 1751 1240 1795 ad
1265 1762 1363 1795 eum
1391 1750 1474 1795 Be*

227 1830 369 1872 nabab
393 1844 403 1872 ;
430 1827 637 1872 Civitates
660 1839 769 1882 quas
795 1827 891 1869 tulit
907 1831 1033 1883 pater
1049 1838 1206 1875 meuse
1234 1832 1357 1881 patre
1377 1831 1468 1878 tuo,

230 1899 402 1942 reddam
428 1898 521 1942 tibi.
542 1896 626 1941 Fac
652 1898 727 1942 tibi
758 1898 923 1953 plateas
959 1898 1004 1943 in
1035 1897 1263 1950 Damasco,
1288 1913 1306 1940 v
1329 1897 1373 1941 id
1405 1903 1473 1943 est

231 1973 366 2015 sorum
393 1984 536 2015 rerum
558 1972 801 2024 venalium3
829 1986 844 2011 r
871 1970 982 2014 sicut
1003 1971 1102 2015 feeit
1131 1977 1253 2027 pater
1276 1985 1399 2016 meus
1426 1972 1470 2015 in

229 2046 440 2090 Samaria.
473 2061 487 2087 ι
511 2045 676 2103 Cumqe
717 2047 917 2091 foederati
961 2052 1109 2092 essent
1156 2045 1381 2090 redierunt
1418 2045 1472 2090 ad

226 2119 396 2177 propria
439 2117 560 2162 Tune
598 2118 800 2165 Michaeas
837 2120 944 2164 dixit
965 2119 1018 2163 ad
1055 2119 1224 2164 socium
1262 2129 1390 2162 suum
1426 2117 1471 2162 in

228 2192 383 2247 spiritu
415 2206 425 2235 ς
449 2206 464 2232 r
495 2191 676 2236 Percute
697 2206 778 2237 me.
808 2192 859 2236 At
878 2193 949 2236 iile
967 2192 1103 2236 noluit
1142 2191 1224 2236 Cui
1243 2191 1302 2234 ait
1330 2189 1471 2246 :Quia

227 2276 312 2307 non
337 2262 495 2307 audisti
515 2275 661 2308 vocem
682 2263 870 2315 Domini,
899 2274 997 2306 cum
1026 2262 1202 2307 recedes
1227 2275 1249 2304 a
1274 2274 1358 2313 me,
1376 2273 1473 2318 per-

228 2338 361 2379 cutiet
380 2343 425 2381 te
450 2337 534 2382 leo.
568 2354 580 2378 ι
610 2338 732 2390 Quod
758 2338 919 2382 sactum
946 2343 1026 2382 est.
1069 2336 1384 2392 {muniensque
1409 2337 1475 2390 al-

228 2422 365 2454 tcrum
382 2410 542 2461 virum,
572 2409 678 2454 dixit
702 2410 754 2454 ad
778 2423 903 2456 eum:
934 2426 947 2451 ι
987 2411 1170 2455 Percide
1193 2423 1262 2456 me
1289 2425 1304 2453 ›
1332 2411 1472 2454 inca-

230 2484 330 2538 pite.
362 2483 444 2536 Qui
474 2484 715 2528 militet-avit
750 2497 863 2527 euin.
898 2479 1020 2529 Tunc
1061 2483 1268 2541 propheta
1310 2489 1473 2527 niutato

228 2556 363 2608 wiltu,
388 2556 638 2614 aspersione
674 2556 862 2612 pulveris
898 2564 941 2600 et
980 2556 1232 2614 sanguinis,
1271 2555 1474 2606 clamarit

228 2630 280 2673 ad
301 2643 441 2687 regem
469 2630 511 2675 in
541 2632 639 2674 via:
668 2632 775 2675 Cum
806 2644 1001 2677 essemus
1030 2633 1075 2676 in
1099 2633 1270 2687 praelio,
1295 2631 1476 2675 adduxit

227 2701 293 2743 vir
311 2714 424 2745 unus
442 2704 659 2758 captivum
685 2715 811 2747 suum
839 2702 892 2745 ad
932 2715 1002 2747 me
1036 2702 1217 2746 dicens:
1251 2716 1266 2742 ι
1295 2700 1473 2747 Custodi

229 2776 357 2819 istum
378 2791 390 2828 ;
418 2778 490 2833 qui
514 2777 550 2821 si
570 2778 721 2833 lapsus
746 2777 893 2828 suerit,
914 2777 998 2822 erit
1024 2778 1169 2820 anima
1187 2782 1260 2819 tua
1285 2788 1363 2833 pro
1379 2778 1474 2819 aiii-

228 2859 297 2891 ma
318 2849 429 2904 eius,
455 2866 469 2891 ι
493 2850 535 2894 id
547 2855 615 2895 est
632 2851 720 2894 eris
740 2863 893 2895 servus
918 2851 1021 2894 milii
1042 2862 1121 2906 pro
1149 2862 1231 2903 eo,
1259 2865 1273 2890 r
1309 2858 1382 2893 aut
1405 2857 1473 2892 ta·

229 2919 391 2966 lentum
418 2923 582 2979 argenti
609 2923 712 2967 mihi
738 2923 971 2981 appendes.
1006 2939 1018 2964 a
1051 2924 1160 2968 Cum
1199 2930 1343 2969 autem
1377 2935 1478 2970 ver-

230 3003 363 3041 terem
383 3009 451 3040 me
472 2996 558 3040 hue
583 3003 711 3051 atque
743 2996 861 3048 illuc,
902 2997 1047 3040 subito
1085 2985 1192 3040 non
1214 2999 1481 3054 comparuit..

230 3068 282 3113 Et
300 3070 358 3114 ait
380 3082 486 3114 rex:
517 3083 531 3109 r
560 3068 778 3113 Judicium
804 3076 923 3113 tuum
949 3076 1010 3114 est
1034 3103 1045 3121 ,
1077 3086 1092 3112 ›
1118 3070 1232 3126 quod
1270 3071 1363 3126 ipse
1398 3071 1478 3116 de,

231 3143 421 3194 crevisti,
448 3143 701 3187 alterutrum
722 3156 900 3188 necesse
921 3149 987 3187 est
1008 3143 1141 3187 facias
1166 3144 1222 3189 ci.
1241 3142 1363 3188 Tunc
1387 3144 1476 3187 lota

232 3215 341 3259 faeie
362 3215 538 3273 agnitus
574 3221 640 3260 est
687 3216 896 3272 propbeta
935 3229 960 3258 a
993 3229 1120 3272 rege,
1147 3226 1190 3259 et
1215 3217 1303 3262 ait:
1333 3231 1347 3257 c
1376 3216 1478 3261 Haec

232 3287 593 3337 dicitDominus;
631 3289 731 3343 quia
768 3287 971 3332 dimisisti
1007 3289 1147 3332 virum
1178 3288 1476 3345 blasphemum

232 3360 408 3416 dignum
427 3365 582 3411 morte,
604 3360 686 3403 erit
720 3360 867 3405 anima
904 3368 975 3403 tua
1020 3373 1099 3416 pro
1140 3361 1284 3403 anima
1322 3362 1433 3416 eius,
1457 3376 1471 3402 ι

233 3431 359 3475 idest
392 3431 485 3488 ipse
520 3439 562 3475 te
599 3432 846 3476 interficiet.
886 3433 937 3475 Et
972 3433 1110 3477 iratus
1145 3446 1219 3477 rex
1257 3434 1478 3490 prophetae

229 3501 360 3559 jussit
376 3517 473 3548 eum
497 3505 691 3556 clausum
733 3505 972 3558 custodiri,
1009 3513 1051 3549 et
1088 3506 1205 3552 venit
1244 3509 1285 3548 in
1326 3506 1480 3555 Sama·

233 3588 360 3623 riam.

484 3705 586 3750 Cn.
610 3701 802 3750 XXXiX.
829 3701 890 3749 De
902 3706 1017 3749 uinea
1042 3704 1224 3750 Νοὺοεεί.

289 3814 425 3857 Porro
439 3812 908 3857 Nabothezraheiites
941 3813 1125 3857 habebat
1150 3814 1320 3857 vineam
1357 3814 1481 3869 iuxta

236 3887 439 3944 palatium
459 3887 574 3942 regis
600 3886 696 3943 <111
718 3886 817 3942 Req.
850 3887 957 3944 xxi).
974 3886 1027 3929 Et
1049 3886 1157 3931 dixit
1176 3887 1228 3930 ad
1250 3899 1349 3930 eum
1370 3899 1443 3931 rex
1468 3902 1478 3930 t

240 3977 253 4000 ι
289 3959 347 4004 Da
363 3961 469 4004 mibi
488 3961 659 4003 vineam
700 3967 850 4010 tuam,
885 3966 932 4003 ut
963 3959 1119 4003 faciam
1160 3960 1203 4002 in
1227 3972 1277 4003 ea
1307 3959 1480 4003 bortum

236 4034 418 4083 dierum,
448 4032 646 4086 daboque
667 4032 742 4074 tibi
760 4045 836 4086 pro
853 4044 911 4074 ca
944 4031 1115 4074 vineam
1149 4031 1390 4081 meliorem,
1414 4032 1479 4075 vei

237 4107 441 4161 pretium.
468 4103 549 4156 Qui
569 4102 1066 4159 responditzl'ropitius
1100 4104 1157 4147 sit
1193 4104 1298 4147 mibi
1336 4104 1484 4148 Domi·

236 4191 339 4228 nus,
370 4191 424 4220 ne
448 4178 543 4221 dem
567 4176 858 4219 hzereditatcm
893 4183 1063 4233 patrum
1105 4189 1299 4220 meorum
1334 4178 1430 4220 tibi.
1465 4194 1479 4218 ι

238 4251 371 4303 Quasi
388 4251 549 4294 diceret
575 4265 584 4292 :
609 4248 701 4291 Non
728 4262 903 4303 possum
925 4264 936 4300 ;
972 4249 1204 4292 hareditas
1247 4250 1395 4292 relicta
1416 4254 1484 4292 est

239 4323 346 4367 mihi
368 4335 391 4365 a
417 4322 630 4377 patribus,
644 4328 692 4363 ut
711 4323 949 4377 relinquam
969 4335 1064 4367 eam
1086 4323 1290 4378 posteris.
1311 4321 1364 4364 Et
1386 4334 1486 4365 con-

239 4388 438 4438 tristatus
459 4404 533 4437 rex
558 4393 740 4447 projecit
760 4406 806 4436 se
826 4394 871 4436 in
892 4395 1068 4445 lectum,
1088 4400 1131 4439 et
1152 4394 1326 4437 nolebat
1341 4404 1486 4436 coine-

241 4467 371 4512 dete.
408 4473 451 4510 et
493 4465 751 4509 confortavit
783 4478 881 4509 eum
915 4464 1084 4511 ,lezabel
1105 4466 1279 4510 dicens:
1305 4478 1320 4504 r
1342 4464 1486 4508 AEouo

1553 291 1639 344 psit
1666 294 1834 333 secreto
1853 290 2017 332 litteras
2053 302 2104 333 ex
2141 290 2316 334 nomine
2353 289 2530 343 Achab,
2566 297 2609 336 et
2639 294 2802 339 annulo

1553 364 1647 417 ejus
1666 363 1879 418 signatas,
1897 363 2010 406 etad
2026 362 2198 417 judices
2221 359 2384 407 iezi-ael
2404 364 2536 416 misit,
2557 373 2802 411 uteonveu·
2860 358 2871 422 J
2922 415 2924 419 ,

1553 443 1643 478 tum
1669 435 1882 485 facerent,
1908 441 1952 479 et
1968 435 2218 490 iejunarent
2236 467 2248 485 ,
2271 440 2476 492 tanquam
2494 436 2569 481 Dei
2589 438 2804 493 judicium
2867 467 2871 471 «

1554 506 1724 557 facturi,
1744 514 1789 550 et
1821 508 2306 551 submitterent⁴testes
2351 508 2580 553 adversum
2611 509 2801 562 Naboth,

1551 579 1624 634 qui
1650 579 1872 623 dicerent.
1894 594 1911 620 ι
1936 572 2161 623 Benedixit
2187 579 2356 624 Naboth
2377 578 2507 624 Deum
2531 587 2575 626 et
2591 595 2754 638 regem,
2782 598 2798 631 t

1553 652 1595 694 id
1619 657 1687 694 est
1712 649 1951 702 maledixit,
1978 652 2220 695 secundum
2243 651 2470 698 ttehiaeum
2495 653 2684 708 idioma,
2716 669 2731 695 ι
2760 661 2807 713 et

1552 724 1936 778 judicantesreum
1963 725 2206 781 majestatis
2222 725 2479 781 lapidarent.
2520 741 2535 768 ι
2561 724 2613 770 Et
2640 727 2803 772 sactum

1552 803 1619 841 est
1642 796 1721 847 ita,
1764 803 1810 841 et
1838 797 2060 852 lapidatus
2099 806 2168 843 est
2209 799 2380 842 Nabotii
2420 804 2541 843 extra
2584 801 2804 854 civitatem

1551 867 1766 913 ,iezraheL
1795 870 1902 913 Cum
1926 883 2029 925 ergo
2048 873 2289 929 accepisset
2314 871 2460 917 Achab
2492 874 2544 918 de
2559 880 2700 918 morte
2715 873 2805 923 Naf-
2875 906 2879 911 .

1554 941 1671 988 both,
1697 942 1986 986 descendebat
2004 944 2048 986 iu
2067 944 2252 995 vineam,
2275 952 2321 988 ut
2353 947 2596 1001 possideret
2619 957 2731 992 eam.
2751 947 2804 1003 Et

1553 1015 1746 1059 occurrit
1761 1016 1802 1059 ei
1825 1015 1942 1060 Elias
1978 1015 2207 1061 Thesbites
2243 1017 2393 1064 diceus
2417 1035 2429 1064 2
2461 1018 2562 1062 iiaec
2583 1019 2689 1063 dicit
2717 1006 2805 1062 Doss

1553 1089 1730 1134 minus:
1772 1104 1786 1129 ‹
1826 1088 2054 1141 Occidisti,
2092 1090 2273 1143 insuper
2317 1097 2362 1134 et
2395 1091 2687 1146 possedisti.»
2720 1090 2805 1136 He-

1554 1162 1696 1210 braeus
1722 1162 1883 1207 babet:
1908 1178 1922 1205 ‹
1947 1162 2175 1216 Occidisti,
2198 1171 2351 1220 etpost
2370 1168 2460 1208 baec
2482 1166 2801 1211 haereditabis.-

2881 1221 2886 1238 .⁴
2875 909 2887 1163 *-.-·-—->--—-.

1551 1258 1609 1267 -
1634 1249 1649 1275 r
1679 1233 1725 1277 ln
1748 1235 1843 1280 loco
1874 1235 1956 1278 hoc
1997 1235 2043 1278 in
2075 1248 2163 1291 quo
2197 1236 2423 1279 linxerunt
2462 1249 2596 1280 canes
2633 1235 2805 1281 Naiiotit
2884 1248 2885 1251 ’

230 1301 367 1364 Vivat,
398 1324 475 1356 oro
506 1318 562 1363 tc,
587 1312 729 1353 anima
747 1322 856 1354 mea.
889 1325 902 1349 ι
925 1308 1058 1362 Quasi
1084 1309 1246 1353 diceret
1270 1325 1279 1351 ;
1311 1309 1472 1362 Quam·-
1497 1302 1528 1346 B
1552 1308 1744 1353 lambent
1760 1322 1934 1366 quoque
1957 1311 2210 1366 sanguinem
2237 1316 2376 1358 tuum.
2405 1326 2418 1352 ι
2447 1310 2489 1355 id
2513 1310 2634 1355 estin
2652 1310 2803 1357 eadem

1554 1384 1743 1440 regione.
1768 1382 1863 1427 Non
1885 1384 1999 1428 enim
2026 1383 2352 1439 intelligendum
2379 1391 2446 1428 est
2469 1385 2512 1428 in
2537 1384 2687 1429 eodem
2707 1385 2802 1428 loco
2876 1389 2879 1394 ·

1554 1458 1844 1514 singulariter.
1859 1458 1943 1510 Qui
1966 1458 2190 1513 respoudit
2213 1474 2221 1500 2
2246 1472 2259 1497 ι
2276 1457 2384 1500 Num
2402 1459 2603 1502 invenisti
2627 1470 2697 1502 me
2720 1458 2804 1503 ini·-

1553 1533 1716 1576 micum
1732 1534 1826 1582 tibi,
1859 1550 1873 1573 ι
1903 1532 1944 1576 id
1964 1539 2032 1576 est
2054 1545 2189 1587 quare
2208 1532 2447 1576 inimicaris
2492 1532 2626 1576 milii?
2647 1531 2701 1575 Et
2741 1534 2804 1576 ait

1554 1605 1699 1651 Elias:
1733 1621 1746 1646 ι
1776 1605 1837 1649 Eo
1854 1605 1969 1663 quod
1990 1605 2267 1654 venundatus
2283 1607 2348 1650 sis
2373 1605 2575 1656 diabolo,
2606 1621 2620 1647 ι
2647 1613 2698 1657 ut
2739 1603 2805 1648 fa·

1553 1671 1675 1724 ceres
1708 1679 1869 1722 maium
1909 1690 2057 1721 coram
2106 1678 2320 1731 Domino,
2354 1688 2580 1736 propterea
2616 1678 2806 1724 demetet

1554 1752 1764 1798 Dominus
1783 1753 2024 1808 posteriora
2043 1759 2133 1794 tua.
2162 1760 2205 1795 et
2221 1750 2342 1794 dabit
2371 1751 2545 1794 domum
2571 1757 2687 1795 tuam
2706 1785 2718 1804 ‚
2743 1751 2804 1797 si·

1554 1833 1627 1870 eut
1644 1827 1821 1871 domum
1843 1825 2073 1871 Jeroboam
2101 1832 2143 1869 et
2161 1825 2313 1870 Baasa.
2345 1824 2431 1870 Sed
2469 1834 2512 1870 et
2544 1827 2597 1871 de
2630 1826 2804 1872 Jezabel

1553 1900 1661 1945 dicit
1687 1899 1898 1944 Dominus
1929 1915 1938 1943 :
1967 1898 2109 1943 Canes
2150 1899 2379 1943 comedent
2414 1899 2587 1943 lezabel
2619 1899 2663 1943 in
2699 1912 2805 1956 agro

1551 1971 1781 2021 Jezrahel..
1804 1990 1817 2016 t
1844 1974 1993 2018 Achab
2021 1986 2123 2031 ergo
2143 1974 2303 2018 timens
2318 1973 2441 2017 valde
2455 2005 2468 2026 ,
2490 1973 2621 2017 scidit
2642 1981 2805 2019 vestem

1555 2058 1698 2096 suam,
1720 2042 1765 2090 et
1791 2045 1964 2102 operuit
1985 2057 2033 2089 se
2055 2046 2218 2096 cilicio,
2238 2051 2282 2089 et
2308 2046 2512 2090 dormivit
2532 2047 2574 2090 in
2597 2059 2743 2098 sacco,
2761 2050 2805 2093 ei

1553 2119 1791 2163 ambulavit
1809 2118 2000 2164 deinisso
2020 2119 2181 2178 capite.
2195 2119 2247 2163 Et
2265 2120 2326 2164 ait
2340 2120 2550 2165 Dominus
2575 2122 2626 2166 ad
2641 2121 2805 2182 Eliamj,

1559 2207 1575 2234 ι
1597 2191 1707 2246 Quia
1731 2191 1984 2237 humiliatus
2008 2199 2075 2236 est
2093 2192 2241 2236 Achab
2257 2205 2405 2237 eoram
2429 2207 2525 2247 me,
2559 2206 2648 2238 non
2678 2194 2806 2251 indu·

1553 2278 1648 2310 cam
1671 2267 1829 2308 malum
1855 2265 1938 2310 hoc
1957 2266 2003 2309 in
2026 2267 2180 2312 dicbus
2200 2267 2313 2322 eius,
2353 2267 2428 2312 sed
2470 2268 2514 2311 in
2547 2267 2703 2315 diebus
2729 2267 2804 2314 iiiii

1556 2340 1639 2383 sui.
1675 2354 1687 2379 s
1716 2338 1846 2388 Forte
1868 2339 2096 2383 dimissum
2116 2349 2180 2383 cst
2199 2342 2238 2383 ei
2259 2346 2485 2395 peccatum
2510 2347 2685 2396 propter
2702 2353 2808 2396 prae-

1555 2418 1722 2462 sentem
1772 2412 2007 2466 justitiam.
2037 2426 2051 2451 ‹
2076 2410 2360 2455 Transierunt
2403 2411 2535 2468 igitur
2570 2419 2660 2456 tres
2702 2412 2806 2456 ataui

1555 2490 1650 2530 sine
1670 2486 1784 2530 bello
1817 2487 1932 2532 iuter
1964 2487 2135 2545 Syrhmi
2159 2497 2201 2533 et
2232 2479 2363 2533 'lsrael
2389 2486 2484 2546 (111
2507 2489 2606 2546 Rea.
2631 2491 2758 2546 xxii),
2786 2505 2804 2530 ι

1553 2567 1731 2617 propter
1756 2561 1897 2606 soedus
1915 2562 2032 2617 quod
2057 2563 2262 2608 inierant.
2288 2563 2463 2609 interim
2500 2570 2645 2611 autem
2688 2563 2807 2609 Josa-

1554 2634 1657 2691 pbat
1680 2647 1753 2679 rex
1776 2633 1886 2678 Juda
1913 2637 2080 2692 aceepit
2106 2649 2282 2680 uxorem
2306 2637 2392 2679 silio
2407 2649 2487 2682 suo
2505 2637 2654 2682 loram
2672 2636 2809 2680 ¹Atha·-

1555 2707 1656 2750 liam
1681 2706 1812 2751 tiliam
1833 2708 2011 2760 Achab,
2058 2715 2105 2754 et
2146 2709 2347 2762 Jezabel,
2375 2716 2418 2754 ct
2439 2723 2515 2766 per
2555 2709 2806 2755 affinitatem

1554 2781 1839 2830 consoederati
1858 2789 1962 2843 sunt
1984 2795 2059 2827 ret
2076 2782 2187 2826 Juda
2215 2791 2258 2826 et
2282 2796 2353 2826 rex
2396 2781 2546 2829 lsrael.
2576 2782 2699 2827 Tunc
2732 2783 2811 2827 do·

1556 2854 1726 2902 stendit
1747 2855 1956 2911 iosaphat
1985 2857 2040 2899 ad
2061 2868 2208 2913 regem
2230 2854 2363 2900 lsrael
2386 2856 2644 2908 videndum,
2685 2864 2729 2900 et
2756 2868 2810 2900 eo

1556 2935 1767 2984 praesente
1788 2928 1898 2973 dixit
1914 2930 2064 2974 Achab
2082 2931 2221 2975 servis
2248 2930 2341 2975 suis
2361 2946 2371 2974 ι
2408 2946 2421 2971 ι
2452 2929 2609 2976 Nostra
2633 2936 2701 2974 est
2723 2928 2810 2974 Ba·

1557 3002 1675 3050 motii
1694 3015 1793 3057 quae
1810 3003 1942 3048 estin
1965 3002 2147 3054 Galaad,
2182 3016 2264 3046 cur
2298 3004 2555 3060 negligimus
2585 3014 2680 3048 eam
2727 3003 2810 3047 toi-

1556 3076 1646 3121 iere
1662 3077 1715 3123 de
1736 3088 1868 3121 manu
1886 3077 2001 3132 regis
2027 3075 2176 3134 Syriae.
2206 3077 2257 3118 Et
2281 3078 2340 3119 ait
2370 3077 2424 3120 ad
2448 3075 2657 3134 «iosaphat
2683 3092 2694 3123 z
2723 3075 2810 3119 vc.-

1556 3151 1651 3193 nies
1674 3161 1731 3193 ne
1753 3161 1920 3193 meeum
1947 3150 1999 3194 ad
2024 3150 2310 3206 praeliandum
2331 3151 2373 3193 in
2398 3149 2582 3194 Ramotb
2612 3150 2771 3195 Galaad
2792 3150 2811 3193 2

1557 3222 1640 3275 Qui
1685 3223 1947 3278 respondit:
1986 3222 2111 3266 Sicut
2145 3235 2256 3278 ego,
2298 3223 2358 3265 ita
2395 3231 2437 3265 et
2490 3229 2564 3273 tu,
2599 3222 2810 3279 populus

1558 3307 1698 3347 meus,
1717 3296 1900 3351 popl-tius
1921 3300 2040 3339 tuus.
2069 3294 2151 3338 Sed
2175 3307 2422 3351 quaeramus
2440 3295 2582 3347 hodie,
2612 3297 2811 3347 obsecro,

1558 3377 1804 3411 sermonem
1831 3363 2021 3412 Domini.
2049 3383 2062 3407 ι
2085 3367 2138 3412 Et
2166 3368 2292 3412 asciti
2333 3375 2432 3412 sunt
2465 3368 2565 3412 Baai
2594 3369 2812 3426 prophetin

1506 3459 1539 3503 D
1558 3442 1736 3485 circiter
1762 3442 2086 3497 quadringenti.
2117 3442 2280 3494 Quibus
2307 3453 2380 3485 rex
2396 3442 2458 3483 ait
2481 3456 2492 3485 :
2516 3456 2531 3482 r
2561 3440 2635 3485 Ibo
2661 3442 2704 3485 iu
2721 3441 2810 3485 Ra·

1562 3516 1682 3576 motii
1703 3515 1860 3561 Galaad
1883 3517 1935 3560 ad
1953 3516 2250 3574 pugnandum,
2273 3528 2327 3559 an
2351 3518 2572 3572 quiescam
2593 3516 2612 3558 i
2632 3515 2717 3570 Qui
2741 3516 2811 3561 di·

1564 3596 1720 3635 xerunt
1747 3606 1757 3634 z
1781 3590 1994 3642 Ascende,
2021 3597 2064 3634 et
2100 3590 2310 3634 Dominus
2339 3589 2461 3634 dabit
2491 3602 2587 3634 eam
2611 3589 2655 3632 in
2682 3601 2812 3634 manu

1564 3664 1695 3720 regis.
1720 3663 1774 3707 Et
1797 3665 1856 3708 ait
1882 3663 2092 3721 ,iosaphat
2117 3679 2126 3708 :
2155 3663 2267 3707 Num
2293 3670 2360 3707 est
2395 3663 2468 3706 hie
2499 3663 2711 3718 propbeta
2727 3661 2814 3707 Do-

1564 3736 1809 3781 mini2Cui
1834 3736 2014 3780 Achab:
2041 3735 2269 3779 kleinansit
2306 3747 2421 3779 unus
2460 3734 2664 3779 Michaeas
2699 3734 2814 3779 iilius

1562 3806 1715 3862 Jemta,
1750 3825 1764 3851 ι
1794 3810 1869 3852 sed
1890 3809 1959 3852 odi
1986 3821 2103 3857 eum,
2124 3808 2227 3863 quia
2251 3819 2347 3852 nun¹
2365 3808 2590 3863 prophetat
2606 3807 2715 3852 mihi
2735 3807 2815 3851 bo·

1564 3893 1696 3934 num;
1721 3881 1902 3936 putabat
1925 3880 2117 3935 reliquos
2143 3878 2314 3922 occisos
2337 3891 2360 3920 a
2384 3876 2573 3921 lezabel.
2598 3876 2722 3921 Tunc
2746 3887 2816 3932 pe-
2869 3916 2871 3920 ,

1565 3961 1680 3998 tent-e
1704 3954 1914 4010 Josaphat
1930 3960 2112 3998 vocatus
2134 3959 2200 3996 est
2227 3951 2447 4003 Michaeas,
2485 3957 2527 3995 et
2557 3951 2814 3995 hortabatur

1563 4043 1661 4073 eum
1680 4030 1877 4080 nuntius,
1906 4034 1953 4071 ut
1977 4029 2087 4071 buna
2132 4027 2222 4082 regi
2262 4026 2459 4078 diceret,
2495 4027 2605 4069 sicut
2642 4032 2686 4068 et
2723 4024 2812 4069 aiii.

1565 4099 1647 4152 Qui
1666 4099 1889 4155 respondit
1913 4113 1928 4143 z
1957 4115 1972 4140 ι
2002 4098 2118 4141 Vivit
2145 4097 2354 4140 Dominus
2371 4130 2382 4149 ,
2409 4099 2509 4153 quia
2526 4096 2814 4153 quodcunque

1565 4173 1723 4215 dixerit
1749 4174 1851 4215 inihi
1872 4174 2079 4216 Dominus
2098 4173 2179 4215 hoc
2201 4172 2369 4227 loquar.
2386 4170 2522 4214 Porro
2558 4172 2599 4214 in
2628 4169 2813 4226 pseudo·
2880 4160 2896 4167 ²

1566 4246 1787 4301 prophetis
1805 4253 1899 4288 erat
1918 4245 2124 4290 Sedecias
2147 4244 2293 4288 serens
2317 4255 2480 4287 cornua
2500 4243 2654 4294 terrea,
2681 4248 2724 4286 et
2742 4241 2812 4284 di·
2888 4252 2890 4254 ·

1565 4331 1669 4363 cens
1691 4319 1746 4364 ad
1763 4319 1937 4364 Achab:
1963 4334 1976 4359 ι
1999 4318 2096 4363 Haec
2118 4317 2223 4373 dicit
2242 4315 2476 4361 Dominus:
2497 4315 2812 4376 flisventilabis

1565 4390 1756 4448 Syriam,
1773 4390 1915 4435 donec
1934 4391 2081 4435 deleas
2101 4400 2214 4440 eam,
2249 4404 2264 4430 ι
2291 4387 2334 4430 id
2359 4393 2426 4430 est
2443 4387 2525 4430 boe
2562 4387 2732 4442 signum
2757 4387 2811 4428 do

1567 4463 1663 4518 tibi,
1689 4463 1793 4520 quia
1822 4462 2054 4508 ventilabis
2077 4459 2266 4518 Syriam.
2294 4457 2416 4503 Tunc
2434 4459 2632 4516 quaesivit
2665 4459 2813 4514 Achai)
2892 4491 2896 4498 .

2884 4508 2897 4562 «ἑ
