2924 4588
285 119 395 166 1607

1278 106 1439 151 Ptt‘rtu
1467 105 1813 157 co-uESTOtuS

2726 103 2838 150 1608

284 218 408 256 vocat
426 222 522 255 eum
542 202 769 252 Dominum
787 202 1093 256 suum,dicens
1114 214 1125 243 z
1144 216 1160 242 ι
1185 200 1519 244 DixitDominus
1541 206 1578 251 A
1599 211 1701 244 vero
1740 209 2015 254 ,nequaquam
2055 197 2382 250 sanctificabant
2418 197 2508 243 illa.
2542 196 2694 241 Adhuc
2716 199 2840 243 multi

282 272 466 326 bomine
491 274 601 330 meO,
627 279 727 323 sede
747 290 770 319 a
793 275 956 319 dextris
979 274 1121 318 meis?
1144 289 1158 314 ›
1183 273 1322 329 (Psal.
1353 275 1449 328 cu.)
1475 272 1521 315 Si

286 355 423 398 David
451 359 576 397 vocat
613 363 709 395 eum
754 349 1014 399 Dominum,·
1040 345 1256 401 quomodo
1274 346 1390 389 filius
1427 346 1522 401 eius

286 428 379 471 est?
398 443 410 467 ι
434 423 603 481 (ΜαιιΙι.
630 435 746 474 xxm
773 420 909 464 Marc.
932 423 1017 472 x'n3
1042 418 1144 462 Luc.
1173 417 1266 471 xx.)
1297 417 1431 470 Quasi
1451 418 1520 462 di-

286 507 385 542 cat:
419 496 504 540 Vos
523 495 685 552 putatis
712 493 934 537 Christum
976 492 1167 535 futurum
1191 502 1345 546 purum
1383 490 1524 534 homi·-

286 582 401 620 nem,
425 579 528 623 ergo
553 565 725 621 quando
749 571 841 608 crat
884 563 1034 613 David,
1062 562 1250 606 nondum
1277 568 1372 605 erat
1397 561 1525 606 Chri-

287 646 396 689 stus,
423 651 502 683 nec
530 651 631 693 ergo
655 642 747 681 erat
781 636 989 679 Dominus
1029 634 1179 677 David.
1227 633 1430 677 Mentitus
1458 642 1526 678 est

285 724 386 768 ergo
409 710 560 760 David,
586 715 627 753 et
650 721 873 765 perperam
905 709 1078 751 locutus
1102 713 1184 750 est.
1215 706 1367 751 Potius
1405 707 1522 752 enim

286 794 427 842 patres
453 789 567 833 sunt,
612 788 654 825 et
699 781 903 825 dicuntur
946 780 1108 822 domiui
1147 779 1352 830 fitiorum,
1392 791 1524 834 quam

287 859 362 900 tilii
388 861 631 913 parentum.
656 853 790 897 Judaei
817 853 1034 897 somniant
1054 852 1170 895 hunc
1189 851 1405 897 Psalmum
1420 852 1528 895 scri-

286 938 406 986 ptum
443 932 486 972 in
511 939 694 984 persona
718 926 899 975 Eliezer,
920 926 995 980 qui
1018 930 1115 981 post
1141 924 1298 968 caedcm
1333 924 1526 982 quinque

288 1015 451 1058 regum,
474 1003 532 1044 ait
555 1017 565 1044 :
597 1016 611 1041 ‹
638 1000 754 1042 Dixit
795 999 1000 1043 Dominus
1026 998 1203 1041 Domino
1226 1009 1323 1040 meo
1339 1028 1350 1047 ‚
1377 997 1476 1040 sede
1500 1009 1523 1039 a

286 1074 449 1118 dextris
471 1073 594 1123 meis,
625 1087 638 1113 i
670 1072 746 1116 sed
769 1072 992 1126 sequentia
1029 1070 1184 1126 psalmi
1217 1081 1306 1112 non
1341 1081 1527 1112 concur-

288 1152 403 1188 runt.

286 1233 387 1281 Car.
420 1230 640 1277 CXXXUI.
675 1232 734 1274 De
752 1230 986 1273 doctoribus
1012 1229 1272 1274 Pltarisaicis
1289 1230 1522 1282 audiendis,

732 1301 811 1330 uon
842 1286 1076 1331 imitandis.

346 1377 360 1402 ‹
390 1361 692 1405 Tunclocutus
706 1368 770 1403 cst
794 1359 919 1402 Jcsus
942 1359 995 1402 ad
1016 1360 1166 1403 turbas
1189 1366 1231 1402 et
1257 1359 1522 1415 discipulos:

288 1434 424 1490 Super
453 1433 700 1476 cathedram
726 1431 855 1488 Moysi
882 1432 1086 1475 sederunt
1110 1431 1272 1479 Scribae
1304 1438 1346 1476 et
1372 1431 1525 1474 Phari-

286 1509 375 1551 saei.
413 1507 516 1560 Quae
539 1508 687 1550 dicunt
712 1507 854 1556 facite,
889 1519 984 1562 quae
1018 1506 1180 1550 faciunt
1216 1507 1348 1551 nolite
1387 1507 1526 1550 lacere

287 1579 457 1636 (Manli.
480 1578 627 1634 xxm).
650 1594 663 1619 ι
687 1577 778 1620 Non
805 1577 1045 1620 sanctificat
1063 1578 1182 1623 locus
1197 1579 1430 1628 hominem,
1451 1577 1525 1621 sed

286 1653 416 1695 homo
453 1652 611 1700 locunt.
651 1650 743 1693 Non
785 1650 926 1693 omnis
959 1650 1163 1694 sacerdos
1203 1655 1406 1702 sanctus,
1450 1649 1525 1693 sed

286 1725 422 1768 omnis
435 1732 610 1770 sanctus
629 1724 847 1768 sacerdos.
870 1724 1115 1767 Doctrinam
1134 1723 1415 1777 accipiamus,
1435 1735 1524 1766 non

285 1807 442 1843 mores.
468 1794 619 1852 apibus
638 1793 780 1837 herbae
804 1794 1060 1837 necessariae
1081 1805 1170 1837 non
1200 1800 1317 1844 sunt,
1343 1793 1419 1836 sed
1447 1792 1528 1836 sso-

285 1880 371 1911 res.
407 1865 459 1910 Et
494 1856 695 1911 addidit:
739 1881 754 1907 ι
802 1855 989 1908 Dilatant
1023 1865 1318 1922 phylacteria‘
1357 1876 1451 1915 sua,
1483 1871 1526 1908 et

284 1941 559 1998 magnificant
582 1939 789 1991 fimbrias,
824 1955 837 1980 ι
867 1940 1023 1994 quibus
1042 1938 1342 1995 appendebant
1358 1939 1524 1994 spinas,

283 2000 464 2069 quarum
481 2014 728 2069 punctione,
751 2012 854 2068 legis
871 2011 1030 2067 jugiter
1046 2011 1391 2064 recordarentur,
1411 2012 1524 2068 quod

286 2099 416 2143 supra
438 2086 678 2142 expositum
703 2090 785 2135 est,
812 2091 854 2128 et
878 2090 1022 2126 amant
1040 2085 1184 2128 vocari
1205 2083 1359 2128 Rabbi.
1391 2099 1406 2125 ι
1439 2084 1526 2129 Vos

286 2167 425 2202 autem
453 2159 585 2202 nolite
621 2158 765 2202 vocari
797 2157 964 2200 Rabbi:
992 2156 1113 2201 Unus
1147 2162 1213 2202 est
1241 2157 1357 2201 enim
1393 2158 1527 2215 Magi-

286 2238 374 2274 ster
394 2238 549 2275 vester.
574 2230 624 2273 Et
647 2236 811 2286 patrem
832 2231 965 2274 nolite
987 2242 1138 2273 vocare
1160 2231 1284 2276 vohis
1300 2243 1429 2287 super
1442 2237 1529 2275 ter·

285 2316 395 2347 ram.
420 2301 537 2346 Unus
553 2310 619 2348 est
636 2303 749 2346 enim
770 2302 898 2346 Pater
917 2310 1073 2353 vester,
1098 2301 1173 2357 qui
1191 2301 1235 2345 in
1256 2303 1379 2346 coelis
1397 2309 1483 2347 est.
1507 2317 1522 2344 ι

279 2361 380 2417 Non
405 2374 600 2430 prohibet
621 2374 826 2417 Dominus
848 2373 1089 2416 doctrinam
1113 2385 1243 2429 super
1260 2373 1524 2427 cathedram,

287 2458 365 2489 nec
387 2446 666 2490 salutationes
690 2446 732 2491 iu
764 2445 876 2497 toro,
902 2458 982 2489 nec
1013 2446 1187 2489 nomina
1219 2445 1427 2502 Magistri,
1460 2447 1529 2491 vel

286 2521 442 2572 Patris,
470 2522 543 2566 sed
565 2522 839 2565 ambitionem
864 2527 906 2564 et
928 2533 1080 2564 vanam
1107 2522 1303 2577 gloriam.

343 2595 356 2610 ·
374 2590 544 2634 Addicto
572 2591 611 2635 l.
637 2591 672 2633 A
707 2591 904 2647 phylaxe,
929 2591 1043 2646 quod
1076 2597 1141 2634 est
1171 2604 1354 2645 servare,
1377 2597 1422 2637 et
1463 2598 1529 2635 to«

286 2676 377 2711 rac,
403 2664 515 2719 quod
547 2669 618 2707 est*
653 2664 734 2706 lex.
762 2663 964 2706 Rotulum
987 2665 1102 2707 enim
1126 2664 1344 2708 habebant
1369 2677 1530 2723 appen-

286 2738 455 2780 dentem
475 2737 591 2780 collo
609 2737 675 2780 vel
702 2737 898 2787 brachio,
923 2736 967 2779 in
999 2748 1084 2793 quo
1120 2738 1281 2794 scripta
1304 2745 1428 2782 erant
1450 2738 1531 2783 ,de-

287 2821 378 2852 cem
402 2816 613 2866 praeeepta
635 2809 756 2865 legis,
781 2810 845 2852 vel
870 2809 1132 2866 phylacteria
1150 2809 1355 2854 dicuntur
1377 2822 1401 2852 a
1421 2810 1533 2866 phy'-

287 2883 398 2935 laxe,
419 2895 442 2924 a
474 2883 629 2933 terion,
669 2882 782 2938 quod
818 2888 884 2927 est
921 2883 1159 2936 rotundum,
1195 2890 1238 2927 et
1260 2885 1533 2941 appellantur

288 2954 552 3010 phylacteria
568 2954 765 3010 pyxides,
791 2955 835 2997 in
867 2956 1024 3010 quibus
1042 2956 1364 3012 reponebantur
1391 2964 1534 3006 extre-

287 3029 461 3071 mitates
478 3026 773 3081 reliquiarum,
794 3034 839 3070 ut
862 3027 1001 3084 digiti,
1027 3029 1091 3072 vel
1116 3029 1249 3073 aliud.

371 3100 475 3145 Car.
506 3099 732 3144 CXXXIV.
769 3100 927 3153 Quibus
952 3102 1122 3144 debetur
1143 3116 1200 3146 voe
1229 3110 1448 3149 (eternum.

343 3174 408 3217 Ad
430 3173 741 3218 ostendendum
767 3179 909 3218 autem
939 3187 1034 3230 quae
1060 3176 1103 3218 in
1126 3161 1356 3222 Pharisaeis
1381 3178 1535 3222 doceat

290 3244 496 3293 cavenda,
524 3244 697 3288 subdit:
727 3259 742 3285 ι
771 3244 843 3289 Vae
874 3246 1013 3296 vobis,
1048 3246 1120 3302 qui
1158 3247 1334 3303 diligitis
1371 3248 1533 3304 primas

290 3317 532 3360 cathedras.
561 3315 632 3360 Vae
656 3318 792 3368 vobis,
816 3317 1019 3362 Pharisaei
1051 3319 1296 3376 hypocritae,
1319 3321 1392 3377 qui
1414 3321 1534 3366 sertis

1560 2361 1581 2380 ,Δ

1601 273 1751 316 codem
1778 272 1880 314 vitio
1905 271 2117 319 laborant,
2142 272 2213 326 qui
2240 277 2393 325 putant
2423 271 2562 326 maJus
2584 283 2681 315 esse
2693 272 2841 328 jurare

1602 357 1679 400 per
1702 344 1999 400 Evangelium.
2031 356 2161 398 quam
2191 355 2266 398 per
2290 343 2438 387 Deum.
2465 359 2480 384 ι
2512 342 2584 386 Va:
2617 345 2742 388 vobis
2764 346 2838 401 qui

1601 417 1825 460 decimatis
1855 428 1984 464 ornae
2008 416 2120 466 olus,
2145 422 2187 463 et
2223 415 2469 471 relinquitis
2500 415 2841 459 misericordiam

1602 495 1643 533 et
1657 488 1886 543 mareium.
1918 503 1933 530 »
1954 487 2045 533 uoe
2063 472 2256 539 verbim,
2287 488 2527 542 decimatis,
2554 487 2731 532 dubium
2756 494 2838 539 est.

1601 559 1708 602 Nam
1731 565 1773 602 et
1805 560 1879 615 qui
1904 559 2077 615 accipit,
2128 565 2172 603 ct
2204 560 2278 615 qui
2316 559 2390 604 dat
2419 556 2636 603 decimare
2666 561 2840 605 dicitur.

1602 631 1806 674 Pharisaei
1825 637 1966 674 autem
1993 631 2089 674 ideo
2110 632 2276 674 olerum
2297 631 2490 675 decimas
2506 631 2680 685 dabant,
2699 638 2748 676 ut
2777 633 2846 679 di·

1603 710 1788 755 seretur,
1811 703 2027 759 quomodo
2048 705 2145 747 aliis
2174 717 2260 748 non
2283 702 2401 756 dant,
2419 706 2492 761 qui
2515 705 2594 750 has
2617 706 2720 751 dare
2755 717 2847 754 non

1604 778 1844 832 negligunt.
1878 775 2035 820 Levitae
2077 782 2220 820 autem
2240 778 2347 820 adeo
2375 778 2604 833 exigebant
2631 778 2841 832 decimas,

1604 851 1717 905 quod
1735 852 1862 895 etiam
1890 851 2074 894 olerum.
2100 849 2203 894 Item
2227 865 2238 893 2
2262 866 2277 892 ‹
2307 849 2380 894 Vae
2411 852 2533 896 vobis
2572 852 2704 897 duces
2722 852 2842 906 caeci,

1604 926 1676 980 qui
1736 926 1928 968 colantes
1983 924 2165 967 culicem
2188 953 2201 980 ς
2224 924 2511 980 transglutitis
2550 926 2779 970 camelum.
2824 928 2841 969 ἰ

1602 996 1683 1040 Per
1705 995 2031 1040 similitudinem
2052 997 2193 1046 lactis,
2209 994 2324 1052 quod
2339 997 2506 1039 colatur
2523 997 2684 1041 dictum
2703 998 2846 1041 cst.Et
2923 994 2924 1029 ἶ

1604 1076 1744 1126 potest
1766 1069 1916 1114 referri
1940 1069 1992 1110 ad
2012 1069 2215 1124 praedicta
2242 1069 2304 1111 sic
2330 1085 2339 1111 :
2366 1069 2557 1122 Minima,
2593 1071 2705 1114 sicut
2734 1066 2848 1114 culi-

1604 1154 1716 1192 cem,
1754 1138 1980 1198 diligenter
2027 1141 2263 1196 inquiritis,
2310 1147 2355 1184 ut
2393 1142 2584 1188 decimas
2609 1174 2620 1194 ,
2661 1129 2844 1204 maJora,

1608 1215 1772 1258 scilicet
1790 1214 2149 1272 misericordiam'
2175 1221 2217 1258 et
2235 1215 2464 1269 Judicium,
2492 1217 2776 1268 absconditis,
2798 1223 2853 1261 ut‘

1549 1275 1583 1318 Β
1605 1289 1721 1343 quod
1747 1289 1931 1344 glutitur
1963 1288 2262 1332 absconditur.
2291 1288 2366 1332 Vel
2391 1290 2443 1332 ad
2474 1289 2517 1332 id
2543 1291 2656 1345 quod
2682 1291 2848 1334 dictum>

1604 1370 1700 1407 est«
1718 1364 1850 1406 duces
1868 1364 1986 1415 caeci,
2007 1379 2021 1404 ι
2039 1364 2238 1416 trabitur,
2255 1363 2313 1405 ita
2335 1379 2343 1407 :
2365 1363 2528 1406 Minora
2545 1370 2720 1419 peccata
2743 1364 2847 1407 sub-

1605 1435 1791 1479 ditorum
1815 1433 2043 1491 diligenter
2064 1436 2261 1491 arguitis,
2303 1436 2514 1491 projicitis
2553 1435 2766 1492 graviora,
2803 1443 2847 1477 et

1605 1507 1918 1550 dissimulando
1957 1507 2169 1551 transi-tis.
2214 1507 2319 1551 Item
2360 1523 2370 1551 :
2411 1522 2426 1548 ‹
2479 1507 2552 1551 Vae
2581 1507 2723 1557 vobis,
2768 1505 2847 1562 qui

1605 1582 1768 1626 similes
1795 1581 1902 1625 estis
1944 1581 2156 1636 sepulcris
2199 1581 2426 1631 dealbatis,
2453 1592 2548 1636 quae
2581 1570 2708 1636 plena
2745 1585 2850 1624 sunt

1605 1655 1723 1699 omui
1761 1654 1985 1710 spurcitia.
2016 1669 2031 1695 ι
2055 1653 2195 1698 ltem:
2234 1667 2248 1694 α
2278 1652 2351 1696 Vae
2389 1653 2543 1705 vobis,
2608 1653 2683 1708 qui
2741 1653 2852 1696 aedi-

1606 1730 1744 1772 ficatis
1784 1729 1983 1783 sepulcra
2022 1726 2348 1783 prophetarum,
2380 1727 2675 1770 ct-damnatis
2705 1735 2847 1782 patres

1604 1807 1789 1853 vcstros,
1814 1802 1888 1856 qui
1916 1812 1992 1844 eos
2018 1798 2287 1844 occiderunt.
2329 1798 2557 1843 Genimina
2581 1800 2863 1856 viperarum„
2908 1833 2912 1836 .

1604 1887 1682 1919 vos
1725 1874 1898 1930 implete
1938 1884 2190 1917 mensuram
2219 1876 2390 1928 patrum
2430 1877 2693 1916 vestrorum.
2727 1870 2849 1915 Unde

1604 1947 1710 1991 dicit
1727 1947 1782 1991 ad
1803 1959 1880 1991 vos
1898 1946 2111 2001 sapientia
2130 1944 2204 1989 Dei
2228 1960 2238 1989 z
2259 1943 2422 1987 Mittam
2449 1943 2502 1987 ad
2519 1956 2597 1988 vos
2613 1945 2846 2000 sapientes,

1604 2029 1646 2069 et
1663 2023 1848 2073 scribas,
1873 2026 1916 2066 et
1946 2033 2000 2064 ex
2040 2019 2127 2063 illis
2162 2018 2388 2069 occidetis,
2420 2024 2468 2062 et
2505 2018 2782 2076 crucifigetis,
2806 2023 2849 2060 et

1604 2095 1879 2153 flagellabitis
1923 2095 1968 2137 in
1998 2092 2230 2150 synagogis
2253 2091 2426 2136 vestris.
2455 2106 2471 2133 ι
2498 2089 2579 2134 llic
2602 2095 2738 2146 patet,
2762 2089 2850 2133 hoe-

1606 2170 1788 2215 relicum
1812 2167 2001 2219 mentiri,
2022 2166 2096 2223 qui
2121 2166 2242 2218 dicit,
2282 2165 2414 2210 alium
2448 2163 2582 2209 Deum
2620 2175 2717 2208 esse
2749 2175 2852 2219 pro-

1606 2243 1860 2300 phetarum,
1900 2248 1942 2285 et
1971 2241 2104 2284 aliurn
2139 2240 2240 2283 novi
2284 2237 2545 2283 testamenti.
2576 2253 2590 2277 ι
2616 2236 2672 2280 Ut
2708 2232 2851 2280 veniat

1549 2335 1580 2374 Γ
1609 2328 1850 2372 supervos,
1874 2331 1889 2356 ι
1913 2315 1956 2358 id
1973 2320 2040 2359 est
2062 2325 2196 2370 super
2221 2312 2460 2357 Ecclesiam
2500 2310 2849 2367 malignantium,

1613 2404 1627 2429 ι
1657 2389 1798 2432 omnis
1820 2387 1999 2445 sanguis
2018 2387 2180 2443 justus,
2219 2401 2236 2428 i
2282 2385 2325 2429 iel
2362 2393 2430 2430 est
2468 2385 2575 2428 ultio
2615 2385 2861 2443 iustorum,

1613 2477 1627 2504 ι
1657 2474 1681 2506 a
1705 2463 1915 2518 sanguine
1937 2461 2041 2505 Abel
2058 2461 2164 2516 justi
2187 2472 2326 2516 usque
2345 2460 2395 2505 ad
2416 2459 2668 2515 sanguinem
2694 2457 2855 2500 Zacha-

1610 2534 2032 2585 riaessliiBai-achiae,
2062 2545 2190 2589 quem
2220 2529 2445 2576 occidistis
2491 2531 2603 2575 inter
2646 2530 2850 2586 ternplum

1609 2614 1652 2652 et
1667 2608 1820 2651 altare.
1846 2623 1862 2649 ι

1664 2679 1852 2724 ‘Additio
1875 2680 1915 2724 t.
1945 2678 2194 2736 Proselytus
2247 2679 2417 2735 proprie
2472 2677 2631 2722 dicitur
2650 2708 2662 2729 ,
2694 2676 2767 2734 qui
2799 2675 2854 2721 de

1609 2754 1757 2811 gentili
1781 2753 1923 2797 factus
1941 2759 2007 2796 est
2027 2751 2216 2796 Judaeus.
2251 2751 2455 2804 Quamvis
2485 2749 2658 2806 quid-am
2689 2749 2851 2800 dicant,

1612 2828 1725 2884 quod
1749 2829 1994 2884 proselytus
2014 2839 2036 2869 a
2054 2826 2313 2881 prosiliendo
2352 2825 2404 2870 de
2443 2825 2682 2882 gentilitate
2700 2823 2753 2867 ad
2777 2822 2854 2867 Ju-

1611 2901 1843 2951 daismum,
1861 2907 1903 2945 et
1923 2913 1946 2943 e
1963 2900 2186 2944 contrario
2203 2900 2389 2944 dicatur.

1667 2974 1873 3018 ''ildditio
1896 2975 1939 3018 2.
1965 2974 2056 3019 Hoc
2073 2974 2209 3018 altare
2226 2979 2437 3017 mutatum
2467 2973 2548 3016 l'uit
2572 2984 2594 3015 a
2625 2971 2854 3017 Saracenis

1613 3049 1658 3093 in
1673 3049 1966 3106 horologium,
1991 3055 2032 3093 et
2058 3048 2199 3091 adhue
2220 3047 2355 3091 videri
2383 3052 2541 3103 potest.

1694 3155 1796 3214 civ.
1821 3154 2026 3199 cxxxv.
2066 3154 2126 3198 De
2143 3155 2355 3199 Zacharia
2400 3154 2489 3211 fitia
2512 3121 2756 3200 amam.

1669 3244 1715 3288 Si
1741 3251 1883 3288 autem
1909 3246 1961 3290 de
1980 3246 2207 3292 undecimo
2225 3246 2547 3301 prophetatum,
2568 3246 2635 3290 vel
2661 3245 2715 3289 de
2732 3251 2854 3301 patre

1611 3316 1789 3361 Joaunis
1830 3318 2033 3373 Baptistae
2064 3319 2251 3369 dicatur,
2297 3319 2410 3374 quod
2448 3318 2576 3362 suerit
2609 3318 2781 3362 occisus
2808 3317 2853 3360 in

291 3388 452 3431 clavem
476 3388 683 3439 scientiae,
696 3395 739 3432 et
766 3390 967 3434 clauditis
991 3404 1167 3446 regnum
1195 3393 1402 3437 coetorum
1433 3401 1531 3439 ante
1555 3407 1590 3450 ι)
1615 3391 1789 3446 templo,
1821 3403 1908 3434 1¹0¹!
1932 3392 2103 3446 legitur·
2121 3390 2268 3434 Potest
2292 3403 2394 3446 ergo
2412 3390 2497 3433 dici
2512 3389 2565 3434 de
2589 3391 2675 3434 filio
2691 3389 2854 3433 loiadae

292 3461 501 3504 homines.
527 3459 600 3505 ἵει),
622 3462 760 3513 vobis,
787 3467 858 3517 qui
878 3463 1093 3507 devoratis
1111 3465 1262 3509 domos
1285 3466 1529 3520 viduarum,

292 3544 355 3576 vae
378 3533 499 3577 vobis
516 3534 589 3589 qui
607 3533 847 3579 circumitis
868 3549 1001 3587 mare,
1031 3543 1072 3580 ct
1091 3539 1272 3589 aridam,
1296 3546 1340 3583 ut
1364 3539 1534 3585 faciatis

295 3617 426 3647 unum
457 3607 735 3663 proselytum·
763 3606 931 3664 (Malui.
970 3622 1096 3664 xx1u3
1123 3611 1225 3657 Lac.
1252 3614 1330 3667 xi),
1361 3629 1375 3655 ι
1404 3613 1445 3657 id
1467 3621 1533 3659 est

297 3678 484 3734 aliquem
500 3680 705 3734 gentilem
727 3681 933 3724 advenam
959 3683 1143 3728 trahatis
1170 3685 1223 3727 ad
1244 3684 1530 3739 Iudaismum,

300 3764 315 3789 ι
338 3749 541 3795 etfacilis
573 3765 671 3795 eum
711 3755 915 3810 gehennae
946 3755 1078 3799 silium
1111 3756 1242 3812 duplo
1274 3770 1402 3814 quarn
1441 3772 1531 3812 vos,

297 3822 396 3876 quia
431 3822 598 3867 rediens
638 3824 691 3867 ad
730 3828 935 3870 vomitum
957 3859 968 3878 ,
1003 3828 1124 3884 peJor
1160 3836 1227 3873 est
1250 3843 1384 3887 quam
1416 3839 1532 3884 ante,

299 3896 398 3949 quia
417 3896 736 3951 praevaricator.
765 3899 838 3945 Vae
861 3902 998 3953 vobis,
1033 3904 1106 3957 qui
1134 3902 1294 3956 dicitis,
1315 3906 1391 3962 qui
1418 3906 1537 3963 jurat

298 3980 374 4022 per
407 3969 611 4025 templum
647 3971 758 4017 nihil
784 3979 865 4023 est,
907 3974 979 4028 qui
1002 3982 1142 4019 autem
1168 3979 1209 4019 in
1229 3989 1337 4021 auro
1371 3978 1534 4036 templi,

300 4039 447 4094 debet3
474 4044 546 4101 qui
570 4056 645 4099 per
666 4044 814 4094 altare.
845 4047 952 4090 nihil
992 4055 1074 4099 est,
1108 4051 1178 4105 qui
1230 4050 1274 4100 in
1313 4063 1360 4096 re
1394 4052 1535 4096 oblata

302 4112 565 4167 superillud,
605 4114 746 4158 debet.
775 4131 789 4156 ι
819 4115 1088 4170 Sacerdotes,
1124 4127 1170 4163 ut
1205 4120 1437 4168 invitarent
1459 4135 1536 4178 po-

301 4182 448 4238 pulum
468 4183 523 4226 ad
547 4183 869 4237 immolandum,
894 4188 1110 4242 dicebant,
1135 4191 1234 4235 data
1254 4194 1334 4236 sibi
1358 4201 1400 4238 et
1417 4194 1536 4238 obla-

303 4262 347 4296 ta
371 4257 586 4299 sanctiora
614 4269 710 4302 esse
746 4261 840 4314 ipso
877 4263 1035 4316 templo
1072 4269 1114 4307 et
1160 4266 1299 4310 altari.
1332 4266 1539 4312 Dominus

303 4325 411 4368 dixit
433 4335 625 4379 econtra,
659 4331 759 4385 quia
798 4334 1002 4388 templum
1031 4342 1072 4379 et
1100 4337 1267 4381 altare·
1294 4340 1541 4383 sanctifica·

305 4397 407 4440 bant
426 4398 469 4442 in
496 4399 558 4443 cis
573 4401 731 4454 oblata,
767 4403 868 4460 quia
900 4399 988 4452 Deo
1025 4407 1165 4452 dicata
1207 4417 1347 4463 eraut,
1385 4412 1532 4457 oblata

1615 3464 1854 3512 sacerdotis
1894 3475 2020 3518 quem
2060 3461 2162 3507 Joas
2197 3463 2373 3515 occidit,
2410 3469 2457 3505 ut
2498 3463 2650 3518 legitur
2671 3463 2713 3506 in
2743 3463 2853 3506 libro

1620 3536 1786 3593 Regum
1831 3536 1916 3594 (IV
1934 3536 2034 3593 Περ.
2064 3537 2130 3592 u).
2163 3536 2214 3579 Et
2259 3535 2370 3579 sorte
2407 3543 2528 3591 pater
2566 3536 2661 3589 eius
2694 3548 2854 3591 cogno-

1613 3613 1803 3655 minatus
1819 3618 1886 3655 est
1906 3610 2154 3662 Barac-hias,
2190 3610 2256 3654 vel
2282 3622 2359 3665 pro
2383 3609 2573 3652 nominis
2600 3609 2854 3664 interpreta-

1615 3686 1731 3730 tione
1755 3687 1940 3740 positum
1971 3691 2052 3729 est.
2097 3684 2328 3728 Bar-achias
2356 3684 2470 3726 cnirn
2498 3683 2730 3726 benedictus
2766 3682 2855 3727 Do·
2915 3676 2918 3680 ¹

1615 3762 1717 3803 mini
1757 3761 2083 3814 interpretatur.
2129 3759 2177 3802 Et
2205 3768 2271 3802 est
2308 3758 2383 3800 tilii
2423 3757 2660 3807 Baracbiae,
2698 3758 2741 3801 id
2781 3763 2854 3802 ⁴cst

1618 3832 1817 3875 benedicti
1842 3832 2023 3875 Domini.
2062 3830 2108 3874 In
2139 3830 2369 3887 Evangelio
2401 3829 2723 3874 Nazaraeorum'
2751 3830 2850 3885 legi·

1617 3903 1872 3947 turJoiadae.
1892 3902 2112 3946 Pastorem
2151 3908 2292 3946 autem
2315 3902 2477 3956 ovium,
2510 3908 2553 3946 et
2586 3901 2855 3946 sacerdotem

1618 3982 1781 4021 tantum
1808 3974 2317 4026 coinmemoravitlesus,
2346 3982 2396 4018 ut
2414 3975 2500 4018 duo
2531 3975 2754 4021 hominum
2783 3987 2857 4031 ge·

1619 4061 1723 4093 nera
1739 4055 1925 4099 notaret,
1951 4049 2149 4093 subditos
2173 4055 2214 4092 et
2247 4049 2462 4104 praelatos.
2488 4047 2601 4090 Nulli
2641 4048 2753 4091 enim
2782 4058 2857 4107 ge-

1618 4121 1707 4164 neri
1727 4119 1863 4175 parcit
1884 4131 2012 4174 prava
2035 4117 2271 4174 generatio.

1676 4192 1864 4246 *Additio
1889 4194 1929 4236 l.
1948 4192 2178 4237 Nazaraeus
2204 4196 2344 4241 sonat,
2377 4197 2564 4241 sanctus,
2597 4189 2661 4233 vel
2685 4189 2852 4243 florem.
2900 4216 2908 4223 ·

1622 4265 1686 4308 vel
1705 4249 1966 4319 germinans,
1987 4264 2268 4312 etdicebatur
2297 4262 2504 4312 Nazaraei,
2543 4262 2615 4316 qui
2661 4273 2715 4304 ex
2756 4268 2856 4303 voto

1622 4337 1866 4391 obligabant
1887 4347 1934 4380 se
1962 4335 2273 4385 sanctimoniae,
2313 4345 2452 4389 usque
2477 4333 2529 4376 ad
2550 4336 2718 4375 certum
2751 4339 2862 4374 tern-

1621 4422 1718 4467 pus,
1752 4410 1818 4453 vel
1853 4409 2030 4467 iugiter,
2068 4415 2116 4452 ut
2155 4408 2354 4451 Samuel:
2383 4421 2399 4447 ι
2428 4404 2479 4449 Ει
2522 4404 2731 4449 novacula
2768 4415 2854 4447 uon
