2924 4588
230 159 308 240 57⁸1

564 166 593 202 ⁸
1112 179 1283 227 Amin
1310 165 1893 222 rannossrasrensts

2700 167 2788 214 5⁷2

229 284 432 341 populum
469 292 656 325 minores
687 251 949 335 sub'noysq
973 264 1197 319 'constituti
1217 271 1386 329 Judices
1413 269 1458 312 in
1480 270 1518 317 A
1537 273 1639 307 vere
1670 258 1921 318 praecellens
1959 255 2036 301 tibi
2062 266 2175 300 scias
2209 266 2234 299 a
2269 254 2415 300 divina
2450 254 2588 314 gratia
2622 256 2784 304 donum
2858 282 2859 286 =

228 354 653 423 ievihuSJ'udieaba‘it
678 367 688 394 :
713 362 840 394 omne
862 354 1003 393 autem
1021 346 1198 390 verbum
1222 342 1334 400 quod
1358 353 1458 398 gra-

227 427 322 471 vius
362 432 453 478 erat
468 458 479 477 ,
530 425 583 468 ad
621 425 756 479 ipsius
796 422 954 480 Moysis
999 431 1177 464 examen
1216 416 1458 461 referebant

228 495 378 553 (Exod.
405 509 526 547 xvtu,
554 495 711 549 15-27).
739 493 811 536 Sic
835 495 878 536 in
903 493 984 535 hoc
998 491 1172 547 jubetur
1203 487 1458 544 praepositus

226 570 277 612 ad
299 569 590 625 presbyterum
615 566 774 625 referre
785 571 803 609 i:
828 564 1036 622 quidquid
1060 576 1136 619 per
1157 575 1204 607 se
1219 560 1457 605 seeundum

223 640 471 683 canonicam
492 638 696 694 Regulam
731 649 819 681 non
844 638 956 680 valet
980 634 1173 679 definire.
1199 630 1318 676 Unde
1341 634 1457 686 patet

222 722 367 753 verum
403 721 498 754 esse
517 741 528 757 .
559 709 678 764 quod
701 708 900 764 superius
927 707 1112 750 diximus
1131 737 1141 755 ,
1179 703 1458 760 praepositum

221 781 416 824 videlicet
443 781 699 823 accersitum
730 791 826 823 esse
859 778 903 821 in
936 782 1098 832 partem
1133 772 1453 825 sollicitudinis,

221 849 305 895 n'on
331 852 374 895 in
396 851 702 909 plenitudinem
723 850 961 906 potestatis.
987 847 1108 891 Unde
1130 849 1172 891 et
1204 846 1256 890 de
1276 844 1456 900 presby·

221 930 311 968 tero
333 925 403 967 hic
425 925 583 967 dieitur
606 939 617 968 ε
645 923 774 979 Cujus
801 920 910 977 apud
931 934 1001 964 vos
1022 926 1084 963 est
1107 919 1243 974 major
1273 917 1455 960 anctori-

219 1003 299 1040 ται.
318 996 382 1039 Ad
408 995 523 1051 quod
544 995 671 1039 etiam
696 996 906 1050 pertinet,
928 987 1046 1049 ‘quod
1064 992 1267 1048 ‘superius
1288 988 1454 1033 obediri

218 1068 351 1110 muito
375 1066 508 1122 tnagis
530 1067 778 1123 presbytero
793 1065 929 1119 jubet.
973 1062 1109 1118 Major
1139 1062 1342 1106 nimirum
1378 1073 1456 1105 ex-

217 1137 353 1181 hiheri
377 1137 618 1181 ohedientia
637 1138 677 1180 ei
701 1137 826 1180 dehet
845 1168 862 1188 ,
879 1136 951 1192 qui
976 1136 1182 1190 majorem
1221 1134 1454 1176 auctorita·

218 1216 302 1254 tem
328 1210 469 1253 hahet.
506 1207 604 1252 Haec
628 1210 757 1265 igitur
778 1209 863 1252 duo
878 1240 890 1261 ,
916 1203 1126 1251 referente
1149 1208 1377 1262 praeposito
1399 1203 1452 1247 ad

216 1283 525 1340 presbyterum,
537 1283 650 1338 quod
666 1281 932 1334 modumst’el
942 1280 1056 1324 vires
1065 1279 1159 1336 ejus
1167 1278 1335 1323 excedit
1346 1294 1355 1322 z
1370 1278 1452 1321 hoe

1539 335 1742 380 collatum
1760 346 1781 377 ·:
1816 329 1854 376 si
1885 342 1984 375 cum
2012 330 2191 373 multam
2214 334 2471 384 potestatem
2492 329 2782 383 habeas,do'-

1537 404 1696 449 minari
1735 416 1821 447 non
1847 406 2007 456 curasg
2037 399 2260 458 magis‘que
2277 407 2420 445 motus
2439 434 2452 456 ,
2475 401 2550 458 qui
2573 403 2617 446 in
2639 411 2785 450 mento

1537 490 1590 523 ex
1627 479 1838 534 potestate
1873 475 1990 533 gigni
2022 471 2161 519 soient
2180 507 2191 526 ‚
2216 481 2412 532 potenter
2433 476 2594 532 premis
2611 477 2747 523 elatos
2763 508 2780 532 ,

1537 562 1665 606 quam
1689 554 1944 605 potestatem
1968 547 2130 603 gaudes
2152 557 2356 591 exercere
2376 558 2455 604 per
2473 546 2712 592 dominium
2735 535 2780 594 in

1536 620 1951 682 subiectos-Nescio
1983 619 2199 677 quomodo
2228 621 2355 676 quasi
2377 619 2550 665 innatus
2572 621 2782 666 naturali·
2860 613 2862 619 ’

1535 702 1603 740 ter
1622 696 1810 739 humano
1840 693 1986 743 animo
2010 692 2238 748 potestatis
2260 692 2432 736 videtur
2451 694 2690 751 appetitus;
2719 694 2780 739 ita
2858 750 2860 754 y

1534 773 1582 811 nt
1605 779 1733 812 rarus
1757 767 1831 818 sit,
1850 766 1925 821 qui
1942 777 2037 810 eam
2056 765 2125 808 vel
2149 777 2249 810 cum
2265 778 2354 809 non
2378 765 2575 818 hahetur,
2595 779 2683 811 non
2705 767 2780 812 de-

1535 841 1708 892 sideret,
1727 839 1796 884 vel
1828 851 1929 883 cum
1950 837 2153 891 hahetur,
2175 839 2372 883 amittere
2388 851 2475 882 non
2495 838 2712 893 tormidet,
2735 846 2781 886 et

1535 926 1633 958 cum
1657 912 1767 956 sorte
1783 911 2019 963 amittitur,
2041 911 2240 956 amisisse
2255 922 2304 955 se
2331 923 2419 956 non
2443 911 2601 957 doleat.
2624 912 2781 960 Osten-
2860 963 2864 965 ,

1533 986 1645 1031 dens·
1663 986 1881 1030 evidenter
1903 996 1980 1047 per
2000 984 2208 1038 dolorem,
2234 995 2321 1043 quo
2335 978 2556 1030 cruciatur
2579 986 2624 1030 in
2650 987 2782 1033 amis—

1534 1061 1654 1105 sione
1673 1092 1685 1111 ,
1705 1072 1802 1115 quae
1818 1070 1918 1104 eum
1932 1057 2115 1103 ¹fovebat
2139 1058 2369 1105 delectatio
2401 1058 2445 1105 in
2478 1059 2778 1116 possessione3

1532 1133 1633 1189 quia
1657 1133 1718 1175 illi
1755 1125 1962 1176 nimirum
1991 1131 2089 1183 =rei,
2115 1130 2184 1175 c-ui
2204 1130 2346 1177 omnis
2377 1131 2523 1177 deerat
2554 1132 2781 1179 delectatio

1531 1217 1759 1262 possessae,
1781 1204 1926 1248 nullus
1949 1204 2093 1248 inesse
2109 1203 2217 1248 solet
2240 1205 2460 1248 cruciatus
2482 1204 2669 1251 amissae.
2691 1203 2786 1252 Pto-

1530 1291 1713 1337 rumque
1743 1291 1874 1331 vero,
1912 1277 2042 1322 etiam
2081 1288 2180 1321 curn
2218 1276 2328 1322 sorte
2360 1280 2458 1322 eam
2500 1277 2658 1322 habere
2694 1290 2783 1323 non
2860 1307 2863 1315 ·

214 1360 295 1408 est,
324 1355 571 1399 consulente
588 1366 683 1398 eum
710 1366 839 1409 super
854 1354 939 1404 his,
961 1353 1004 1396 in
1019 1352 1177 1409 quibus
1198 1352 1289 1408 ipse
1305 1351 1448 1395 minus
1472 1347 1507 1391 B
1530 1353 1709 1396 multum
1728 1352 1918 1408 affectas,
1942 1348 2086 1396 offerri
2117 1357 2261 1396 tamen
2299 1364 2394 1396 eam
2419 1351 2495 1396 tihi
2524 1351 2744 1399 desideras
2765 1367 2780 1409 ς

214 1426 294 1471 sibi
319 1426 498 1478 suflicit,
523 1426 712 1471 studiose
734 1425 971 1470 exercenda
996 1429 1123 1469 sunt:
1150 1425 1335 1481 primum
1355 1424 1454 1480 qui—-

212 1498 307 1542 dem
323 1531 335 1550 ,
361 1506 407 1541 nt
436 1507 583 1542 cuncta
616 1501 698 1542 ista
723 1507 931 1542 serventur
960 1511 973 1540 .·
1000 1498 1235 1543 seeundum
1259 1507 1388 1550 vero,
1415 1497 1454 1540 si

210 1572 308 1626 quid
326 1572 460 1615 minus
479 1578 687 1615 servatum
711 1571 850 1626 fuerit,
870 1584 949 1614 nun
965 1571 1212 1627 neyliqenter
1227 1577 1450 1625 proetaerea-

213 1652 308 1694 mr:
330 1644 401 1687 sed
436 1652 482 1687 ut
512 1644 837 1696 emendandum,
863 1644 1227 1701 corripendumque
1265 1651 1449 1688 curetur.

211 1713 318 1769 Quid
343 1717 455 1761 enim
480 1718 593 1761 aliud
615 1718 779 1774 praelati
804 1723 920 1769 sunt,
945 1717 1027 1762 nisi
1051 1717 1295 1775 spirituales
1317 1717 1454 1760 medi-

209 1786 279 1829 ci?
301 1785 351 1828 Et
375 1787 464 1831 haee
486 1788 656 1845 quidem
676 1789 761 1831 duo
796 1788 850 1832 ad
872 1788 1067 1833 carnales
1087 1788 1214 1833 etiam
1236 1789 1452 1845 pertinent

210 1858 402 1918 medicos
422 1876 431 1903 :
457 1862 638 1906 salutem
659 1862 845 1905 habitam
871 1862 1090 1907 custodire
1106 1885 1124 1914 ff
1158 1868 1204 1906 et
1247 1862 1450 1907 amissam

208 1944 475 1990 recuperare.
500 1935 633 1988 Quasi
657 1947 756 1979 vera
781 1936 897 1978 salus
918 1935 1210 1985 custodietur,
1239 1946 1336 1977 eum
1362 1935 1450 1978 illi-

215 2007 315 2051 bata
340 2009 547 2054 sanctitas
584 2010 628 2053 in
650 2008 850 2066 religiosa
873 2010 1198 2053 conversatione
1219 2021 1450 2060 conserva-

207 2087 301 2135 tur3
321 2087 362 2125 et
383 2083 506 2138 quasi
529 2083 686 2127 amissa
712 2083 829 2127 salus
854 2091 1079 2139 reparatur
1095 2116 1106 2135 ‚
1131 2094 1229 2126 cum
1251 2095 1348 2139 quae
1372 2083 1452 2127 mi-

207 2166 290 2198 nus
310 2161 478 2199 servata
501 2161 567 2198 est
585 2157 806 2207 sanctitas,
829 2156 1095 2200 emendatur.
1115 2155 1341 2199 intendant
1366 2157 1449 2199 ita-

205 2237 290 2281 que
311 2226 626 2270 studiosissime
648 2227 825 2283 impIere
845 2227 982 2271 oflicia
1005 2240 1084 2272 sua
1107 2227 1380 2284 praepositus,
1399 2232 1450 2273 'et

204 2299 453 2357 presbyten
478 2301 551 2356 qui
584 2300 824 2344 animarum
853 2307 954 2346 sunt
985 2301 1171 2353 medici,
1200 2301 1360 2358 quibus
1393 2314 1447 2347 ex

206 2380 407 2430 suscepto
430 2375 637 2419 incumbit
661 2375 897 2421 ministerio
916 2399 927 2429 5
951 2382 994 2421 et
1016 2377 1069 2420 ab
1091 2376 1343 2433 aegritudine
1366 2377 1448 2421 im-

205 2459 358 2492 munes
380 2448 557 2492 reddere
594 2461 724 2493 sanos
738 2481 751 2502 ,
773 2455 818 2494 et
842 2450 1013 2493 sanitati
1037 2451 1265 2494 restituere
1286 2463 1441 2508 oegros.

208 2516 294 2562 Sed
319 2519 572 2565 accedamus
591 2522 688 2576 jam·
705 2519 758 2565 ad
778 2521 838 2575 id,
862 2521 977 2579 quod
999 2522 1299 2580 subjungitur:
1329 2523 1374 2567 in
1398 2535 1445 2569 se

204 2591 360 2647 quippe
376 2592 534 2648 aliquid
558 2594 701 2647 habet,
727 2595 840 2651 quoa
868 2580 1094 2652 diligenter
1116 2595 1274 2639 ‹nscuu
1299 2596 1441 2643 debet.

204 2662 279 2708 Est
298 2673 436 2708 autem
462 2667 572 2710 istud
601 2682 610 2709 :

260 2734 331 2782 lx.
359 2738 452 2793 Ipse
473 2754 580 2789 vero,
599 2742 670 2791 qui
701 2740 812 2784 vobis
844 2751 1010 2797 pra-est,
1047 2755 1129 2787 non
1161 2756 1204 2787 se
1235 2744 1446 2788 existimet

205 2816 404 2863 potestate
426 2810 687 2863 dominante,
711 2811 794 2861 sed
822 2812 1024 2856 charitate
1053 2815 1250 2859 serviente
1266 2815 1441 2871 felicem.

203 2877 450 2936 ltlejuumer
460 2890 626 2939 praeest,
638 2886 706 2928 eui
724 2885 942 2930 humilitas
958 2886 1111 2930 incura
1124 2887 1345 2944 regiminis
1358 2900 1445 2932 non

205 2954 338 3000 deest.
365 2956 488 3013 305
522 2956 658 3012 nujus
691 2959 888 3004 voluntas
928 2960 1064 3017 magis
1096 2966 1164 3005 est
1205 2962 1411 3017 prodesse
1426 2993 1441 3014 „

206 3036 333 3081 quam
375 3040 558 3083 pracesse
578 3061 589 3080 ,
630 3029 696 3073 eui
722 3030 859 3086 placet
883 3043 1020 3083 onus,
1055 3044 1142 3074 non
1180 3031 1347 3085 honor;
1375 3031 1444 3076 of-

207 3095 349 3139 sscium
365 3130 376 3146 ,
403 3111 486 3141 non
513 3111 693 3155 nomem
719 3113 846 3156 quem
865 3102 1056 3146 charitas
1081 3101 1332 3155 inflammat,
1356 3116 1445 3147 non

206 3174 396 3224 potestas
418 3171 553 3215 elevat
569 3186 578 3225 ;
598 3185 722 3228 quem
736 3173 916 3217 delectat
928 3175 1112 3218 servitus
1130 3175 1224 3218 aliis
1238 3175 1434 3232 impensa

206 3252 291 3284 non
309 3242 362 3285 ab
380 3243 474 3286 aliis
491 3251 699 3301 suscepta.
717 3244 794 3288 ilic
811 3245 908 3289 felix
926 3252 1009 3298 est,
1030 3247 1105 3291 sed
1128 3246 1270 3291 adhuc
1293 3248 1337 3292 in
1355 3262 1445 3293 me·

206 3314 404 3359 rito.}1ac
418 3317 628 3362 mediante
641 3317 857 3370 felicitate,
875 3320 927 3362 ad
942 3320 1056 3362 illam
1070 3321 1327 3378 quandoque
1348 3334 1445 3377 pcr-

205 3395 410 3434 renturus
425 3396 611 3447 est,qu·.e
624 3392 707 3435 erit
732 3393 772 3435 in
796 3394 986 3448 praemio.
1004 3391 1115 3442 Nou,
1137 3393 1289 3449 inquit,
1305 3395 1444 3447 ipsese

204 3462 407 3506 existimet
426 3473 621 3517 potestate
643 3465 905 3518 dominante:
930 3467 1000 3510 sed
1023 3467 1226 3510 charitate
1244 3469 1443 3512 serviente

205 3534 375 3588 felicem.
388 3536 573 3589 Videtur,
586 3539 696 3595 quod
713 3541 984 3596 praesumptio
995 3541 1236 3596 potestatis,
1250 3550 1291 3585 et
1303 3546 1442 3586 auste-

206 3607 312 3652 ritas
334 3610 550 3655 inhibetur
579 3612 885 3656 dominationis
914 3628 924 3657 ε
958 3625 1046 3657 non
1080 3596 1238 3658 autem*
1261 3614 1440 3659 aii'ectus

203 3679 425 3726 charitatis
446 3715 458 3734 ,
492 3692 579 3728 non
608 3698 715 3742 opus
751 3686 985 3731 servitutis.
1014 3685 1123 3731 Ecce
1160 3676 1352 3743 potestas
1397 3695 1439 3732 et

204 3750 436 3799 dominatio
461 3770 472 3801 ε
498 3757 682 3802 charitas
715 3764 757 3802 et
785 3759 996 3812 servitus,
1030 3766 1214 3815 quatuor
1251 3761 1354 3805 haec.
1385 3761 1439 3804 Et

207 3827 376 3882 quidem
399 3842 503 3885 pene
534 3844 700 3888 semper
728 3834 924 3887 potestati
945 3846 990 3878 se
1021 3834 1129 3877 solet
1148 3835 1339 3878 inserere
1360 3835 1439 3880 do·

206 3899 411 3955 minuatim
441 3916 655 3959 nunqnam
680 3918 779 3949 vcro
797 3906 985 3950 charitas
1009 3906 1052 3949 in
1078 3905 1206 3950 corde
1229 3907 1438 3950 carethu—

206 3972 385 4017 militate
426 3977 644 4020 servitutis
673 4010 684 4029 ,
729 3978 918 4034 quandiu
967 3977 1151 4034 perfecte
1196 3976 1347 4035 flagrat
1393 3981 1437 4023 in

204 4056 349 4102 opere.
374 4044 567 4091 Potestas
591 4054 734 4092 tamen
768 4063 935 4106 semper
958 4063 983 4094 a
1013 4051 1126 4095 bono
1148 4065 1160 4105 ;
1202 4051 1437 4095 dominatio

208 4126 309 4160 vero
328 4118 577 4175 plerumque
602 4132 625 4164 a
662 4122 787 4166 maio.
809 4122 915 4166 Nam
948 4123 1016 4167 illa
1038 4156 1050 4176 ,
1089 4124 1143 4168 ab
1171 4123 1440 4169 ordinatione

208 4185 376 4244 divitum
409 4190 498 4233 baec
519 4205 646 4243 vero,
676 4194 729 4236 ab
751 4195 935 4239 elatione
957 4201 1121 4239 nostra.
1149 4194 1246 4238 Non
1280 4203 1340 4239 est
1366 4209 1438 4250 po-

209 4266 352 4313 testas,
377 4263 457 4305 nisi
478 4277 502 4305 a
524 4265 604 4306 Deo
623 4264 756 4321 (Rom.
778 4279 870 4317 xm,
887 4267 945 4325 l).
972 4266 1193 4311 Sententia
1210 4268 1300 4311 haec
1317 4268 1438 4311 Pauli

204 4335 276 4376 est
294 4345 308 4386 3
326 4334 397 4377 sed
416 4340 456 4376 ct
479 4335 504 4376 h
521 4348 567 4378 vc
582 4348 661 4379 vox
683 4338 776 4391 ejus
796 4353 806 4381 ι
834 4337 929 4381 Non
945 4339 1042 4395 quia
1063 4338 1325 4383 dominamur
1343 4339 1441 4395 fidei

208 4410 352 4448 vestm
373 4404 443 4462 (11
458 4407 554 4449 Cor.
579 4421 610 4458 ι,
629 4409 715 4466 23).
736 4409 812 4454 Est
829 4416 871 4455 et
906 4411 990 4455 ista
1010 4426 1020 4454 τ
1044 4409 1134 4454 Nos
1152 4418 1289 4454 autem
1305 4425 1439 4456 servos

211 4484 365 4523 anuos
392 4492 464 4534 per
482 4478 623 4523 lesum
644 4481 711 4539 (ΙΙ
730 4482 824 4529 Cor.
846 4498 902 4537 tv,
930 4485 988 4542 5).
1011 4484 1211 4543 Magnum
1235 4491 1375 4539 certe.
1398 4491 1440 4531 et

1532 1426 1649 1481 qnia,
1668 1437 1764 1468 cum
1782 1437 1870 1469 non
1886 1424 2016 1469 suerit
2033 1427 2228 1488 quaesita,
2245 1425 2429 1470 deiectat
2450 1432 2591 1473 tamen
2607 1426 2780 1483 oltlata3

1530 1499 1643 1542 sicut
1681 1498 2125 1555 emeiat‘quandoqne
2143 1530 2156 1549 ‚
2183 1503 2231 1544 ut
2261 1497 2350 1554 §am
2374 1497 2592 1550 diximus,
2618 1495 2778 1546 ablata.

1531 1572 1714 1616 Censuit
1743 1571 1991 1624 multoties,
2018 1571 2102 1616 hae
2126 1571 2170 1616 in
2194 1576 2317 1630 parte
2337 1604 2347 1622 ‚
2386 1571 2583 1616 infirmus
2610 1572 2782 1622 animus

1531 1643 1631 1688 folia
1658 1643 1764 1689 sscus
1782 1674 1797 1698 ,
1822 1643 1877 1690 ad
1901 1643 2134 1702 operienda
2165 1644 2349 1689 verenda
2383 1656 2460 1688 sua
2484 1643 2602 1703 (Gen.
2627 1656 2694 1698 m,
2721 1644 2780 1706 7).

1532 1716 1715 1780 qnaehic
1737 1711 2078 1775 quammaxime
2113 1717 2305 1766 sordent.
2337 1715 2457 1762 Facit
2485 1717 2778 1775 perizomata,
2858 1727 2859 1733 ¹

1531 1790 1741 1835 simulans
1762 1801 1813 1835 se
1829 1825 1841 1841 ,
1865 1788 1947 1834 hae
1970 1788 2063 1834 sola
2085 1789 2138 1834 dc
2159 1801 2290 1834 causa
2312 1821 2321 1839 ,
2343 1789 2457 1846 quod
2496 1789 2607 1833 inest
2653 1795 2776 1845 pote-

1530 1863 1649 1915 stati,
1663 1863 1834 1908 eulmen
1849 1861 2028 1907 honoris
2050 1871 2265 1918 quaererc3
2285 1867 2332 1906 ut
2350 1874 2403 1905 ex
2419 1861 2513 1918 ejus
2531 1861 2781 1913 occasione.

1530 1934 1645 1991 quod
1664 1935 1855 1980 consulit
1873 1934 2124 1979 necessitati
2142 1967 2154 1987 ,
2179 1932 2453 1979 ωηιηιοᾱιιιιι
2486 1938 2685 1978 exerceat
2715 1933 2780 1978 la-

1529 2007 1685 2054 boris:
1718 2021 1818 2052 eum
1856 2013 2000 2052 tamen
2032 2020 2083 2052 ex
2121 2020 2171 2051 ea
2190 2039 2203 2060 ,
2227 2013 2268 2053 et
2295 2018 2372 2068 per
2394 2019 2488 2052 eam
2526 2006 2581 2050 ad
2612 2005 2778 2052 fumum

1529 2087 1702 2139 exoptet
1730 2081 1976 2139 pertingere
2009 2080 2229 2125 vanitatis.
2255 2075 2336 2134 Qui
2372 2079 2578 2125 nimirum
2615 2079 2776 2133 sumus,

1529 2167 1627 2198 eum
1650 2155 1842 2200 elevatus
1877 2155 1931 2198 ad
1971 2154 2194 2211 superiora
2227 2154 2392 2207 tuerit,
2422 2165 2524 2198 vero
2547 2151 2777 2199 contestim

1529 2227 1698 2273 defectu
1719 2228 1955 2280 evanescit,
1981 2240 2224 2284 vacuasque
2245 2226 2423 2271 effertur
2448 2227 2491 2270 in
2516 2237 2662 2271 auras.

1583 2298 1639 2344 Χ.
1657 2299 1762 2361 ἱΝειιῑ
1783 2305 1929 2345 tamen
1953 2298 2071 2345 caret
2095 2312 2264 2356 semper
2296 2304 2486 2356 potestas
2509 2298 2624 2344 bono
2638 2331 2649 2350 ,
2676 2309 2776 2344 eum

1528 2373 1585 2418 sit
1610 2373 1704 2431 ipsa
1727 2386 1751 2418 a
1788 2375 1902 2419 bono
1930 2390 1940 2418 :
1979 2375 2079 2432 quia
2103 2387 2186 2418 non
2212 2380 2274 2417 est
2293 2379 2475 2430 potestas
2491 2405 2502 2424 ,
2528 2372 2609 2416 nisi
2630 2386 2657 2416 a
2691 2370 2775 2416 Deo

1529 2445 1668 2506 (Rom.
1691 2458 1791 2498 xm,
1808 2446 1867 2504 i).
1890 2445 1959 2499 Et,
1977 2453 2024 2491 ut
2046 2446 2107 2489 ait
2131 2445 2335 2505 quidam:
2363 2444 2474 2488 Deua
2490 2451 2672 2501 potentes
2694 2455 2777 2489 non

1525 2519 1694 2576 abjicit,
1718 2533 1811 2565 cum
1845 2515 1895 2580 et
1921 2521 2007 2577 ipse
2029 2522 2242 2578 aitpotens
2284 2517 2378 2578 (Iob
2411 2531 2570 2572 xxxvi,
2596 2518 2657 2576 5).
2691 2517 2777 2564 Sed

1523 2598 1590 2638 est
1614 2595 1792 2645 bonum,
1816 2593 1933 2654 quod
1957 2599 2164 2650 potestas,
2183 2593 2290 2638 etin
2316 2593 2397 2638 hoe
2418 2592 2532 2637 bono
2555 2591 2774 2638 multoties

1518 2664 1685 2708 malum
1722 2670 1791 2710 est
1813 2665 1856 2709 in
1883 2668 2096 2722 potestate
2121 2664 2381 2718 dominium;
2407 2672 2491 2708 nee
2514 2662 2599 2710 hoc
2622 2676 2674 2708 ex
2695 2676 2775 2722 po-

1523 2741 1695 2789 testate,
1713 2750 1809 2794 quae
1833 2750 1856 2781 a
1883 2734 1970 2782 Deo
1992 2742 2083 2787 θεῖς
2105 2736 2181 2781 sed
2202 2749 2255 2781 ex
2277 2737 2477 2790 elatione,
2491 2747 2586 2794 quat
2606 2748 2630 2780 a
2651 2735 2776 2781 nohis

1522 2814 1606 2854 est.
1633 2807 1809 2854 Studeat
1836 2810 1980 2866 igitur,
2007 2810 2082 2866 qui
2102 2814 2274 2866 praeest,
2302 2808 2521 2865 reprobare
2539 2809 2712 2862 nmium,
2733 2817 2775 2854 et

1522 2881 1671 2940 eligere
1696 2881 1848 2925 bonum
1867 2880 1977 2940 (Ita.
2014 2883 2470 2940 vu.15),potestatem
2495 2883 2708 2939 protoeo,
2727 2888 2776 2928 el

1522 2960 1732 3012 tempore,
1759 2967 1838 3012 pro
1854 2967 2057 3012 persona,
2081 2961 2126 3000 et
2146 2965 2294 3010 eausa,
2315 2968 2394 3013 pro
2413 2956 2560 3009 modo,
2585 2962 2628 3001 et
2652 2969 2779 3003 men-

1523 3041 1624 3073 sura
1661 3040 1868 3073 exercens
1886 3042 2017 3087 super
2041 3029 2223 3079 fratrum
2256 3030 2648 3087 transgressiones:
2685 3042 2776 3076 non

1523 3102 1760 3147 dominium
1796 3114 1926 3160 super
1950 3103 2124 3157 eosdem
2147 3101 2318 3147 fratres.
2361 3103 2476 3148 Bene
2497 3093 2598 3160 ergo
2621 3093 2775 3150 heatus

1522 3173 1628 3218 dicit
1650 3174 1944 3231 Augustinus;
1968 3180 2014 3219 ut
2035 3187 2120 3218 non
2157 3179 2371 3231 potestate
2414 3175 2687 3229 dominante,
2725 3188 2775 3224 se

1521 3248 1757 3300 existimet,
1772 3250 2036 3306 quipraeest,
2064 3247 2258 3300 selicem;
2281 3247 2357 3292 sed
2375 3247 2600 3297 charitate.
2617 3250 2771 3306 inquit,

1522 3322 1751 3366 serviente.
1768 3321 1863 3365 Non
1888 3322 2017 3377 igitar
2042 3321 2086 3363 in
2110 3325 2337 3376 potestate,
2351 3325 2394 3363 et
2418 3319 2612 3364 dominio
2633 3315 2766 3366 felici·

1522 3399 1590 3437 tas
1614 3401 1708 3448 est;
1733 3401 1799 3440 cst
1821 3401 1962 3438 autem
1987 3396 2031 3437 iu
2066 3394 2279 3438 charitate
2310 3399 2352 3437 et
2378 3395 2599 3439 servitute.
2623 3394 2677 3438 Et
2697 3395 2772 3440 itta

1466 3493 1502 3539 D
1523 3468 1694 3523 quidem
1731 3469 1776 3513 in
1812 3475 1978 3522 mente;
2015 3469 2106 3512 hoee
2145 3473 2288 3511 autem
2329 3468 2538 3523 inopere
2573 3473 2655 3522 est.
2693 3467 2771 3516 tua

1522 3555 1692 3599 quoque
1726 3544 1844 3587 intus
1866 3555 2012 3594 coram
2037 3542 2150 3594 Deo,
2175 3542 2265 3586 hmo
2301 3543 2443 3586 autem
2474 3540 2584 3598 [oris
2621 3545 2767 3587 eoram

1520 3615 1717 3671 proximo
1736 3630 1747 3669 3
1769 3617 1869 3672 quia
1901 3612 2043 3659 et'illa
2067 3615 2122 3658 ad
2145 3615 2477 3664 conscientiam,
2494 3607 2596 3660 *haee
2612 3618 2765 3660 autem
2843 3618 2846 3624 '
2923 3611 2924 3640 ;

1519 3686 1572 3730 ad
1601 3685 1773 3730 samam.
1801 3685 1933 3740 Quasi
1975 3686 2201 3742 cuiusdam
2228 3686 2398 3731 arhoris
2421 3686 2543 3731 radix
2568 3687 2639 3730 illa
2678 3694 2766 3740 est:

1519 3757 1610 3802 haec
1642 3758 1843 3814 profecto:
1866 3761 1990 3815 quasi
2013 3760 2108 3815 ejus
2139 3760 2215 3803 'est
2246 3759 2427 3803 fructus.
2453 3758 2505 3802 Et
2526 3772 2613 3815 quo
2645 3760 2766 3804 viva-

1518 3830 1611 3875 cius
1636 3831 1680 3875 in
1704 3833 1877 3875 occulto
1900 3833 1971 3875 illa
1996 3831 2281 3882 convalescit,
2307 3843 2358 3874 eo
2381 3836 2424 3874 et
2446 3830 2662 3887 copiosior
2685 3831 2768 3875 iste

1518 3911 1563 3953 in
1588 3897 1818 3948 manifesto
1851 3910 2029 3959 apparet
2057 3908 2218 3947 sanctae
2247 3901 2587 3946 conversationis
2612 3916 2623 3946 ε
2664 3901 2769 3946 mit·

1517 3979 1634 4020 tento
1663 3963 1818 4021 arbore
1842 3977 1887 4020 in
1908 3976 2118 4020 charitate
2139 3970 2296 4019 mentis
2322 3975 2510 4019 radicem
2534 3974 2766 4027 deorsum.

1518 4055 1561 4091 et
1599 4048 1783 4092 faciente
1828 4049 1873 4093 in
1915 4050 2122 4093 servitute
2163 4047 2305 4103 operis
2341 4046 2529 4090 fructum
2550 4079 2553 4082 -
2575 4058 2763 4092 sumum.

1518 4119 1661 4164 Claret
1692 4123 1836 4178 itaque
1858 4135 1911 4165 ex
1933 4122 2019 4172 his,
2044 4120 2150 4177 quid
2172 4119 2277 4163 illud
2303 4119 2375 4170 sit,
2402 4118 2515 4174 quod
2541 4119 2583 4163 in
2611 4117 2764 4162 officiis

1519 4191 1611 4234 suis
1635 4192 1833 4247 praelatos
1863 4191 2095 4243 secundos,
2129 4195 2171 4234 et
2196 4190 2364 4233 steriles
2402 4189 2556 4232 reddit.
2592 4188 2697 4231 Nam
2715 4189 2763 4232 in

1519 4265 1728 4321 'quantum
1750 4266 1794 4309 in
1813 4266 2022 4309 charitate
2041 4266 2196 4308 mentis
2217 4263 2370 4307 fervidi
2392 4268 2509 4316 sunt,
2536 4263 2760 4307 intantum

1514 4339 1724 4391 nimirum
1747 4338 1792 4383 in
1817 4338 2022 4383 servitute
2037 4337 2178 4393 operis
2200 4337 2511 4385 flammescunt,
2527 4341 2577 4378 ut*
2596 4342 2763 4379 saneto-

1518 4424 1616 4455 rum
1652 4412 1708 4455 sit
1745 4410 1982 4456 similitudo
2017 4409 2288 4459 animalium,
2316 4414 2358 4451 et
2383 4413 2582 4463 aspectus
2609 4419 2758 4450 eorum

1525 4483 1647 4529 tunsi
1671 4483 1906 4528 carbonum
1924 4482 2036 4536 ignis
2061 4480 2324 4533 ardentium,
2349 4486 2392 4524 et
2414 4480 2536 4536 quasi
2558 4484 2759 4539 aspectus
