2924 4588
288 89 399 158 ¹²2⁷

280 263 409 299 natur
426 255 509 307 bic,
533 255 665 298 sedin
684 251 862 309 psalmis
880 253 1065 306 videtur,
1088 254 1220 309 quod·
1237 254 1368 298 suerit
1387 254 1516 310 ignis.

279 327 567 383 Sepultusque
591 334 657 371 est
681 327 738 370 ibi
767 325 953 382 populus
974 328 1046 382 qui
1070 339 1222 371 carnes
1245 329 1519 372 desiderave-

276 407 358 443 rat.
392 399 514 443 Unde
535 391 722 442 etffocus
751 399 822 442 ille
849 405 1031 441 vocatus
1065 406 1130 441 est
1167 399 1372 448 Cabroth,
1411 401 1517 444 alias

276 470 501 523 cabaioth,
529 470 641 525 quod
667 476 790 513 sonat
809 469 1057 512 desideriunt
1083 470 1324 526 sepulturoe,
1353 472 1418 514 vel
1453 484 1518 516 se·

274 546 418 599 pulcra
441 543 795 598 concupiscentiae.

356 629 457 674 cim.
478 628 589 674 xvi.
626 629 686 672 De
706 631 834 686 playa
865 628 1028 681 Marion,
1066 638 1104 673 et
1129 644 1256 674 causa
1286 630 1426 686 leproe.

335 716 350 742 ‹
374 700 546 756 Egressi
565 707 707 744 autem
732 700 785 744 de
812 702 1022 756 sepulcris
1036 703 1407 757 concupiscentits,
1440 716 1511 746 vc-

271 779 428 817 ncrunt
450 773 492 816 in
515 772 743 825 Haseroth,
777 773 922 828 ibique
957 774 1119 829 jurgati
1155 780 1253 817 sunt
1295 772 1430 817 Maria
1472 782 1514 818 et

270 846 410 888 Aaron
445 854 592 889 contra
616 843 790 902 Moysen
820 851 994 900 propter
1022 858 1199 889 uxorem
1224 845 1319 900 ejus
1342 845 1514 889 AEtbio·

270 919 428 973 pissam
459 917 609 974 (Num.
644 918 740 972 xii),
764 933 781 958 ι
819 918 945 972 quasi
979 917 1172 961 rixantes
1194 929 1292 960 cum
1318 924 1387 970 eo,
1431 918 1513 961 im·

270 993 606 1042 properaverunt
637 986 675 1030 ei
712 985 828 1042 quod
860 988 1050 1043 reginam
1072 986 1303 1043 AEuuopiae
1326 989 1369 1031 in
1398 1001 1509 1033 uxo-

268 1073 356 1102 rem
380 1059 576 1110 duxerat,
599 1061 667 1103 vel
686 1059 860 1103 ductam
886 1060 1125 1115 dimiserat,
1150 1061 1214 1104 vel
1243 1061 1386 1116 petius
1411 1075 1510 1118 prn-

266 1138 360 1187 pter
375 1144 551 1176 uxorem
574 1132 668 1187 ejus
693 1132 948 1188 Sephoram,
965 1146 1062 1189 quae
1084 1134 1220 1177 rixata
1246 1133 1385 1179 suerat
1405 1148 1510 1179 enn-

265 1203 331 1248 ira
360 1204 555 1249 Mariam.
582 1205 823 1248 Madianitae
846 1206 959 1248 enim
994 1206 1210 1261 quondam
1231 1207 1372 1250 vocati
1408 1215 1509 1252 sunt

265 1277 505 1334 AEthiopes‚
544 1286 591 1322 ut
629 1279 785 1336 legitur
815 1278 858 1321 in
898 1278 1276 1335 Paralipomenon,
1322 1287 1362 1324 et
1398 1282 1510 1326 indi-
1537 1256 1568 1299 B

263 1352 434 1406 gnando
454 1350 656 1395 dixerunt
681 1364 692 1394 ε
728 1348 914 1394 «Nonne
931 1359 973 1394 et
997 1351 1140 1404 nobis,
1179 1353 1291 1396 sicut
1308 1359 1349 1396 et
1371 1353 1506 1411 Moysi

263 1422 435 1466 locutus
465 1430 532 1467 est
554 1421 764 1466 Dominus
790 1421 861 1479 (ΙΙ
885 1422 1080 1479 Paralip.
1121 1424 1229 1479 xiv).
1257 1439 1270 1466 i
1297 1426 1358 1469 Ac
1377 1427 1410 1470 si
1442 1427 1510 1470 di·

261 1502 406 1540 cerent
431 1509 442 1539 :
468 1494 611 1548 Quare
635 1495 725 1539 vult
748 1495 916 1553 Moyses
940 1509 1126 1552 praeesse
1152 1497 1294 1552 nobis,
1319 1500 1420 1555 quia
1441 1500 1507 1544 lo·

260 1576 387 1613 cutus
407 1575 471 1611 est
493 1569 531 1612 ei
552 1568 760 1613 Dominus
776 1570 796 1611 ⁴?
826 1568 876 1613 Et
895 1570 1033 1614 iratus
1059 1569 1267 1615 Dominus
1284 1572 1393 1617 dixit
1411 1574 1505 1618 eis:

265 1656 279 1684 ι
304 1641 566 1698 Egredimini
603 1654 678 1686 vos
712 1649 797 1686 tres
827 1649 992 1687 tantum
1025 1645 1078 1688 ad
1115 1646 1457 1692 tabernaculum.
1486 1664 1501 1691 t

259 1714 454 1771 Cumque
475 1721 608 1758 staret
632 1716 706 1768 ibi,
726 1710 949 1760 descendit
979 1713 1189 1764 Dominus
1226 1719 1269 1763 in
1305 1721 1505 1766 columna

260 1786 404 1839 nubis,
434 1799 680 1844 vocansque
701 1789 863 1842 Aaron,
891 1795 934 1832 et
966 1788 1162 1844 Mariam,
1189 1791 1248 1835 ait
1270 1805 1280 1836 ε
1306 1807 1318 1834 t
1344 1791 1389 1836 Si
1407 1794 1505 1850 quis

258 1859 387 1904 fucrit
400 1860 608 1916 propheta
620 1861 733 1905 inter
745 1873 838 1915 vos,
855 1862 1010 1919 loquar
1023 1863 1061 1908 ei
1077 1864 1120 1907 in
1140 1865 1324 1919 visione,
1341 1867 1406 1910 vel
1427 1878 1505 1922 per

257 1932 493 1986 somnium,
513 1932 580 1977 vel
599 1946 674 1989 per
695 1935 941 1991 aenigmata,
967 1936 1031 1980 vel
1055 1949 1131 1993 per
1150 1939 1327 1994 figuras.
1363 1938 1500 1984 Servo

254 2018 359 2050 vero
379 2018 477 2051 meo
497 2004 651 2064 Moysi,
681 2007 754 2064 qui
795 2008 836 2050 in
872 2009 988 2052 omni
1016 2009 1146 2053 domo
1170 2023 1266 2054 mea
1298 2009 1501 2057 'fidelissi-

253 2087 351 2120 mus
377 2082 456 2129 est,
484 2089 558 2121 ore
592 2078 644 2121 ad
675 2090 725 2121 os
754 2079 923 2135 loquor.
962 2079 1019 2124 Ut
1057 2083 1160 2138 quid
1188 2095 1291 2139 ergo
1313 2084 1501 2128 detraxi·

252 2149 347 2202 stis,
371 2161 445 2195 vos
466 2149 505 2194 ei
524 2150 650 2207 quasi
675 2152 963 2207 parificantes.
997 2153 1049 2198 Et
1071 2157 1249 2200 recessit
1279 2156 1429 2209 nubes,
1456 2166 1499 2203 et

249 2233 350 2266 ecce
368 2224 565 2279 apparuit
583 2223 715 2268 Maria
746 2226 929 2282 leprosa.
957 2226 1010 2271 Et
1032 2229 1092 2272 ait
1127 2228 1270 2273 Aaron
1294 2231 1346 2274 ad
1378 2230 1493 2288 Moy·

253 2304 328 2338 sen
355 2309 366 2338 τ
393 2294 597 2350 Obsecro,
621 2295 817 2352 Domine,
839 2311 893 2343 ne
912 2301 1109 2357 imponas
1140 2302 1264 2346 nobis
1289 2303 1372 2348 boc
1393 2316 1492 2361 pee—
1519 2331 1551 2376 C

253 2376 413 2413 catum.
438 2368 670 2427 Oravitque
700 2372 867 2431 Moyses
891 2375 942 2417 ad
977 2375 1222 2421 Dominum.
1251 2379 1382 2434 Deus,
1415 2381 1495 2424 ob-

249 2445 389 2493 secr0,
420 2453 524 2485 sana
547 2454 659 2487 eam.
682 2444 759 2488 Cui
779 2445 987 2491 Dominus
1007 2463 1016 2492 :
1041 2450 1083 2491 Si
1105 2460 1224 2504 pater
1242 2451 1337 2507 ejus
1357 2453 1499 2508 spuis-

250 2520 316 2554 set
354 2513 397 2555 in
434 2512 587 2557 faciem
610 2515 719 2570 ejus,
746 2528 888 2560 nonne
926 2518 1134 2563 debuerat
1157 2521 1307 2564 saitem
1333 2529 1496 2577 septem

250 2587 417 2630 dierum
451 2587 606 2631 rubore
628 2588 850 2634 confundi.
888 2590 1118 2647 Sepatetur
1150 2600 1310 2650 septem
1344 2595 1496 2641 dicbus

248 2666 366 2703 extra
412 2668 570 2704 castra.
620 2661 752 2715 Quasi
789 2665 903 2707 dicat
930 2679 941 2707 :
973 2665 1015 2708 Si
1041 2674 1162 2722 pater
1183 2668 1277 2723 ejus
1294 2669 1493 2715 vilificas-

248 2739 312 2776 set
330 2745 425 2776 eam
450 2746 528 2790 pro
550 2735 694 2791 aliquo
717 2737 896 2780 crimine
921 2749 1015 2790 suo,
1050 2751 1191 2784 noune
1215 2741 1388 2786 deberet
1412 2744 1493 2786 aii-

246 2818 332 2862 quo
350 2813 541 2863 tempore
562 2809 874 2854 verecundari?
907 2826 922 2852 t
951 2810 1131 2857 Exclusa
1154 2814 1298 2870 itaque
1315 2824 1382 2860 est
1405 2815 1493 2861 Ma·

246 2881 309 2923 ria
334 2889 454 2925 extra
478 2888 619 2926 castra
658 2892 822 2940 septem
844 2884 1014 2940 diebuS,
1050 2898 1128 2930 nec
1147 2888 1332 2944 populus
1351 2896 1494 2935 motus

245 2959 309 2997 est
331 2954 466 2999 donec
488 2963 686 3000 revocata
705 2964 785 3002 est.
807 2973 823 3000 2

386 3028 488 3073 Car.
507 3028 635 3073 XVll.
667 3030 729 3073 De
746 3032 964 3076 duodecim
981 3035 1356 3091 explorationibus.

309 3115 323 3142 ι
346 3099 556 3158 Egressus
578 3112 720 3148 autem
748 3107 932 3162 populus
955 3106 1007 3151 de
1033 3107 1262 3164 naseroth,
1288 3110 1379 3155 lixit
1398 3118 1493 3155 ten-

244 3177 350 3221 toria
366 3179 407 3221 in
423 3178 591 3222 deserto
614 3178 783 3223 Pharan
803 3179 952 3235 (Num.
971 3182 1084 3239 xiii).
1107 3198 1120 3224 i
1140 3182 1231 3227 Non
1246 3194 1311 3228 est
1322 3183 1493 3229 Pharan

242 3261 401 3294 nomen
439 3251 696 3306 mansionis,
719 3253 792 3297 sed
818 3252 1060 3299 solitudinis
1082 3257 1225 3312 plures
1248 3262 1493 3303 mansiones

242 3324 520 3378 continentis,
548 3333 595 3370 ut
621 3327 662 3370 in
692 3327 890 3383 catalogo
927 3330 1202 3373 mansionum
1238 3331 1492 3376 manifesta-

241 3396 370 3441 bitur.
396 3395 555 3442 Omnes
572 3400 687 3443 enim
710 3402 898 3444 continet
916 3402 1164 3448 mansiones
1181 3403 1236 3448 ab
1258 3404 1482 3458 Haserotb,
1511 3413 1545 3456 D
1565 3406 1694 3449 terra,
1709 3411 1838 3455 quam
1860 3399 2610 3451 lustravimus,devorat.babitatorcs
2628 3413 2731 3447 suos
2743 3405 2810 3446 '“.

240 3481 337 3525 quae
366 3469 448 3515 fuit
482 3471 646 3515 decima
670 3481 820 3529 quarta
846 3486 982 3529 usque
1008 3474 1062 3518 ad
1086 3474 1368 3533 Asiongaber,
1393 3491 1490 3534 quse

240 3542 320 3587 l'uit
345 3545 562 3601 trigesima
585 3546 772 3591 secunda
797 3560 871 3603 per
894 3559 1002 3604 quas
1024 3560 1176 3593 omnes
1226 3551 1489 3596 transierunt

241 3617 284 3660 in
310 3629 421 3660 anno
445 3619 649 3662 secundo.
692 3619 751 3664 De
779 3620 1046 3676 Asiongaber
1082 3622 1201 3666 misit
1234 3622 1403 3682 Moyses
1435 3639 1487 3672 ex

241 3698 452 3746 praecepto
498 3691 684 3746 Domini,
722 3693 947 3737 duodecim
981 3694 1097 3739 viros
1134 3698 1163 3747 ·,
1203 3697 1397 3752 singulos
1434 3702 1486 3743 «te

238 3761 419 3817 singulis
442 3763 654 3816 tribubus,
679 3766 751 3820 qui
787 3766 1111 3810 considerarent
1147 3775 1305 3813 terram
1355 3783 1483 3825 quam

235 3837 477 3890 possessuri
502 3845 650 3891 erant3
685 3851 870 3894 quorum
908 3841 1110 3895 praeeipui
1132 3841 1305 3886 suerunt
1325 3843 1483 3899 Calepb

237 3906 351 3953 tilius
366 3907 556 3966 Jepbone
568 3911 620 3954 de
633 3910 758 3962 luda,
778 3911 935 3955 etOsee
955 3913 1066 3958 tilius
1086 3911 1240 3958 Nunde
1262 3913 1480 3970 Ephraim.

237 3979 503 4038 Vocavitquc
522 3983 689 4039 Moyses
711 3984 819 4029 Osee
852 3984 1006 4039 Josue3
1047 3988 1117 4031 hic
1152 3996 1244 4031 erat
1287 3989 1483 4030 minister

238 4051 389 4111 Moysi.
424 4053 546 4099 Unde
579 4056 752 4111 quidam
795 4057 959 4108 dicunt,
985 4058 1026 4101 id
1049 4060 1164 4113 quod
1189 4060 1480 4115 supradictum

183 4169 186 4171 ,
238 4136 320 4179 est,
344 4127 489 4178 Josue.
525 4139 600 4183 per
638 4130 986 4184 anticipationem
1026 4131 1186 4174 dictum
1226 4143 1338 4184 esse,
1379 4132 1480 4188 quia

239 4214 352 4246 nune
375 4201 513 4257 primo
533 4201 780 4257 impositum
820 4209 886 4245 est
923 4203 962 4245 ei
1000 4203 1081 4247 boe
1114 4216 1286 4247 nomen.
1335 4203 1485 4261 Potest,

199 4318 202 4321 Α
237 4273 364 4316 etiam
392 4273 476 4317 dici
508 4273 609 4328 quia
645 4271 811 4329 Moyses
844 4286 990 4331 curam
1016 4282 1058 4317 et
1082 4275 1262 4318 salutem
1294 4275 1477 4318 aliorum

229 4345 435 4392 undecim
476 4346 693 4388 commisit
732 4346 807 4388 illi.
839 4345 1034 4403 Cumque
1071 4353 1297 4393 vocamur
1329 4345 1475 4400 Josue,

237 4416 303 4459 vel
324 4414 447 4468 Osee,
461 4416 738 4472 quaenomina
760 4415 1005 4460 salvatorem
1030 4426 1198 4472 sonant,
1213 4426 1313 4462 tuuc
1332 4418 1473 4474 primo

1285 85 1447 132 PETRI
1477 85 1828 133 cotias't'oms

274 159 402 239 ⁸plaga
420 166 734 239 magnhimis.
760 179 911 225 Modus
937 192 1035 224 vero
1054 180 1185 237 plaga·
1209 192 1293 223 non
1316 182 1517 226 deterrui·
1541 190 1573 232 Α
1598 182 1635 225 ei
1668 180 1759 227 baec
1781 183 1956 226 nomina
1984 194 2134 239 appro,
2151 180 2295 235 riavit,
2333 195 2430 228 eum
2453 185 2706 230 salvatorem
2732 191 2840 233 alio·
2870 222 2873 225 -

1572 1791 1707 1845 Osee,
1730 1793 1796 1837 vel
1814 1792 1973 1847 Josuc;
1995 1794 2047 1838 de
2065 1795 2177 1838 tribu
2203 1795 2439 1852 Denjamin,
2461 1795 2600 1840 Plialti
2616 1811 2627 1850 ς
2644 1797 2835 1845 detribu
2887 1819 2889 1822 v

1569 1865 1794 1920 Zabulon,
1818 1866 1993 1910 Geddiel
2011 1882 2022 1918 ;
2042 1867 2094 1910 de
2121 1867 2231 1911 tribu
2253 1866 2428 1924 ioseph,
2454 1868 2620 1921 caudi:
2642 1870 2695 1914 de
2714 1870 2830 1914 tribu

2730 74 2864 145 tass'

1598 267 1694 298 ium
1715 253 1918 299 instituit.
1948 254 2238 312 Praecepitque
2263 255 2327 300 eis
2359 256 2529 314 Moyses
2563 265 2610 302 ut
2641 261 2840 305 conside-

1598 333 1743 369 rarent
1770 326 2025 382 qualitatem
2061 333 2184 372 term
2205 335 2249 372 et
2285 328 2528 384 bominum,
2568 339 2609 376 et
2638 323 2838 388 urbium;

1597 405 1639 440 et
1677 398 1880 443 afferrent
1921 400 1975 443 de
2023 398 2235 445 fructibus
2278 406 2417 446 terrae.
2445 403 2632 461 Eratque
2669 412 2866 465 tempus„

1596 471 1771 525 quando
1793 484 2030 530 praecoquae
2057 487 2150 519 uvae
2180 474 2344 519 comedi
2366 484 2564 531 possunt.
2589 476 2669 530 Qui
2688 491 2819 523 ascen
2859 470 2869 475 “

1595 543 1745 587 dentes
1762 546 2093 600 exploraverunt
2111 550 2284 600 tr‘rrain,
2309 555 2351 592 et
2366 549 2586 593 venientes
2604 551 2646 593 in
2667 550 2855 596 chron'.

1596 615 1795 660 viderunt
1817 625 1904 662 tres
1929 619 2047 664 viros
2067 621 2120 664 de
2140 633 2294 676 genere
2323 619 2457 675 Euae,
2487 621 2553 666 vel
2577 621 2770 674 Enacim,
2794 625 2838 669 id
2879 616 2885 642 ³

1594 694 1657 731 est
1692 689 1746 731 de
1778 690 1942 748 semine
1971 691 2188 748 giganteo,
2214 694 2363 748 quales
2395 696 2526 738 etiam
2565 693 2762 739 vid'erant
2793 697 2866 742 in'

1595 759 1729 804 Tanai
1754 762 1926 807 civitate
1945 763 2132 820 AEgypti,
2159 766 2235 821 qui
2255 773 2297 809 et
2316 778 2339 809 a
2364 765 2517 820 Tanai,
2540 765 2714 812 Titanes
2734 768 2840 828 dieti
2862 771 2878 806 ’-

1593 843 1710 879 sunt.
1743 835 1842 879 Fuit
1875 844 2016 879 autem
2057 837 2228 882 Hebron
2268 847 2430 895 septem
2471 841 2597 883 annis
2620 829 2847 888 'aezliticatu

1591 913 1691 951 ante
1723 899 1871 952 urbem
1913 909 2109 955 Tanaim.
2134 910 2274 965 Unde,
2312 919 2356 956 et
2393 914 2447 955 ab
2483 911 2656 956 Hebron
2691 919 2865 959 semen'

1591 980 1810 1037 gigantum
1851 982 1893 1025 in
1932 982 2162 1040 AEgyptum
2202 986 2477 1030 descendisse
2508 988 2714 1031 exeditur.
2750 987 2838 1031 Ds-
2871 1026 2875 1027 γ

1591 1054 1929 1112 scendentesque
1940 1070 2075 1112 usque
2088 1058 2141 1102 ad
2152 1059 2302 1103 vallem
2317 1060 2597 1112 uberrimam,
2611 1066 2653 1104 et
2668 1069 2855 1105 torrend-
2874 1061 2887 1084 '³‘

1591 1129 1907 1181 temtator-unt
1932 1131 1985 1174 de
2010 1132 2134 1176 malis
2157 1136 2355 1190 granatis
2378 1137 2426 1185 ⁵⁹,
2455 1143 2498 1179 et
2535 1136 2589 1180 de
2624 1136 2718 1180 licis
2754 1137 2837 1183 ioci

1589 1202 1719 1246 illius.
1739 1201 1965 1247 Palmitcm
1985 1217 2154 1260 quoque
2173 1218 2270 1249 cum
2297 1219 2379 1250 uva
2396 1206 2686 1260 absciderunt,
2708 1219 2838 1264 quem
2885 1206 2897 1277 ,ἶ

1589 1286 1676 1332 prae
1699 1276 1993 1334 magnitudine
2009 1278 2201 1323 tulerunt
2224 1281 2266 1323 in
2286 1288 2405 1325 vecte
2438 1282 2523 1326 duo
2545 1283 2641 1325 viri.
2667 1281 2732 1326 ob
2757 1283 2839 1327 boe
2883 1279 2897 1319 ’ἲ

1587 1349 1827 1407 appellatus
1846 1357 1912 1396 est
1929 1352 2052 1396 loeus
2069 1351 2142 1398 ille
2157 1350 2427 1407 Nebelescol‚
2457 1354 2497 1398 id
2522 1361 2586 1399 est
2617 1355 2727 1398 botri
2748 1362 2839 1397 tor·-
2878 1322 2897 1442 ἵ

1586 1436 1703 1468 rens.
2891 1464 2893 1466 ,

1642 1499 1660 1518 “
1680 1497 1851 1542 Addieto
1877 1499 1917 1544 Ι.
1948 1499 2048 1546 Haec
2077 1507 2179 1556 sunt
2218 1502 2394 1546 nomina
2422 1501 2647 1546 duodecim
2688 1505 2841 1560 explo-

1585 1577 1796 1624 ratorum,
1824 1583 1934 1627 quos
1973 1573 2093 1618 misit
2134 1571 2341 1632 Moyses:
2371 1589 2386 1615 ‹
2409 1573 2469 1619 De
2504 1574 2616 1618 tribu
2661 1575 2834 1631 Rubcn,

1586 1645 1790 1692 Sammua
1811 1662 1822 1701 ;
1844 1648 1896 1692 de
1924 1647 2036 1692 tribu
2059 1648 2251 1703 Simeon,
2273 1648 2478 1706 Salpbat;
2500 1650 2552 1692 de
2572 1650 2683 1694 tribu
2705 1649 2850 1705 luda,-
2885 1694 2890 1700 ,

1585 1716 1743 1771 Caleb;
1769 1717 1822 1762 dc
1854 1717 1968 1762 tribu
1995 1717 2209 1772 lssa'cbar,
2234 1719 2344 1778 lgal;
2369 1721 2422 1765 de
2455 1721 2568 1765 tribu
2607 1720 2833 1779 Ephraim,
2887 1714 2888 1717 ¹

1586 1937 1692 1991 Dan,
1718 1928 1929 1991 Ammie13
1954 1937 2007 1982 de
2044 1939 2157 1982 tribu
2195 1939 2317 1992 Aser,
2346 1939 2507 1992 Stbur;
2531 1941 2584 1983 de
2609 1940 2722 1984 tribu
2744 1935 2846 1998 Ne&

1582 2009 1779 2065 phialim,
1814 2008 2004 2064 Nababi;
2045 2012 2098 2055 de
2136 2013 2251 2055 tribu
2296 2012 2406 2066 Gad,
2438 2011 2562 2057 Guel.
2594 2011 2693 2057 llaec
2730 2003 2863 2057 sunt}

1580 2083 1757 2127 nomina
1799 2087 1993 2127 virorum
2019 2086 2276 2141 quosmisit
2315 2085 2499 2143 Moyses,
2538 2086 2829 2131 ad‘conside·
2878 2086 2884 2130 .'

1580 2155 1758 2198 raudam
1793 2163 1950 2198 terram
1978 2153 2171 2198 Chanam
2216 2155 2366 2212 (Num.
2395 2158 2506 2213 xiii).
2528 2173 2543 2199 ι
2857 2194 2862 2199 .

1637 2228 1671 2245 *“
1704 2226 1880 2270 Additio
1910 2220 1957 2271 2.
1995 2227 2314 2284 Malagrauatus
2346 2230 2492 2285 arbor,
2517 2220 2830 2287 malumgrana·

1581 2309 1669 2344 tum
1695 2299 1880 2346 fructus.
2855 2315 2869 2361 j

1577 2389 1678 2434 Car.
1701 2390 1849 2435 xviii.
1886 2391 1943 2435 De
1969 2404 2180 2436 murmure
2213 2393 2356 2449 populi
2394 2403 2468 2450 pro
2506 2407 2586 2451 quo
2622 2407 2696 2451 per
2717 2407 2850 2452 qiua->

1772 2451 1967 2504 draginta
1995 2460 2124 2494 annos
2149 2451 2194 2493 iu
2217 2451 2375 2493 deserto
2400 2451 2627 2507 perierunt.

1636 2518 1919 2576 Rsversique,
1948 2528 2039 2577 post
2065 2522 2158 2565 dies
2192 2522 2494 2578 quadraginta,
2526 2519 2736 2582 venerunt
2771 2525 2825 2568 ad
2878 2523 2879 2526 ’

1576 2593 1779 2648 populum
1796 2605 1919 2636 suum
1936 2593 1976 2636 iu
1995 2591 2132 2638 Gades
2147 2591 2296 2649 (Num.
2318 2599 2430 2648 xiii).
2448 2591 2507 2637 De
2526 2595 2742 2660 trigesima
2757 2608 2825 2639 se·

1579 2668 1717 2710 cunda
1747 2667 1863 2711 enim
1889 2668 2116 2712 mansione
2142 2670 2314 2712 interim
2338 2681 2540 2724 egressus
2567 2675 2658 2712 erat
2681 2682 2821 2725 popu·-

1575 2739 1660 2792 lus,
1675 2745 1717 2782 et
1738 2740 1986 2784 morabatur
2006 2741 2048 2783 in
2066 2741 2283 2797 trigesima
2308 2741 2447 2785 tertia.
2461 2740 2622 2792 Tamen
2646 2742 2822 2797 quidam
2844 2747 2846 2749 ’

1577 2812 1750 2855 tradunt
1770 2811 1884 2867 quod
1911 2812 1964 2856 de
1987 2810 2125 2856 Gades
2157 2813 2276 2857 missi
2307 2821 2409 2858 sunt
2431 2814 2741 2870 exploratores,
2777 2821 2822 2859 et
2872 2829 2873 2832 ¹

1575 2884 1636 2928 ibi
1660 2897 1734 2930 cos
1757 2885 2021 2941 exspectavit
2057 2886 2260 2941 populus.
2287 2884 2406 2935 Hanc
2441 2888 2711 2932 mansionem
2741 2899 2820 2931 vo-

1575 2965 1644 3002 cat
1669 2957 1882 3015 Josepbus
1917 2953 2175 3012 convallem,
2201 2957 2323 3015 juxta
2355 2959 2821 3007 Chananmnrumter-

1574 3033 1715 3077 minos
1734 3033 2041 3086 existentem-⁶,
2071 3041 2112 3077 et
2136 3033 2190 3076 ad
2212 3034 2493 3079 habitandum
2517 3034 2750 3086 difficilem,
2776 3043 2821 3078 et
2852 3025 2856 3031 ’

1573 3107 1929 3151 commendantes
1945 3106 2026 3151 viri
2056 3113 2216 3151 terram
2239 3120 2368 3163 quam
2394 3108 2603 3162 videraut,
2639 3108 2821 3153 addide-

1573 3187 1677 3224 runt
1714 3183 1765 3224 ··.
1810 3197 1825 3223 ι
1856 3179 1938 3225 Sed
1976 3179 2165 3226 cultores
2194 3180 2455 3226 fortissimos
2503 3182 2648 3233 habet,
2690 3182 2819 3226 urbes

1573 3252 1759 3309 grandes
1814 3259 1860 3298 et
1897 3261 2106 3307 muratas,
2139 3254 2315 3310 stirpem
2359 3253 2476 3299 Enac
2509 3255 2696 3298 vidimus
2717 3255 2822 3315 sthi,

1572 3325 1731 3381 quibus
1760 3337 1840 3370 nos
1878 3325 2116 3381 comparati
2158 3326 2282 3382 quasi
2320 3327 2499 3372 locustae
2532 3322 2812 3386 videbantur-3

1569 3471 1691 3525 Quod
1717 3473 1779 3516 sic
1802 3472 1979 3528 exponit
2001 3470 2223 3518 Hebraeus.
2258 3472 2392 3518 Terra
2423 3476 2593 3519 intirma
2617 3485 2695 3526 cst,
2733 3487 2811 3520 nec

1568 3544 1726 3589 babere
1774 3545 1939 3590 diutius
1975 3546 2145 3592 vivaces
2169 3548 2365 3592 homines
2407 3555 2562 3604 potest,
2603 3549 2669 3592 vel
2708 3549 2810 3605 quia

1567 3617 1673 3660 nulli
1697 3619 1810 3674 genti
1846 3618 2000 3663 licebat
2023 3619 2095 3663 diu
2130 3619 2172 3663 in
2206 3632 2256 3665 ea
2296 3620 2501 3675 babitare,
2525 3631 2702 3678 propter
2723 3621 2811 3671 fre.-

1566 3698 1744 3747 quentcs
1768 3693 2109 3748 impugnationes
2134 3695 2541 3749 supervenient-ium.
2568 3693 2688 3739 Unde
2710 3708 2808 3751 pro-

1567 3765 1692 3819 pheta
1713 3777 1813 3808 cum
1834 3766 2109 3820 securitatem
2133 3769 2412 3823 permanendi
2457 3768 2517 3814 illi
2541 3776 2667 3814 terne
2688 3770 2807 3826 polii·
2833 3765 2838 3815 J
2912 3759 2915 3812 ἱ

1565 3844 1701 3888 cetur,
1739 3837 1822 3882 hoc
1859 3839 2138 3894 opprobrium
2170 3839 2224 3882 ab
2263 3852 2310 3883 ea
2360 3841 2636 3885 auferendum
2683 3842 2803 3895 dicit,

1563 3909 1677 3964 quod
1712 3921 1796 3953 non
1824 3911 2046 3956 vocabitur
2073 3918 2186 3956 terra
2212 3913 2399 3956 cultores
2436 3926 2539 3958 suos
2572 3912 2800 3958 devorans.

1562 3981 1706 4025 Potest
1746 3989 1906 4035 tamen,
1929 3990 1972 4027 et
2006 3983 2049 4026 in
2093 3985 2507 4029 commendationem
2545 3994 2666 4029 terrae
2695 3986 2798 4039 dici,

1561 4055 1675 4110 quod
1697 4055 1804 4099 adeo
1826 4056 1938 4101 bona
1957 4055 2031 4107 sit,
2054 4062 2101 4098 ut
2124 4056 2266 4100 nullus
2290 4069 2340 4100 ex
2363 4069 2414 4101 ea
2438 4051 2699 4115 peregrinari
2726 4071 2800 4103 ve·
2910 4074 2913 4106 ῑ

1559 4127 1623 4180 lit,
1649 4129 1720 4170 sed
1740 4129 1812 4183 qui
1834 4129 1874 4171 in
1893 4140 1943 4172 ea
1967 4128 2174 4183 nascitur,
2200 4130 2382 4173 moritur
2415 4128 2455 4173 in
2481 4131 2646 4174 eadem.
2667 4130 2799 4188 igitur
2848 4139 2850 4142 '
2908 4139 2913 4145 ’·

1559 4200 1738 4244 audiens
1763 4201 1854 4244 baec
1885 4202 2027 4252 omnis
2049 4203 2189 4257 turba,
2227 4202 2358 4256 flevit,
2379 4204 2557 4249 dicens:
2584 4219 2599 4247 t
2625 4205 2796 4251 Utinam

1559 4273 1715 4315 mortui
1742 4284 1934 4317 essemus
1965 4274 2008 4317 in
2030 4272 2215 4330 AEgypto
2240 4275 2250 4317 i
2738 4271 2745 4325 J
2774 4268 2775 4271 ¹

1611 4337 1761 4388 Nonne
1782 4340 1935 4389 melius
1956 4352 2022 4390 est
2046 4347 2201 4391 reverti
2226 4346 2270 4390 in
2294 4346 2526 4406 AEgyptiim
2558 4362 2684 4413 quam
2714 4363 2792 4395 ca·

1557 4417 1712 4461 damus
1735 4416 1894 4473 gladio,
1922 4424 1964 4461 et
1990 4423 2146 4471 uxores
2179 4416 2220 4463 ct
2251 4419 2376 4471 liberi
2407 4422 2630 4478 tradantur
2652 4423 2791 4476 capti·
2833 4447 2840 4469 ,=
