2924 4588
631 104 1075 161 soxiLOQmonUM
1106 107 1176 151 DE
1216 98 1622 155 INSTRUCTIONE
1650 111 1841 158 ANlMAE
1871 114 1973 161 Lm.
2006 116 2058 161 11.
2551 123 2632 168 868

45 200 186 263 2⁴.qu
225 201 305 244 sibi
345 199 479 242 omnis
514 212 699 251 concors,
734 201 997 256 conyreqatio
1033 199 1148 258 [cod.
1187 200 1303 243 Gem.
1329 204 1363 247 A
1387 174 1743 256 'peccatumsillud
1774 208 1992 262 commisi,
2033 215 2077 254 et
2114 211 2230 266 quod
2269 210 2373 254 illud
2402 223 2427 253 a
2459 214 2634 267 praelato

67 272 582 333 cohors-congreqalionis]
613 273 838 316 seeundum
873 274 1060 316 timorem
1090 273 1185 326 Dei,
1225 275 1309 318 sive

64 348 192 393 etiam
214 339 342 400 pars,
386 346 578 401 quamvis
609 346 664 388 sit
699 358 826 400 parva
863 345 955 402 [id.
989 339 1189 401 quamvis
1219 358 1311 390 mo-⁷

33 454 35 458 Α
64 418 176 475 dica]
201 418 528 474 congregationis
550 418 708 460 sanatori
732 418 904 461 consilio
928 417 1110 474 eleqerie.

79 533 83 536 .
119 491 288 534 Anima.
319 489 432 533 Vera
448 489 648 534 videntur
662 487 876 546 essequae
892 491 1017 535 dicis.
1281 535 1294 542 „

53 554 259 618 afflatio.
291 561 401 605 Ecce
424 562 518 612 tihi,
555 574 581 604 o
612 563 753 605 anima
783 575 894 613 mea,
920 561 1202 619 professionis
1226 571 1309 611 tuae

56 623 195 700 herba
232 634 413 690 exposui.
447 635 699 690 sigillatim?
725 635 835 678 Ecce
874 635 960 678 tihi'
991 638 1178 689 ostendi,
1213 651 1309 695 quae

54 701 336 764 promisisti?
371 705 526 749 Utrum
547 718 650 749 vero
670 719 721 749 ea
746 705 928 751 fideliter
948 709 1103 753 reddas
1118 741 1130 761 ‚
1159 716 1204 753 tu
1242 709 1309 755 vi-

58 777 199 823 deris.

537 813 718 893 CAPCT
757 850 828 894 lv.

68 936 282 994 Quomoao
317 939 534 994 eat-prandia
571 942 655 983 sint
687 942 935 996 multiplices
970 951 1156 987 votorum
1179 959 1228 989 ac
1249 945 1309 988 le·-

58 997 182 1054 '5:95⁸
216 995 365 1038 divium
405 998 751 1051 transqressiones
782 1001 801 1043 ?
838 998 915 1053 Cui
940 1002 1177 1057 confitenda
1214 1012 1307 1057 pec-

124 1059 234 1103 cata,
254 1059 338 1095 etc.

56 1131 59 1134 ’
121 1139 291 1183 Anima.
319 1137 456 1187 Video
477 1143 598 1184 certe
619 1148 688 1183 me
711 1140 903 1196 quotidie
936 1141 1173 1199 infringere
1198 1145 1307 1201 scod.

69 1209 182 1256 Gein.
220 1210 434 1269 frangere]
471 1218 570 1257 vota
603 1225 721 1267 me‚a;
766 1219 809 1258 et
843 1213 948 1270 qnid
981 1214 1086 1262 mihi
1118 1217 1309 1259 coiisulis

68 1284 233 1330 lacere?
712 1275 714 1278 ¹

81 1399 84 1401 ,
120 1355 260 1399 Ratio.
294 1354 472 1412 Culpam
507 1362 625 1400 tuam
662 1358 785 1413 plene
814 1370 1063 1414 agnoscere,
1091 1359 1311 1405 humiliter

66 1426 250 1479 deflere,
293 1441 399 1484 pure
438 1429 631 1473 confiteri
652 1462 663 1481 ,
702 1429 829 1487 digne
864 1443 946 1486 pro
967 1443 1018 1475 ea
1040 1430 1308 1486 satisfacere,

51 1493 111 1550 sset
131 1500 184 1545 de
203 1507 357 1544 caetero
379 1513 565 1546 cessare.

120 1571 287 1616 Anima.
320 1572 434 1617 Bene
456 1572 581 1618 dicis.
621 1573 702 1618 Sed
735 1574 806 1617 cui
829 1574 964 1619 debeo
988 1576 1182 1620 confiteri
1206 1588 1306 1632 pec·

3 1690 5 1695 ,
55 1644 160 1691 -eata
182 1645 310 1689 mea?

0 1720 4 1766 i
120 1717 258 1762 Ratio.
290 1717 385 1769 Cui,
411 1719 497 1762 nisi
521 1719 696 1775 prtelato
717 1725 791 1762 tuo

121 1789 287 1835 Anima.
322 1789 367 1834 Si
399 1804 468 1835 me
496 1791 724 1847 eontigerit
755 1791 928 1848 aliquod
962 1804 1163 1848 maguum
1189 1805 1308 1837 com·

67 1863 235 1912 misisse
286 1869 329 1907 et
366 1865 542 1920 praelato
581 1877 679 1908 meo
724 1866 856 1909 timeo
893 1867 960 1910 vel
998 1867 1209 1912 erubesco
1240 1867 1308 1911 vel

68 1936 195 1979 etiam
218 1935 318 1979 nolo
341 1937 546 1986 revelare,
570 1949 714 1980 nonne
739 1937 843 1980 illud
866 1939 989 1981 alteri
1012 1951 1188 1994 possum
1209 1950 1309 1983 con·

66 2006 192 2059 meri,
213 2014 255 2051 et
278 2021 353 2064 per
376 2021 472 2052 eum
499 2009 693 2054 absolvi?

62 2094 67 2101 ·
117 2079 257 2124 Ratio.
291 2079 382 2124 Nou
419 2074 586 2125 'aestimo
607 2082 738 2136 ‘quod
769 2081 858 2125 ¹ista
897 2082 1114 2127 consessio
1137 2096 1188 2127 ex
1215 2087 1308 2127 toto

69 2153 155 2197 Deo
178 2154 359 2210 plac-eat.
386 2155 453 2198 vel
473 2154 558 2198 ista
579 2154 793 2199 absolutio
814 2154 892 2199 tibi
914 2154 1110 2200 sufficiat.

118 2226 285 2269 Anima.
319 2226 430 2279 Quid
470 2239 573 2283 ergo
613 2228 803 2272 faciam?
857 2229 893 2273 si
933 2240 1088 2283 magna
1129 2229 1305 2273 vulnera

65 2310 159 2343 mea
179 2299 218 2343 ei
241 2300 482 2351 ostendam,
519 2301 651 2344 timeo
673 2313 727 2344 ne
749 2313 817 2344 me
841 2306 884 2345 et
914 2302 1050 2357 magis
1074 2301 1128 2346 de
1152 2310 1305 2345 caetero
1327 2324 1360 2369 C

66 2369 217 2422 habeat
254 2372 381 2415 vilem
414 2379 456 2416 et
484 2373 627 2416 minus
672 2373 756 2418 sihi
794 2373 1066 2418 familiarem.
1105 2374 1156 2418 Et
1197 2387 1306 2430 quo—

66 2442 191 2487 modo
212 2443 252 2487 ei
272 2444 572 2488 enormitatem
595 2445 807 2490 scelerum
840 2459 1035 2491 meorum
1058 2453 1209 2502 potero
1230 2449 1305 2490 de-

66 2521 228 2573 tegere,
262 2530 390 2574 quem
425 2518 616 2574 quotidie
656 2531 833 2564 necesse
865 2525 934 2564 est
972 2532 1040 2563 me
1077 2521 1305 2575 aspicere3

66 2601 162 2655 cum
184 2602 268 2645 quo
290 2603 358 2635 me
385 2596 554 2646 oportet
587 2596 714 2635 nocte
737 2597 778 2635 ot
802 2592 872 2636 die
901 2592 1139 2645 demo·rari;
1164 2592 1234 2635 cui
1262 2597 1304 2635 et

66 2674 144 2718 ego
168 2677 334 2719 semper
362 2664 527 2727 irascor
563 2671 605 2709 et
642 2666 735 2722 ipse
770 2667 906 2710 milii?
930 2666 1313 2723 Sempe-riquando-

66 2737 407 2790 ute-intuebitur,
441 2737 634 2794 cogitare
668 2751 766 2782 eum
805 2739 859 2783 de
889 2752 986 2783 meo
1021 2740 1203 2783 crimine
1224 2752 1306 2796 pu-

66 2809 180 2863 tabo.
208 2809 389 2862 Qnando
412 2811 517 2854 milii
539 2811 769 2867 irascetur,
804 2825 901 2856 eum
926 2825 1005 2869 pro
1025 2814 1186 2857 scelere
1209 2825 1304 2856 meo

69 2891 135 2924 ine
156 2881 326 2926 credam
354 2882 591 2937 despicere.
618 2881 882 2938 suspicabor
909 2884 1039 2927 etiam
1069 2896 1168 2930 eum
1192 2896 1307 2927 nun·-

65 2963 192 3010 quam
220 2955 328 3000 velle
356 2966 434 2998 me
470 2967 634 3006 amare,
669 2967 891 3012 nunquam
930 2957 1037 3000 velle
1070 2957 1176 3000 mihi
1209 2968 1305 3000 cre-

63 3025 207 3080 dere3
266 3032 308 3075 et
345 3026 413 3070 his
452 3032 580 3084 atque
617 3027 865 3083 huJusmodi
905 3030 1304 3085 perturbationibus

66 3104 214 3143 uexata
261 3100 443 3144 interius
486 3106 614 3156 atque
653 3106 820 3145 vastata
837 3132 850 3154 ‚
892 3112 1113 3157 nunquam
1154 3113 1302 3157 pacem

67 3166 245 3240 habebo.
298 3209 305 3214 .
461 3224 470 3231 ‚

110 3257 255 3305 natio.
287 3260 322 3305 Ο
359 3274 487 3318 quam
527 3263 801 3319 profundus,
842 3255 1033 3320 o'quam
1072 3264 1300 3315 obscurus,

68 3342 276 3390 quamque
296 3335 538 3391 malitiosus
561 3343 627 3380 est
649 3337 818 3380 animus
843 3337 1083 3380 humanus!
1109 3336 1203 3379 Non
1224 3337 1302 3380 tihi

63 3406 239 3449 necesse
274 3410 339 3450 est
375 3404 466 3450 haec
503 3408 556 3450 de
590 3409 765 3463 praelato
805 3415 876 3452 tuo
910 3409 1141 3464 suspicari.
1176 3408 1227 3451 Et
1266 3410 1302 3452 si

69 3473 174 3520 sorte
193 3476 298 3533 ipse,
321 3477 436 3534 quod
458 3481 607 3536 procul
630 3481 766 3524 absit!
795 3482 894 3525 talis
916 3483 971 3524 sit
1000 3488 1046 3524 ut
1067 3482 1157 3525 haec
1180 3481 1233 3526 de
1252 3495 1303 3526 eo

71 3550 272 3598 veraciter
294 3553 483 3610 cogitare
513 3554 579 3597 vel
613 3554 757 3598 dicere
791 3567 959 3610 posses,
986 3555 1213 3599 consilium
1237 3560 1304 3597 ta-

69 3621 162 3666 men
193 3635 332 3681 meum
367 3632 436 3670 est
468 3631 516 3670 ut
552 3614 591 3670 ei
629 3635 794 3671 reatuin
820 3633 943 3671 tuum
980 3629 1158 3684 pandas.
1192 3627 1302 3679 Quia

68 3693 216 3739 metius
240 3695 318 3741 tibi
341 3698 426 3742 erit
447 3697 538 3756 liaec
566 3700 711 3742 omnia
745 3700 858 3760 pati,
876 3707 924 3745 ut
947 3701 1126 3745 salveris
1150 3706 1191 3744 et
1214 3701 1301 3745 sol-

71 3765 345 3828 numquam
368 3770 408 3815 ei
433 3772 661 3822 commissa
684 3773 838 3826 celare,
863 3778 911 3816 ut
931 3774 1001 3817 hic
1023 3773 1167 3829 ligeris
1190 3769 1232 3817 et
1255 3772 1301 3816 in

69 3839 268 3883 &ornum
288 3840 521 3887 damneris.

71 3921 74 3924 ’
102 3925 282 3976 ‘Auitum
315 3919 522 3989 thuare
543 3934 699 3991 aliquis
721 3935 830 3979 alins
853 3936 1055 3991 praelatus
1079 3936 1300 3980 absolvere

71 3994 238 4063 menon
257 4006 427 4062 potest?
518 3999 526 4005 ’

112 4077 259 4136 saeuo.
289 4092 341 4136 Et
365 4096 400 4137 si
425 4095 612 4139 concedo
650 4086 703 4137 ab
735 4095 820 4138 alio
853 4102 894 4138 te
917 4095 1098 4147 absolvi,
1123 4097 1220 4151 quis
1244 4097 1298 4139 ab

72 4157 342 4233 hucpeccato
365 4174 405 4211 te
426 4168 616 4212 absolvet
639 4168 753 4228 quod
775 4168 1009 4212 committis
1045 4167 1089 4212 in
1110 4181 1160 4213 eo
1183 4170 1297 4225 quod

71 4235 281 4294 mprium
302 4241 523 4295 prailatum
547 4241 689 4296 sugis?

121 4320 286 4370 Anima.
315 4325 388 4371 llle
413 4341 480 4372 me
500 4330 555 4372 ab
576 4335 763 4385 utroque
784 4330 975 4375 absolvet
998 4339 1190 4387 peccato,
1225 4334 1295 4376 cui

73 4399 540 4456 wumqioemntiteor.
573 4402 788 4447 Confiteor
810 4416 994 4461 namque
1015 4403 1074 4457 ei,
1106 4405 1220 4463 quod
1255 4411 1296 4451 ct

1389 286 1486 324 meo
1509 277 1617 320 celo,

1443 345 1585 390 Ratio.
1619 347 1870 405 Diligenter,
1894 364 2058 407 quaeso,
2091 351 2281 409 intellige
2302 354 2417 409 qnod
2439 360 2480 397 te
2502 355 2638 398 inter-

1390 431 1510 475 rogo,
1536 424 1580 463 et
1616 421 1668 463 ad
1706 422 1747 464 id
1783 423 1896 477 quod
1923 433 1963 467 te
1987 426 2204 480 interrogo
2227 426 2323 468 inde
2351 426 2456 469 milii
2478 437 2635 471 conse·-

1390 496 1576 545 quenter
1597 493 1824 547 responde.

1443 562 1613 606 Anima.
1646 563 1866 620 Interroga
1890 567 2004 620 quod
2028 566 2109 610 vis.

1443 634 1585 679 Ratio.
1622 634 1814 681 Putasne
1855 639 2041 694 aliquem
2096 652 2121 683 a
2177 647 2354 695 peccato
2389 652 2469 683 suo
2509 652 2638 697 posse

1389 707 1555 751 absolvi
1581 708 1786 764 quamdiu
1810 719 2057 766 perseverat
2081 711 2126 754 in
2148 714 2228 756 eo?

1444 780 1611 834 Anima,
1643 780 1772 824 Nullo
1809 783 1938 825 modo
1975 784 2056 826 hoc
2100 791 2204 839 puto
2230 799 2240 809 ·
2280 785 2484 840 quamdiu
2521 786 2636 829 enim

1389 859 1613 908 peccatum
1639 866 1724 896 non
1747 854 1964 907 abjicitur,
1989 856 2109 899 nullo
2131 857 2257 899 modo
2281 858 2567 900 condonatur.

1443 924 1583 967 Ratio.
1616 924 1749 981 Igitur
1787 926 1950 978 fateris,
1995 933 2038 970 te
2076 929 2193 970 nullo
2232 929 2359 971 modo
2398 942 2421 970 a
2459 935 2636 984 peccato

1390 1001 1466 1039 tuo
1487 997 1668 1050 absolvi,
1707 999 1904 1053 quamvis
1927 998 2127 1043 confessa
2151 999 2301 1053 rueris,
2331 1000 2416 1043 nisi
2440 999 2544 1043 illud
2566 1012 2636 1044 re·

1391 1068 1568 1125 liqueris
1589 1069 1608 1113 ‘2

1444 1160 1613 1203 Anima.
1643 1158 1776 1203 Plane
1800 1159 2023 1204 confiteor.
2062 1160 2172 1214 Quid
2195 1161 2308 1204 enim
2334 1161 2437 1205 mihi
2461 1162 2637 1218 prodest

1334 1263 1368 1306 B
1391 1230 1605 1281 confiteri,
1632 1231 1668 1274 si
1691 1231 1792 1274 nolo
1812 1238 2034 1286 peecatum
2058 1231 2334 1286 relinquere?
2356 1230 2510 1275 Mirum
2529 1233 2635 1276 mihi

1393 1302 1560 1346 videtur
1584 1315 1718 1358 quare
1745 1303 1861 1349 istud
1898 1303 2156 1360 interrogas,
2185 1315 2284 1346 cum
2320 1315 2448 1347 nemo
2479 1304 2535 1349 sit
2561 1307 2635 1361 qui

1391 1376 1471 1419 boc
1490 1377 1677 1432 ignorat.

1444 1462 1584 1507 Ratio.
1612 1463 1733 1508 Scias
1749 1464 1830 1508 hoc
1849 1464 1937 1520 jam
1961 1475 2095 1520 quare
2114 1469 2157 1508 te
2177 1465 2436 1522 interrogem
2462 1472 2635 1511 :utrum

1389 1538 1480 1582 sola
1504 1537 1777 1582 consessione
1813 1539 1981 1594 possint
2011 1538 2242 1595 aliquando
2287 1538 2382 1596 [cod
2438 1541 2636 1586 Metau-

1387 1601 1620 1668 quomodo]
1653 1617 1830 1666 peccata
1870 1611 2060 1664 dimitti,
2099 1613 2288 1667 quandiu
2323 1620 2497 1668 peccata
2531 1617 2636 1658 reti-

1386 1690 1544 1727 nentur
1566 1691 1610 1728 et
1631 1691 1796 1728 retenta
1832 1691 2102 1729 exercentur.
2127 1686 2189 1730 Ne
2219 1686 2343 1734 sorte.
2370 1687 2405 1730 si
2425 1701 2509 1731 non
2531 1701 2633 1743 pos-

1388 1763 1506 1808 sunt,
1526 1755 1638 1813 quod
1655 1758 2040 1809 tutameucredis,
2067 1758 2231 1802 absolvi
2257 1771 2342 1802 non
2367 1765 2526 1816 possis,
2550 1762 2632 1806 nisi

1386 1830 1560 1884 proprio
1579 1830 1753 1885 praelato
1776 1830 2038 1874 confitearis.

1442 1919 1611 1965 Anima.
1631 1919 1758 1964 Certe
1779 1920 2026 1969 nuliatenus
2043 1927 2241 1977 possunt.
2269 1921 2368 1966 Haec
2386 1923 2498 1966 enim
2527 1923 2633 1968 tides

1386 1992 1600 2036 catholica
1643 1993 1820 2041 omnino
1863 2006 1949 2036 non
1988 1993 2156 2049 recipit.
2202 1993 2339 2038 Etiam
2386 1996 2423 2039 si
2457 1998 2632 2052 proprio

1387 2069 1564 2122 praelato
1586 2066 1714 2110 niodo
1735 2067 1962 2117 confiteor,
1994 2074 2036 2110 et
2055 2072 2279 2122 peccatum
2316 2080 2458 2112 meum
2497 2070 2631 2112 relin-

1387 2153 1519 2197 quere
1558 2141 1675 2190 nolo,
1723 2141 1842 2185 nullo
1885 2141 2010 2184 inodo
2030 2135 2249 2185 absolvor.
2275 2139 2426 2183 Omnis
2446 2152 2633 2195 namquo

1386 2213 1459 2269 qui
1486 2225 1509 2256 a
1535 2225 1614 2257 suo
1633 2219 1811 2269 peccato
1838 2213 1930 2254 vult
1959 2211 2144 2263 absolvi,
2182 2224 2362 2255 necesse
2383 2218 2449 2256 est
2479 2225 2632 2267 pecca-

1386 2293 1477 2330 tum
1499 2299 1623 2329 suum
1647 2288 1780 2341 ¹plene
1802 2297 2052 2341 agnoscere,
2087 2284 2277 2331 secundo
2313 2286 2520 2340 poenitere
2542 2285 2632 2328 sire

1386 2359 1549 2410 dolere,
1593 2358 1721 2403 tertio
1757 2358 1970 2408 confiteri,
2014 2362 2168 2414 quarto
2195 2357 2460 2407 satisfacere,
2480 2357 2631 2412 quinto

1386 2433 1629 2484 continere3
1659 2440 1701 2475 et
1736 2439 1837 2476 tunc
1873 2432 2042 2483 demum
2063 2436 2184 2474 sexto
2209 2430 2365 2486 poterit
2384 2429 2436 2473 de
2460 2431 2630 2473 miseri-

1386 2505 1533 2551 cordia
1581 2504 1657 2548 Dei
1697 2505 1928 2549 confidere.
1973 2502 2024 2545 Et
2069 2499 2250 2558 septimo
2299 2505 2343 2545 in
2364 2502 2631 2546 conscientia

1385 2576 1577 2628 suaviter
1599 2588 1696 2621 cum
1722 2576 1902 2620 Domino
1927 2574 2213 2630 requiescere.

1870 2662 2051 2708 CAPUT
2086 2661 2136 2706 V.

1386 2755 1586 2800 Pluribus
1611 2757 1863 2807 ostenditur,
1888 2760 2055 2809 peccata
2107 2754 2394 2808 retiqiosorum
2430 2766 2510 2795 non
2544 2754 2627 2797 m‘si

1437 2811 1617 2868 propriis
1649 2813 1837 2867 prietatis
1868 2824 1955 2854 esse
1991 2809 2248 2864 confitenda,
2274 2821 2345 2850 nec
2383 2821 2627 2864 quemquam

1438 2869 1564 2925 facilc
1599 2867 1648 2910 ab
1679 2868 1754 2911 ltoc
1779 2867 1999 2910 absterreri
2020 2866 2164 2909 debere
2195 2872 2306 2908 metu
2331 2864 2625 2918 publicationis

1439 2932 1479 2967 et
1501 2924 1702 2979 infamioe.

1438 3013 1579 3059 Ratio.
1607 3014 1785 3070 Semper
1808 3013 1953 3069 igitur,
1975 3019 2029 3059 ut
2046 3025 2096 3056 ex
2119 3012 2262 3057 verbis
2284 3013 2371 3056 tuis
2398 3014 2526 3056 etiam
2543 3012 2624 3055 da-

1384 3093 1456 3130 tur
1479 3087 1684 3143 intelligi,
1708 3086 2025 3130 consessionem
2046 3098 2135 3129 non
2159 3087 2299 3129 solum
2320 3084 2624 3140 comitari‚sed

1383 3160 1512 3203 etiam
1535 3159 1775 3215 praeccdere
1797 3158 2109 3215 debet'peccati
2131 3158 2330 3214 abjectio.

1438 3247 1607 3292 Anima.
1644 3247 1798 3303 'Utique
1820 3247 1959 3291 debet.
1976 3245 2103 3290 Prius
2121 3246 2235 3290 enim
2261 3244 2457 3288 Salvator
2476 3251 2625 3289 noster

1383 3321 1719 3378 quatriduanum
1746 3320 1953 3363 Lazarum
1992 3325 2209 3363 mortuum
2233 3317 2462 3362 vivificavit
2492 3322 2533 3361 et
2554 3317 2621 3361 vi·

1328 3396 1362 3438 D
1385 3394 1600 3437 vificatum
1626 3392 1742 3435 foras
1765 3392 1911 3435 venire
1935 3391 2060 3444 secit;
2082 3396 2124 3435 et
2146 3397 2248 3434 tunc
2269 3390 2441 3433 demum
2456 3397 2501 3432 ut
2521 3402 2619 3433 eum

1352 3451 1354 3453 ³
1384 3465 1598 3510 solverent
1620 3464 1844 3519 discipulis
1867 3464 2082 3518 praecepit.
2109 3461 2180 3505 Sic
2209 3473 2288 3504 nos
2315 3460 2368 3503 ad
2391 3460 2613 3503 adventum

1382 3536 1441 3594 pii
1473 3523 1573 3580 Iesu
1598 3534 1991 3592 perpoenitentiam
2025 3532 2305 3577 vivificamur.
2337 3531 2535 3574 Secundo
2563 3529 2616 3570 ad

1381 3621 1582 3666 magnum
1604 3621 1732 3664 quem
1769 3608 1822 3650 de
1851 3612 1992 3650 mente
2014 3607 2165 3650 emittit
2188 3605 2417 3648 clamorem
2435 3635 2445 3653 ,
2475 3603 2616 3645 ablata

1380 3683 1500 3736 prius
1519 3681 1689 3724 duritiae
1723 3686 1841 3735 petra
1864 3679 1916 3722 de
1948 3679 2150 3733 spelunca
2182 3677 2322 3719 fetidae
2345 3675 2615 3718 conscientire

1379 3767 1455 3810 per
1478 3753 1791 3812 consessionem
1830 3751 2075 3806 egredimur
2107 3756 2148 3792 et
2182 3750 2350 3791 tandem
2382 3760 2405 3789 a
2429 3747 2614 3806 praelatis

1379 3826 1559 3877 nostris,
1584 3826 1658 3882 qui
1696 3823 1895 3879 discipuli
1931 3823 2026 3876 eJus
2049 3826 2149 3864 suut
2166 3853 2179 3873 ,
2204 3819 2464 3863 absolvimur
2485 3824 2527 3861 et
2569 3818 2613 3861 in

1377 3901 1491 3943 viam
1518 3883 1867 3952 deindejustitiae
1891 3895 2009 3938 abire
2034 3894 2231 3937 sinimur.
2256 3891 2365 3944 Quid
2387 3903 2487 3946 ergo
2513 3903 2611 3946 pro-

1378 3973 1543 4022 desset,
1570 3972 1607 4014 si
1641 3969 1838 4025 discipuli
1863 3968 2070 4010 Lazarum
2097 3973 2329 4017 mortuum,
2358 3964 2525 4007 etiamsi
2559 3963 2611 4005 de

1377 4051 1653 4089 monumento
1675 4043 1837 4087 suisset·
1849 4053 2061 4096 egressus,
2077 4036 2473 4083 absolverent?N0n
2496 4037 2608 4090 plns,

1378 4122 1424 4159 ut
1439 4116 1543 4160 mibi
1562 4115 1745 4165 videtur,
1765 4113 1904 4156 adhuc
1921 4111 2048 4154 hodie
2062 4110 2235 4166 prodest
2250 4108 2364 4164 quod
2382 4120 2405 4150 a
2423 4107 2609 4162 praetatis

1375 4191 1576 4233 videntur
1600 4188 1760 4231 absolvi
1781 4192 2044 4241 peccatore&
2067 4185 2138 4239 qui
2158 4190 2335 4225 mortem
2360 4180 2540 4236 pcccati,
2563 4180 2609 4222 in

1376 4274 1461 4318 qua
1479 4260 1684 4305 exstincti
1709 4259 1870 4315 jacent,
1896 4270 1971 4313 per
1995 4257 2203 4300 vivificam
2228 4253 2392 4310 pcccati
2418 4251 2610 4294 relictio·-

1375 4345 1473 4377 nem
1501 4344 1524 4374 a
1541 4344 1588 4376 se
1608 4343 1695 4374 non
1716 4329 1943 4385 repellunt.
1968 4329 2020 4372 Et
2041 4328 2142 4385 quid
2166 4338 2341 4371 necesse
2370 4329 2436 4367 est
2457 4322 2510 4366 de
2525 4321 2608 4364 hac

1355 4419 1422 4452 re
1445 4404 1627 4462 amplius
1655 4401 1802 4459 loqui?
1829 4403 1969 4447 nullus
1993 4402 2106 4446 cuim
2132 4407 2194 4446 est
2217 4399 2288 4456 qui
2314 4399 2479 4443 nesciat
2502 4395 2606 4440 illud
