2924 4588
199 22 282 70 3Ιὶ

1087 17 1259 62 Anam
1288 17 1894 74 PRAEt-tONSTnATENSts,
1910 58 1916 63 ..

2831 4 2838 27 l

2693 29 2778 74 zi!
2831 31 2838 58 '³

2820 68 2840 86 ἠ

199 118 274 156 tur
289 112 450 170 regiam
478 109 1178 168 principatuum,dominationum
1206 110 1455 165 praerogati-
1479 119 1511 158 Α
1537 109 1616 160 elit,
1637 116 1679 154 et
1695 121 1770 153 rex
1784 109 1887 160 dici,
1908 108 2041 154 David
2064 123 2151 156 non
2168 113 2383 158 immerito
2401 118 2761 174 potestappellari
2828 95 2841 150 s

201 195 316 236 vum,
348 183 687 240 placiditsimam
714 183 961 239 aequitatem
986 182 1029 224 in
1053 181 1238 232 thronis,
1268 182 1455 236 plenitu‘-

202 258 347 301 dinem
362 256 554 301 scientia:
567 255 611 299 in
623 255 865 306 cherubim,
877 260 919 298 et
931 253 1180 303 indeficiens
1195 254 1327 298 divini
1341 265 1456 297 amo·

201 329 265 373 ris
287 329 534 373 incendium
558 330 603 372 in
621 328 856 385 seraphim.
874 327 1150 372 Perambulat
1178 327 1451 383 patriarcba-

201 413 300 445 rum
321 414 499 454 cuneos,
523 402 831 458 pophetarum
852 401 1029 452 choros,
1060 406 1255 445 senatum
1280 406 1454 456 aposto-

202 475 362 528 lorum,
389 488 630 533 purpureas
659 480 896 532 martyrum
928 486 1130 527 coronas,
1154 474 1336 517 candida
1365 475 1454 516 vir-

203 550 350 606 ginum
367 555 499 602 serta.
519 555 562 594 et
591 560 746 593 aureas
763 547 808 591 in
826 547 1063 591 Catholicis
1085 547 1337 591 doctoribus
1361 553 1454 590 tor-

201 635 327 680 ques.

257 694 326 740 lli.
360 693 473 739 Ecce
501 700 651 740 noster
673 693 832 751 Ioseph
867 705 1099 750 supernam
1133 693 1250 736 illam
1276 692 1452 736 domum

202 765 499 822 frequentans,
523 766 710 822 religans
730 765 790 809 ibi
805 765 1021 822 primitias
1043 765 1223 820 spiritus
1235 765 1304 808 sui
1323 764 1450 807 adin·

199 846 293 883 star
315 839 432 883 illius
458 840 627 896 aquilae,
652 852 765 894 quae,
797 838 849 882 ad
886 843 1148 895 praeceptum
1173 836 1343 881 Domini
1366 837 1453 880 ele·

200 917 316 962 vata,
341 911 462 968 ponit
484 912 529 954 in
554 912 701 956 arduis
717 910 867 955 nidum
890 911 991 962 sibi,
1017 910 1060 953 in
1083 910 1218 966 petris
1251 922 1448 960 manens,

201 992 245 1030 et
267 985 311 1028 in
334 986 563 1041 praeruptis
590 985 803 1035 silicibus,
838 990 971 1041 atque
1003 984 1242 1029 inaccessis
1269 984 1450 1040 rupibus

200 1071 476 1103 commorans
497 1040 592 1116 (Jo‘b
612 1071 760 1110 xxxix,
777 1058 866 1115 28).
891 1059 1105 1103 cernente
1137 1063 1281 1101 autem
1297 1069 1349 1100 co
1368 1056 1450 1100 hoc

199 1132 329 1176 modo
354 1139 517 1176 terram
538 1133 593 1176 de
615 1133 755 1188 longe,
786 1129 946 1188 Regem
970 1142 1279 1186 nonnunquam
1304 1131 1347 1173 in
1375 1130 1451 1173 de·

1534 181 1615 233 Qui
1632 182 1760 226 etiam
1785 188 1888 225 tunc
1910 183 2114 234 senescit,
2139 186 2312 240 quando
2334 186 2388 229 ad
2416 187 2649 242 perfectam
2675 202 2778 234 san·
2839 170 2841 204 ἐ

1534 253 1699 298 etitatis
1735 254 2031 299 maturitatem
2063 257 2283 313 pertingit.
2309 257 2369 302 De
2392 271 2478 315 quo
2500 261 2630 304 etiam
2670 262 2780 308 bene
2842 288 2843 297 κ

1534 327 1709 378 dicitur,
1738 326 1854 383 quod
1893 325 2070 370 habebat
2106 329 2243 391 (etatis
2263 328 2464 383 plurimos
2497 331 2600 380 diez,
2629 346 2706 388 pro
2727 346 2780 379 eo

1533 400 1647 455 quod
1671 399 1852 444 devotus
1886 400 2056 442 animus
2080 401 2240 444 multas
2266 401 2308 443 in
2343 409 2495 445 sancta
2527 403 2652 461 140
2674 417 2779 447 con·

1532 472 1777 516 versatione
1800 471 1992 528 possidet
2015 473 2213 518 virtutes.
2238 473 2345 517 Nam
2364 482 2407 518 et
2431 483 2536 520 oetas
2558 479 2779 522 senectutis

1530 544 1970 588 vitaimmacutataest
1984 544 2102 602 (Sap.
2124 559 2184 597 iv,
2199 545 2259 604 9);
2281 553 2322 590 ct
2337 553 2478 603 patres
2493 550 2628 593 nostri
2641 563 2781 606 quon-

1533 616 1630 659 dam
1651 616 1908 660 dicebantur
1919 629 2047 662 senes
2063 620 2116 661 ab
2130 619 2212 662 hac
2228 620 2316 662 vita
2335 620 2591 667 discessisse
2606 629 2647 666 et
2665 624 2779 679 pleni

1531 687 1697 731 dierum
1721 705 1730 731 ε
1753 687 1843 733 lloe
1862 695 1930 734 est
1953 691 1996 734 in
2022 692 2237 747 spirituali
2270 696 2598 738 coiwersatione
2620 695 2779 740 maturi

1532 767 1575 803 ct
1604 770 1854 805 sanctarum
1891 763 2016 819 copia
2054 764 2262 807 virtutum
2296 765 2462 820 repleti.
2503 764 2555 807 Et
2583 766 2780 823 adJ‘unxit

1533 831 1879 890 Scriptura,cum
1903 837 2133 892 operiretur
2156 836 2332 879 vestibus
2350 850 2430 880 non
2448 837 2682 892 calefiebat,
2699 852 2780 895 pro

1532 917 1583 950 eo
1603 906 1718 962 quod
1742 906 1780 951 si
1804 907 1963 952 divitiae
1996 907 2171 950 affluant
2191 939 2202 959 ‚
2238 921 2325 952 non
2360 911 2449 952 vult
2473 922 2548 953 cor
2562 923 2779 967 apponere

1533 977 1670 1036 (Pa-al.
1695 991 1783 1031 exi,
1811 979 2057 1037 ll),omnia
2074 993 2168 1036 quae
2189 983 2336 1025 mundi
2359 989 2460 1026 suut
2485 991 2689 1038 reputans
2702 984 2781 1029 de·-

1532 1053 1748 1107 trimcnta,
1767 1064 1809 1098 et
1828 1055 2046 1099 arbitrans
2068 1062 2114 1099 ut
2145 1062 2354 1112 stercora,
2384 1058 2496 1110 Quid
2519 1060 2632 1103 enim
2659 1060 2776 1105 aliud

1530 1135 1632 1171 sunt
1655 1135 1837 1173 terrena:
1860 1141 1931 1173 res
1951 1141 2118 1180 omnes,
2147 1131 2231 1174 nisi
2260 1133 2453 1188 quaedam
2488 1134 2683 1189 corporis
2707 1148 2777 1179 ve-

197 1217 304 1250 core
328 1218 408 1250 suo
430 1205 576 1248 vident
609 1205 722 1247 oculi
746 1204 856 1260 ejus,
882 1204 927 1246 in
952 1203 1094 1259 ipsum
1118 1203 1251 1246 David
1275 1203 1447 1258 conspi-
1473 1194 1506 1237 Β
1529 1201 1731 1245 stimenta
1747 1202 1766 1244 ?
1783 1202 1866 1246 Sed
1891 1214 1989 1246 cum
2010 1204 2076 1248 bis
2102 1205 2298 1250 vestibus
2324 1207 2571 1262 cooperitur
2594 1221 2679 1251 uon
2701 1221 2776 1251 ca·

199 1292 306 1324 cuos
326 1279 446 1323 visus
465 1278 625 1334 deligit,
646 1279 688 1321 in
713 1289 839 1333 quem
857 1276 1107 1320 desiderant
1119 1276 1258 1331 angeli
1279 1276 1451 1332 prospi-

199 1364 298 1397 cere
320 1351 364 1410 (1
387 1350 502 1395 Petr.
532 1364 563 1401 1,
586 1350 672 1406 12).
701 1350 808 1394 Cum
830 1354 972 1392 autem
990 1349 1117 1392 talem
1136 1349 1341 1392 animitui
1361 1354 1449 1391 sta-

198 1431 308 1477 tum,
327 1425 496 1480 qualem
526 1423 570 1466 in
590 1423 735 1467 verbis
760 1423 856 1467 istis
880 1422 1188 1478 descripsimus
1210 1421 1450 1477 depreben-

197 1498 282 1550 dis,
309 1498 473 1554 poteris
496 1510 582 1541 non
618 1497 833 1540 immerito
857 1496 1002 1540 dicere
1035 1502 1077 1539 te
1102 1497 1247 1539 vocari
1269 1494 1446 1551 loseph,

196 1577 241 1615 et
262 1583 359 1616 esse
375 1570 429 1615 de
446 1571 574 1614 domo
592 1569 742 1613 David.
771 1569 896 1622 Quod
921 1575 1065 1613 autem
1083 1582 1241 1614 nomen
1265 1569 1447 1625 virginis

195 1643 333 1687 Maria
352 1644 410 1688 sit
422 1644 519 1700 quis
537 1644 686 1699 estqui
704 1643 990 1695 contradicat,
1010 1643 1095 1686 nisi
1119 1643 1216 1698 quis
1237 1642 1347 1686 sorte
1363 1648 1447 1694 est,

195 1717 287 1773 qui,
313 1718 428 1773 quod
449 1717 544 1773 ejus
561 1716 763 1768 officium,
801 1718 986 1772 ignorat.
1017 1715 1126 1759 Nam
1148 1716 1281 1760 maris
1306 1717 1444 1768 stella,

196 1796 245 1832 ut
266 1789 407 1840 scitis,
433 1790 592 1834 dicitur
625 1790 775 1835 Maria.
815 1789 968 1834 Nonne
999 1790 1196 1845 quaedam
1220 1796 1286 1833 est
1315 1790 1446 1833 maris

195 1863 322 1907 stella
343 1875 530 1919 superna
547 1863 774 1919 sapientia,
802 1864 947 1906 animo
971 1876 1046 1919 per
1077 1863 1286 1906 internam
1310 1864 1446 1919 inspi-

195 1933 409 1977 rationem
431 1933 592 1985 ini'usa,
617 1935 717 1977 dum
741 1932 938 1978 eumdem
962 1935 1151 1977 animum
1172 1935 1447 1980 discretionis

192 2020 289 2053 suat
309 2008 448 2060 radio,
472 2008 516 2052 in
547 2008 627 2053 hoc
652 2010 839 2054 illustrat
866 2010 974 2052 mari
1000 2017 1308 2066 tempestuoso,
1332 2011 1447 2067 quod

196 2078 244 2124 ln
263 2092 316 2125 co
335 2092 448 2137 saepe
472 2081 684 2125 inundare
697 2083 822 2135 solet,
845 2090 892 2126 ut
906 2082 1017 2126 sciat
1031 2082 1133 2137 quid
1153 2082 1330 2134 evitare,
1345 2096 1449 2139 quo-

195 2166 250 2199 ve
270 2154 383 2198 inter
409 2155 573 2198 undosa
596 2157 904 2212 cogitationum
930 2168 1107 2199 suarum
1131 2157 1352 2200 volumina
1375 2158 1445 2200 in-

197 2228 351 2273 cedere
372 2227 539 2273 debeat.
576 2228 700 2272 llunc
737 2242 917 2285 puerum
938 2229 1085 2273 Jesum
1124 2232 1238 2286 parit
1267 2230 1442 2287 Josepli,
1467 2259 1504 2305 C

197 2302 387 2346 fructum
410 2301 637 2346 conferens
661 2303 812 2346 salutis
838 2303 994 2346 devoto
1017 2303 1161 2347 animo
1184 2310 1227 2347 et
1247 2304 1375 2348 fideli.
1394 2305 1446 2348 Et

197 2377 311 2433 parit
333 2375 507 2431 quidem
531 2389 629 2420 eum
653 2374 839 2433 loseph;
864 2376 938 2420 sed
963 2389 1060 2420 eum
1084 2389 1168 2420 non
1189 2379 1377 2434 suscepit
1395 2379 1448 2423 de

196 2447 373 2505 loseph.
403 2447 494 2492 lloc
529 2461 627 2494 csse
654 2455 758 2507 puto
781 2450 897 2506 quod
927 2456 1104 2494 sanctus
1127 2450 1302 2507 quidam
1340 2452 1448 2495 dixit

197 2520 382 2565 Domino
398 2536 414 2564 τ
446 2521 558 2564 Deua
585 2535 702 2565 meu-s
727 2535 769 2564 es
796 2530 854 2574 ta,
895 2523 1310 2579 quoniamboucrum
1336 2537 1449 2568 meo·

197 2607 292 2637 ram
315 2607 398 2638 non
419 2608 511 2651 eyes
536 2594 674 2652 (Psal.
702 2609 773 2644 xv,
802 2595 866 2651 Ξ).
894 2594 1055 2641 Omnes
1082 2597 1196 2640 enim
1235 2603 1448 2654 quotquot

196 2666 432 2720 salvamur,
470 2680 546 2723 per
582 2669 835 2712 electionem
862 2669 1010 2724 gratim
1033 2670 1277 2723 salvainur;
1304 2671 1341 2715 si
1370 2683 1447 2714 au-

193 2747 285 2785 tem
304 2753 356 2786 ex
373 2741 526 2796 gratia,
546 2740 634 2796 jam
657 2754 742 2785 non
771 2755 822 2786 cx
856 2743 1075 2798 operibus.
1115 2744 1316 2800 Alioquin
1349 2758 1448 2802 gra-

192 2811 260 2856 tim
281 2811 371 2867 jam
401 2823 492 2855 non
513 2817 581 2856 est
612 2813 763 2867 gratia.
788 2812 942 2856 Merito
964 2826 1136 2871 quoque
1159 2815 1316 2859 asserit
1332 2814 1447 2859 Pau-

197 2883 270 2927 lus
284 2883 455 2929 fixisse
478 2883 610 2927 David
636 2885 930 2928 beatitudiuem
947 2886 1144 2939 hominis,
1164 2889 1231 2932 cui
1242 2889 1353 2934 Deus
1376 2903 1448 2934 ac-

202 2963 315 3012 cepto
328 2956 636 3014 [majumae-m
667 2960 758 3002 sine
792 2959 982 3014 operibus
1017 2959 1153 3016 (Rom.
1195 2973 1255 3014 tv.
1281 2962 1342 3020 6).
1367 2963 1446 3008 Cui

201 3031 475 3076 consentiens
492 3038 677 3077 amictus
700 3031 851 3083 isaias,
874 3033 1004 3077 etiam
1027 3047 1132 3079 voce
1150 3036 1344 3080 omnium
1367 3039 1451 3083 ele·

201 3109 370 3147 ctorum
388 3109 626 3160 assumpta,
655 3103 796 3159 ipsum
818 3117 1089 3148 communem
1114 3107 1348 3163 alloquitur
1358 3109 1447 3153 Do-

200 3177 383 3229 minum,
409 3178 565 3227 omnia,
605 3176 823 3233 inquient-3,
857 3189 979 3233 opera
1007 3185 1152 3223 nostra
1188 3188 1381 3236 operatus
1404 3196 1447 3226 es

199 3250 243 3293 in
262 3250 378 3294 nobis
402 3248 510 3307 (Isa.
545 3262 662 3302 xxvi,
692 3250 777 3306 1⁶2).
799 3250 866 3297 Ne
892 3251 1001 3296 i'onte
1028 3259 1203 3309 putaret
1225 3255 1323 3310 quis
1346 3267 1447 3310 gra·

1529 1272 1617 1317 letti
1634 1286 1710 1318 rex
1734 1272 1886 1326 David,
1912 1276 2013 1331 quia
2040 1277 2201 1320 nullam
2225 1278 2277 1322 de
2302 1280 2535 1334 aliquibus,
2562 1294 2658 1337 quae
2686 1287 2777 1325 ter-

1528 1358 1633 1391 rena
1657 1354 1774 1400 sunt,
1797 1348 2016 1404 perfectus
2052 1351 2220 1395 animus
2245 1354 2581 1398 ‹onsolationem
2606 1355 2773 1411 recipit.

1528 1419 1688 1465 Verum
1711 1434 1808 1465 cum
1831 1423 1895 1466 sic
1917 1424 2062 1467 renuit
2077 1426 2291 1468 consolari
2312 1428 2455 1469 anima
2482 1427 2587 1478 lucc,
2614 1440 2779 1470 memo-

1529 1497 1648 1535 retur
1674 1506 1851 1538 neccsse
1873 1500 1939 1538 est
1973 1494 2047 1539 Dei
2073 1503 2115 1540 et
2153 1497 2387 1543 delectetur
2410 1505 2538 1554 atque
2565 1501 2775 1544 exercite-

1529 1572 1615 1616 tur,
1643 1565 1802 1609 bonum
1828 1579 1958 1623 super
1981 1567 2061 1610 boc
2085 1570 2257 1624 negotio
2289 1570 2389 1614 liuic
2414 1571 2546 1615 David
2572 1573 2776 1618 dantibus

1528 1638 1756 1683 consilium
1792 1643 1929 1684 servis
1963 1642 2072 1691 suis,
2107 1649 2150 1685 et
2187 1643 2430 1688 dicentibus
2466 1646 2518 1688 ad
2559 1646 2774 1691 invicem.
2846 1643 2850 1645 ’

1527 1711 1778 1764 Quccramus
1807 1721 1949 1757 nostro
1966 1713 2133 1758 domino
2158 1717 2242 1772 reyi
2267 1716 2620 1761 adolescentulam
2651 1720 2777 1775 virai-

1528 1798 1636 1837 nem,
1660 1794 1701 1830 et
1722 1793 1802 1829 stet
1828 1800 1972 1835 coram
1991 1802 2081 1845 reae
2099 1797 2137 1832 et
2161 1789 2295 1845 foveat
2313 1805 2423 1843 eum,
2450 1791 2711 1849 dormiatque
2733 1795 2774 1837 in

1527 1860 1622 1901 sinu
1644 1873 1737 1911 suo,
1761 1867 1801 1903 et
1824 1862 2046 1917 malefaciat
2077 1862 2303 1907 Dominum
2343 1874 2532 1909 nostrum
2557 1879 2707 1923 reqem,
2734 1875 2777 1912 et

1528 1931 1754 1987 subJunxit
1774 1940 1872 1989 post
1897 1934 1985 1978 bace
2002 1933 2237 1992 {Scriptura
2261 1944 2303 1980 et
2324 1938 2406 1981 ait:
2425 1938 2690 1991 Quaesierunt
2707 1953 2775 1982 er-

1526 2018 1575 2060 qo
1591 2002 1941 2049 adolescentulam
1959 2009 2187 2062 speciosam.
2202 2010 2243 2051 in
2261 2010 2448 2054 omnibus
2460 2011 2610 2066 finibus
2621 2011 2772 2059 lsrael.

1528 2076 1584 2119 Et
1613 2077 1852 2120 inverterunt
1885 2078 2045 2135 Abisag]
2079 2077 2399 2133 Sunamitidem,
2435 2090 2474 2125 et
2510 2082 2776 2129 adduxerunt

1526 2163 1616 2194 eam
1634 2150 1689 2192 ad
1713 2163 1843 2207 regem
1865 2149 1960 2206 (111
1978 2151 2076 2208 Req'.
2099 2166 2127 2202 ι,
2150 2154 2210 2210 5).

1581 2222 1616 2267 V
1659 2223 1741 2268 Sed
1766 2225 1871 2268 dicit
1890 2225 1992 2275 mihi
2007 2227 2163 2282 aliquis
2187 2234 2379 2272 vestrum
2397 2246 2405 2272 :
2424 2227 2536 2282 Quid
2555 2231 2631 2276 tibi
2649 2231 2776 2275 modo

1528 2298 1645 2355 loqui
1669 2298 1720 2342 dc
1746 2298 1876 2343 David
1909 2307 1950 2343 et
1972 2300 2150 2357 Abisag,
2176 2303 2300 2358 cujus
2336 2309 2430 2347 erat
2453 2304 2581 2359 paulo
2605 2312 2703 2349 ante
2731 2305 2774 2348 in

1528 2371 1622 2426 ipso
1669 2374 1882 2416 sermonis
1907 2373 2035 2428 liujits
2058 2374 2236 2418 exordio
2259 2374 2312 2419 de
2341 2375 2473 2419 Maria
2506 2382 2709 2427 tractare,
2734 2385 2778 2421 et

1526 2444 1683 2503 lessph
1715 2446 1923 2489 intentio?
1966 2444 2084 2491 inest
2122 2447 2263 2492 adhuc
2283 2450 2432 2493 eadem
2455 2451 2636 2494 intentio
2651 2451 2774 2496 mihi.

1527 2518 1650 2570 Quod
1673 2523 1815 2563 autem
1839 2519 1891 2562 ad
1911 2520 1983 2563 illa
2002 2527 2289 2577 congruenter
2307 2522 2395 2566 baec
2408 2524 2662 2578 pertineant,
2681 2536 2776 2580 quze

1527 2591 1655 2634 modo
1692 2591 1735 2634 in
1762 2591 1963 2636 manibus
1988 2593 2214 2645 habemus,
2255 2595 2403 2638 statim
2437 2595 2653 2648 videbitis,
2693 2609 2775 2641 nec

1528 2664 1775 2720 culpabitis,
1799 2670 1846 2708 ut
1870 2665 2074 2717 arbitror,
2103 2666 2417 2723 digressionem
2439 2680 2537 2712 cum
2554 2669 2649 2724 eius
2672 2682 2775 2713 cau-

1528 2751 1620 2781 sam
1642 2739 1836 2783 videritis
1859 2745 1902 2783 et
1925 2740 2154 2784 rationem.
2175 2740 2278 2793 Quze
2295 2747 2359 2786 est
2378 2754 2479 2798 ergo
2497 2743 2584 2786 baec
2596 2741 2773 2799 Abisag,

1528 2825 1623 2868 quae
1643 2812 1922 2867 interpretata
1945 2812 2103 2856 dIcitur
2122 2812 2266 2857 Patris
2288 2815 2366 2857 mei
2389 2816 2570 2871 raficas,
2604 2815 2691 2859 nisi
2709 2815 2777 2859 in-

1528 2890 1650 2928 terna
1675 2885 1904 2940 sapientia,
1931 2885 2091 2936 animo,
2115 2888 2185 2930 cui
2212 2887 2473 2939 infunditur,
2497 2889 2683 2944 quodam
2715 2889 2775 2932 si-

1527 2958 1655 3002 lentis
1679 2958 1899 3010 clamoris,
1922 2964 1964 3003 et
1987 2959 2166 3004 clamosi
2187 2961 2346 3004 silentii
2369 2961 2511 3016 rugitu
2525 2961 2680 3005 summi
2697 2973 2774 3019 pa-

1526 3031 1608 3075 tris
1625 3031 1822 3076 revelans
1840 3032 2038 3076 secreta?
2061 3045 2155 3088 quae
2170 3034 2372 3077 nimirum
2398 3035 2498 3077 dum
2518 3034 2655 3079 eidem
2680 3035 2775 3078 ani-

1527 3116 1599 3147 mo
1619 3104 1890 3160 spiritualem
1925 3110 2013 3147 tam
2036 3106 2367 3149 teneritudinem
2392 3109 2433 3149 in
2459 3106 2612 3151 affectu
2642 3120 2771 3163 quam

1527 3177 1724 3221 decorem
1755 3178 1926 3220 confert
1944 3177 1987 3219 in
2023 3177 2261 3229 intellectu,
2297 3186 2339 3221 ct
2377 3179 2697 3223 adolescentula
2729 3185 2772 3224 et

1528 3249 1723 3303 speciosa
1741 3253 1821 3291 est.
1842 3246 1919 3292 Est
1940 3254 1982 3291 et
2003 3246 2255 3300 Sunamitis,
2284 3248 2326 3292 id
2345 3256 2410 3294 cst
2434 3252 2652 3301 coccinea,
2675 3252 2772 3294 ani-

201 3323 271 3367 tiae
292 3322 493 3367 inimicus
514 3322 751 3367 mercedem
778 3324 857 3366 sibi
883 3337 970 3369 noa
996 3326 1234 3370 secund-um
1261 3329 1505 3383 gratiam-D
1528 3332 1661 3371 inum,
1681 3333 1807 3376 quem
1832 3321 1984 3376 replet,
2009 3321 2255 3367 dilectionis
2275 3330 2512 3378 venustans
2530 3325 2674 3368 colore
2692 3323 2770 3381 [al.

201 3395 513 3452 imputandam,
553 3395 628 3439 sed
662 3396 896 3439 secundum
921 3397 1130 3449 debitum,
1150 3412 1255 3443 tcum
1284 3401 1370 3444 iste
1393 3402 1447 3446 de

201 3481 287 3524 quo
310 3469 543 3525 loquimur,
575 3468 732 3524 loseph
758 3470 811 3512 de
834 3469 966 3513 Maria
999 3471 1063 3514 sic
1088 3485 1268 3527 puerum
1299 3472 1446 3516 Jesum

202 3541 427 3597 suscipiat,
449 3546 497 3583 ut
514 3542 553 3585 ci
577 3553 624 3585 se
647 3541 848 3597 primitus
865 3553 1010 3586 semen
1028 3554 1114 3585 non
1133 3531 1343 3589 infudisse
1356 3557 1448 3588 ‚non

203 3612 386 3667 ignoret.

259 3683 327 3728 tv.
353 3683 502 3728 Nonne
518 3684 735 3741 quondam
754 3685 887 3730 David
902 3698 1047 3730 senem
1072 3699 1121 3729 ac
1141 3686 1338 3743 frigidum
1354 3687 1449 3731 sibi-

206 3769 282 3814 sag
305 3757 541 3802 Sunamitis
563 3757 775 3812 calefecit,
802 3768 845 3803 et
868 3759 989 3810 fovit,
1014 3765 1057 3803 ct
1081 3772 1174 3803 cam
1199 3759 1331 3803 David
1360 3774 1448 3804 non

207 3829 412 3886 agnovit?
439 3829 542 3885 quid
564 3832 678 3873 enim
701 3830 807 3874 dicit
830 3830 1191 3888 Scriptura?(111
1212 3831 1309 3887 Req,
1333 3845 1362 3883 t,
1386 3833 1447 3887 l.)

209 3902 265 3945 Et
280 3914 352 3946 rex
366 3901 499 3944 David
524 3909 729 3945 senuerat.
751 3902 839 3959 Ego
858 3910 960 3958 puto
979 3902 1093 3959 quod
1106 3904 1277 3947 animus
1301 3904 1343 3947 in
1367 3904 1450 3948 lide

208 3979 327 4016 recta
349 3974 462 4028 pius,
485 3982 528 4017 et
544 3974 588 4016 in
609 3980 756 4017 sancta
781 3975 1107 4018 conversatione
1126 3975 1322 4027 devotus,
1348 3976 1448 4020 dum

209 4050 390 4088 cunctos
428 4043 504 4101 [al.
538 4051 718 4088 cunctos
758 4045 803 4088 in
833 4044 899 4102 se]
932 4052 1089 4098 motus,
1121 4051 1208 4089 tam
1231 4053 1448 4097 externos,

210 4130 339 4173 quam
371 4126 581 4168 internos,
609 4118 797 4161 discrete
823 4119 952 4174 regit,
983 4121 1084 4166 dum
1117 4119 1162 4163 in
1197 4121 1451 4165 strenuitate

212 4192 335 4235 bonae
364 4189 546 4233 actionis
579 4189 749 4234 fortiter
770 4202 816 4234 se
839 4198 1028 4245 exercet,
1051 4199 1094 4237 et
1120 4193 1165 4237 in
1189 4191 1453 4236 desiderium

216 4266 392 4308 internae
428 4262 806 4318 contemplationis
837 4265 995 4309 mentis
1031 4265 1339 4322 perspicaciter
1373 4263 1449 4322 [al.

214 4332 494 4394 perspicacis]
521 4334 678 4388 visum,
694 4340 823 4394 prout
841 4337 882 4380 ei
900 4336 1106 4383 divinitus
1128 4337 1271 4390 datur,
1308 4336 1451 4382 inten-

1527 3392 1705 3450 calorc].
1733 3391 1854 3437 Hanc
1877 3399 2076 3450 quaerunt
2100 3394 2214 3438 servi
2236 3394 2368 3438 David
2392 3408 2445 3439 ex
2462 3397 2662 3440 omnibus
2681 3398 2774 3440 lini·

1526 3466 1606 3508 bus
1630 3465 1775 3518 lsrael,
1803 3467 1904 3522 quia
1927 3469 2037 3511 inter
2060 3479 2212 3512 omncs
2226 3469 2604 3525 contemplationis
2621 3471 2772 3515 modos

1527 3538 1736 3593 sapientia
1774 3545 1817 3581 et
1852 3541 2084 3584 instantius
2109 3541 2354 3596 quaerenda,
2391 3547 2433 3586 et
2468 3542 2644 3587 inventa
2668 3545 2772 3587 stri-

1527 3610 1638 3652 ctius
1667 3610 1890 3654 retinenda
1922 3617 2002 3654 est.
2029 3611 2082 3654 Et
2119 3615 2194 3667 qui
2231 3618 2332 3656 sunt
2357 3613 2399 3656 hi
2422 3614 2565 3657 servi?
2589 3614 2770 3659 forsitan

1527 3682 1834 3734 consideratio,
1857 3684 2013 3737 oratio,
2036 3687 2325 3735 conversatio,
2362 3687 2547 3740 puritas,
2571 3700 2771 3743 persevc-

1527 3756 1668 3798 rantia
1693 3755 1806 3799 servi
1831 3762 1931 3799 sunt
1959 3755 2108 3800 David.
2138 3757 2226 3800 lloc
2247 3758 2341 3801 idco
2366 3759 2488 3802 tileo:
2514 3762 2612 3815 quia
2641 3760 2768 3811 lianc,

1528 3827 1581 3871 de
1601 3840 1684 3884 qua
1724 3828 1954 3884 loquimur,
1990 3830 2260 3884 sapientiam,
2299 3837 2340 3873 ct
2365 3831 2524 3882 sobria,
2553 3837 2599 3874 ut
2631 3833 2768 3883 scitis,

1528 3902 1888 3946 considerationis
1927 3902 2198 3957 profunditas
2238 3911 2280 3946 ct
2308 3905 2521 3959 protunda
2558 3905 2770 3949 sobrietas

1530 3981 1844 4031 perscrutatur,
1872 3982 1914 4019 ct
1946 3977 2158 4019 orationis
2195 3989 2288 4020 eant
2322 3978 2491 4021 devotio
2518 3979 2694 4032 expetit,
2729 3986 2770 4021 ct

1531 4048 1742 4092 sanctitas
1763 4048 2107 4091 conversationis
2125 4055 2330 4099 meretur,
2357 4055 2398 4092 et
2415 4050 2616 4106 puritatis
2636 4050 2767 4094 desa:-

1529 4125 1638 4163 catae
1659 4119 1868 4163 munditia
1891 4121 2150 4175 assequitur,
2172 4127 2214 4164 et
2244 4124 2576 4176 perseverantiae
2600 4122 2768 4164 stabili·

1530 4197 1599 4236 tas
1620 4191 1895 4248 amplectitur
1914 4207 1926 4235 :
1945 4198 1988 4235 ct
2010 4191 2145 4235 dicit:
2169 4194 2280 4234 tenui
2302 4206 2410 4244 eam,
2445 4205 2517 4237 nec
2556 4192 2768 4237 dimittam

1533 4263 1673 4321 (Cant.
1697 4276 1764 4317 in,
1781 4264 1842 4322 4).

1590 4335 1658 4381 vt.
1681 4335 1733 4380 Et
1751 4335 2015 4380 ministrabat
2040 4337 2091 4381 ei.
2126 4337 2235 4396 Quid
2259 4344 2323 4381 cst
2350 4338 2633 4382 ministerium
2665 4338 2772 4382 Abi·
