2924 4588
294 130 376 178 m
1168 115 1333 163 anain
1362 109 1949 188 ramuossrnxrffisis
2762 112 2788 166 t
2803 110 2806 112 ’

251 177 269 200 ⁸
535 180 565 216 0

294 202 487 268 saectilari
510 226 657 264 exutos
684 229 729 261 se
748 215 1042 291 demonstrant
1069 231 1078 254 .'
1112 211 1246 267 magis
1267 210 1433 253 cunctis
1455 206 1521 249 in·
1544 209 1579 254 Α
1602 202 1974 261 obruatur-(ibid).
1991 202 2044 245 Et
2063 204 2181 258 iuste
2205 201 2393 257 quidem.
2413 201 2506 249 Non
2523 207 2826 255 solum-auter
2887 248 2895 266 Ι,
2911 234 2924 262 ,1

293 295 527 344 tuentibus,
557 289 769 348 perversis
793 271 984 339 moribus
1015 284 1068 328 ad
1099 282 1364 338 scandalum,
1387 290 1514 335 quam

294 367 512 411 conversis
532 378 552 409 s
627 362 833 406 raebcutes
857 358 908 402 ad
926 357 1181 412 exemplum.
1199 353 1250 397 Hi
1269 358 1368 396 sunt
1389 362 1515 407 supe-

292 438 477 482 rioribus
517 436 585 479 ino
641 433 829 483 dientes,
870 435 1186 486 murmurantes
1221 427 1273 470 ad
1305 429 1514 482 praecepta

292 509 524 559 seniorum,
557 504 803 550 melioribus
837 513 884 547 se
918 492 1182 551 invidentcs,
1212 498 1446 555 aequalibus
1469 508 1515 540 se

290 580 584 637 praeferentes,
605 576 786 628 turbati,
807 575 999 632 aliosque
1020 572 1266 623 turbantes,
1291 569 1514 616 charitatis

289 653 539 701 violatores,
560 648 737 693 unitatis
759 646 992 697 divisores,
1017 644 1342 701 perturbatores
1365 640 1484 697 pacis
1499 672 1511 692 ,

290 723 452 767 ordinis
466 725 738 775 corruptores
755 732 765 762 :
789 717 894 773 ipsis
910 716 1093 771 deniqne
1107 713 1386 758 saecularibus
1407 723 1513 767 quo·

288 792 514 837 dammodo
549 803 600 836 eo
635 800 939 845 nonnunquam
971 786 1236 837 deteriores,
1270 795 1358 843 quo
1391 783 1515 838 longe

288 863 402 909 aliud
425 864 469 908 in
492 863 812 907 conversatione
838 871 936 905 esse
959 870 1048 903 non
1073 858 1333 903 erubescunt
1347 887 1359 907 ,
1385 866 1513 912 quam

286 938 398 995 quod
411 937 610 982 inhabitu
633 932 982 980 ostendunt-lam
994 938 1161 977 nonest
1181 931 1322 982 dicere
1340 930 1394 974 de
1414 929 1511 974 his:

287 1011 398 1055 sicut
428 1000 671 1059 saecularis',
697 1007 760 1051 sic
794 1005 1049 1069 religiosum
1074 1004 1175 1061 quia
1205 1015 1287 1048 nec
1321 1003 1385 1047 sic
1410 1001 1514 1045 reli-

287 1087 458 1137 giosus,
498 1081 609 1124 sicut
645 1078 876 1124 saecularis.
908 1076 1001 1121 Jam
1034 1076 1089 1120 ad
1124 1076 1326 1120 ruborem
1363 1074 1515 1118 invitat

290 1165 402 1199 mare
419 1151 617 1196 Sidonem
644 1150 761 1207 (lsa.
789 1150 894 1194 xxm
911 1181 922 1200 ,
946 1150 1024 1206 5);
1050 1154 1226 1193 sanctus
1252 1160 1422 1205 quoque
1445 1146 1515 1191 Je-

290 1226 457 1275 remias,
491 1230 532 1268 et
567 1236 712 1266 aurum
741 1222 1085 1272 obscuratum,et
1103 1220 1279 1264 colorem
1317 1221 1514 1287 optimum

284 1297 475 1352 deplorat
494 1302 699 1339 mutatam
727 1294 893 1351 (Taren.
924 1305 984 1346 tv,
1011 1293 1067 1350 l).
1099 1292 1260 1337 Horum
1286 1305 1417 1337 unum
1447 1298 1514 1337 est

285 1368 415 1412 bomo
434 1368 504 1412 ille
522 1359 731 1424 apostata,
751 1366 804 1411 de
825 1378 910 1423 quo
932 1366 976 1410 in
991 1364 1235 1411 Proverbiis
1258 1365 1409 1408 scribit
1432 1363 1512 1407 Sa-

284 1440 444 1494 lomon,
468 1453 668 1486 asserens
702 1440 803 1498 quia
833 1446 899 1485 est
932 1440 995 1483 vir
1021 1438 1200 1490 inutilis,
1233 1436 1424 1494 ,cli-aditur
1443 1450 1512 1481 ore

281 1524 483 1567 perverso,
519 1512 664 1554 annuit
694 1511 848 1564 oculis,
882 1510 976 1555 terit
1002 1508 1126 1567 pede,
1157 1508 1286 1566 digito
1311 1507 1509 1566 loquitur,

281 1583 542 1639 provocante
564 1583 823 1627 machinatur
854 1585 1026 1635 malum,
1054 1589 1094 1626 et
1125 1582 1170 1626 in
1194 1582 1306 1625 omni
1334 1589 1512 1638 tempore

274 1656 415 1712 jur-qia
451 1656 624 1700 seminat
662 1655 803 1707 (Pron.
858 1665 919 1707 vt,
969 1654 1135 1713 1244).
1182 1653 1289 1699 Vide
1329 1655 1512 1711 qualiter

279 1725 468 1769 ambulat
490 1731 661 1770 extento
683 1727 811 1778 collo,
836 1726 1066 1783 supercilia
1081 1726 1223 1782 erigit,
1247 1731 1373 1783 rugat
1393 1725 1514 1770 fron-

278 1805 379 1850 tem,
417 1799 565 1843 oculos
601 1798 646 1842 in
671 1798 888 1855 obliquum
911 1799 1057 1851 vertit,
1090 1798 1272 1856 digitum
1293 1798 1508 1857 extendit3

277 1868 467 1925 loquitur
485 1870 601 1927 quod
619 1883 702 1914 non
724 1870 915 1927 prodest,
938 1871 1165 1917 universos
1182 1883 1328 1916 coram
1345 1872 1510 1929 positos

274 1952 299 1983 a
324 1941 456 1986 latere
480 1942 647 1999 aspicit,
672 1944 778 1988 nihil
804 1944 916 2001 apud
937 1955 985 1989 se
1006 1943 1122 1988 aliud
1147 1945 1400 1998 revolvens,
1423 1939 1510 1988 nisi

274 2016 387 2059 unde
410 2017 658 2073 perturbare
675 2028 822 2075 pacem
852 2017 1190 2062 cohabitantium
1208 2018 1359 2075 possit.
1385 2016 1509 2062 Nunc

273 2092 367 2142 hos,
391 2103 509 2134 nunc*
529 2090 624 2134 illos
645 2088 698 2133 ad
723 2090 982 2146 colloquium
1003 2095 1145 2141 vocat,
1182 2090 1227 2133 in
1257 2100 1407 2134 eorum
1432 2100 1512 2135 ausa.

271 2163 395 2209 ribus
428 2164 560 2207 vitam
594 2163 835 2207 absentium
860 2163 997 2217 rodit;
1032 2163 1305 2220 praelatorum
1342 2162 1402 2208 et‘
1422 2162 1510 2208 sra-

275 2243 386 2280 trum
401 2248 593 2286 suorum,
608 2234 735 2292 254
750 2235 933 2280 maxime
955 2242 1095 2282 autem
1132 2235 1374 2289 officialium
1395 2236 1507 2282 sacta

273 2315 315 2353 ct
335 2309 447 2353 dicta
469 2307 698 2353 venenosis
719 2308 918 2353 dentibus
949 2309 1154 2365 dilaniat3
1176 2310 1314 2354 sancti
1334 2310 1500 2361 exerci-

275 2379 320 2423 tii
345 2385 518 2431 statuta,
542 2379 663 2434 Juxta
690 2378 852 2423 ordinis
880 2385 1071 2424 tenorem
1096 2380 1312 2437 imposita,
1335 2382 1497 2439 gravi-a,

272 2459 313 2496 ct
335 2451 510 2495 omnino
532 2451 814 2495 intolerabilia
837 2458 1080 2497 asseverat:
1109 2453 1280 2507 lethale,
1307 2467 1393 2511 quo
1414 2455 1506 2511 ipse

272 2523 443 2567 inllatus
466 2527 557 2574 est,
582 2534 791 2567 venenum
818 2524 1082 2569 audientium
1115 2527 1330 2572 mentibus
1361 2527 1506 2572 inlun-

270 2595 359 2647 dit;
385 2606 636 2651 omnemque
659 2595 837 2640 internae
858 2597 901 2640 in
925 2597 989 2641 eis
1000 2597 1286 2656 iucundaeque
1300 2600 1504 2646 bonitatis

273 2675 314 2711 et
344 2668 463 2712 bonae
489 2668 769 2724 jucunditatis
805 2671 1079 2730 serenitatem
1109 2672 1324 2729 pestiferis
1353 2674 1506 2732 hujus-

274 2740 383 2782 modi
408 2741 759 2796 persuasionibus
780 2754 830 2786 ac
850 2734 1200 2801 derogationibus
1227 2747 1500 2802 obnubilans,

271 2823 416 2855 eorum
445 2812 575 2857 corda
597 2813 775 2859 unitatis
801 2826 852 2859 ac
878 2816 998 2872 pacis
1026 2817 1170 2873 quiete
1202 2819 1373 2876 penitus
1402 2834 1503 2865 eva-

273 2888 393 2935 cuat,
415 2889 458 2927 et
476 2883 752 2930 horribilibus
778 2887 968 2931 rixarum
992 2888 1243 2936 fulminibus
1266 2903 1315 2935 ac
1342 2895 1502 2938 tumul-

271 2956 406 2999 tuosis
421 2954 643 3000 discordize
654 2958 794 3002 ventis
811 2991 821 3012 ,
843 2958 916 3004 sed
932 2966 974 3004 et
998 2963 1298 3019 tempestuosis
1315 2978 1504 3011 murmu-

272 3027 483 3071 rationum
500 3029 702 3083 tonitruis
724 3030 941 3088 adimplet.

323 3097 391 3141 vt.
411 3097 587 3143 lliccine
599 3101 676 3144 tibi
693 3101 862 3146 videtur
878 3102 963 3147 Deo
978 3116 1145 3161 morum
1163 3119 1357 3161 suorum,
1371 3121 1498 3166 quam

272 3171 486 3223 promisit,
525 3173 700 3217 reddere
731 3175 1082 3220 conversionem?
1110 3178 1191 3222 hoc
1228 3186 1309 3232 est,
1348 3182 1421 3237 qui
1456 3181 1497 3224 in

267 3246 403 3295 gestu,
429 3246 470 3284 et
486 3242 597 3293 visu,
623 3254 672 3286 ac
689 3245 852 3287 caeteris
872 3245 1058 3290 motibus
1083 3249 1172 3292 suis
1199 3249 1331 3293 levem
1357 3263 1403 3295 se
1423 3262 1494 3295 ex-

269 3306 383 3354 hibet
407 3310 451 3355 in
473 3312 628 3367 choro;
664 3315 866 3359 rebellem
901 3322 943 3361 et
973 3318 1182 3363 rixantem
1214 3320 1258 3363 in
1291 3321 1494 3377 capitulo,

270 3381 554 3434 detrahentem
577 3384 621 3428 in
645 3386 872 3438 auditorio,
893 3388 1118 3435 inhoneste
1137 3404 1183 3436 se
1200 3392 1433 3438 habentem·
1449 3395 1492 3438 in

268 3450 517 3507 relectorio;
542 3453 585 3496 in
610 3457 722 3499 omni
741 3456 851 3507 loco,
871 3464 913 3502 et
934 3463 1139 3516 tempore,
1158 3461 1248 3513 ubi,
1263 3468 1306 3507 et
1322 3465 1492 3519 quando

269 3524 447 3579 aliquem
468 3537 612 3569 coram
646 3539 730 3570 non
754 3530 885 3581 videt,
917 3543 1040 3587 quem
1075 3542 1336 3588 revereatur,
1362 3539 1492 3582 semi·

267 3596 453 3640 corrosis
490 3599 661 3643 malitiae
696 3601 881 3646 verbulis
913 3611 1230 3659 susurrantem,
1266 3607 1488 3663 irrisoriis,

266 3667 556 3720 correptoriis,
582 3671 915 3718 comminatoriis
939 3674 1165 3730 digitorum
1188 3679 1301 3723 notis
1323 3680 1490 3725 intuen-

267 3734 368 3777 tium
388 3737 534 3782 oculos
555 3740 855 3795 terebrantem,
882 3750 923 3788 et
944 3752 1149 3802 quantum
1169 3748 1210 3792 in
1232 3763 1277 3794 se
1294 3757 1374 3806 est,
1398 3755 1489 3797 uni·

267 3815 409 3851 versos
433 3820 575 3852 secum
595 3812 886 3859 cohabitantes
906 3818 1062 3862 talibus
1078 3832 1375 3875 perversorum
1397 3837 1488 3869 mo-

267 3890 358 3921 rum
383 3879 531 3933 gladiis
555 3884 850 3930 trucidantem.
883 3887 918 3932 Ο
941 3891 1035 3933 titio
1065 3892 1276 3949 fumigans
1301 3896 1341 3938 in
1366 3898 1483 3952 igne,

265 3951 499 4002 acerrimis,
523 3953 659 4009 iisque
677 3956 994 4005 obscurissimis
1017 3962 1171 4008 ictibus
1190 3968 1276 4014 tuis
1299 3969 1486 4012 circum-

258 4020 499 4063 sedentium
517 4025 662 4068 oculos
684 4025 736 4068 ad
760 4028 968 4086 lacrymas
989 4038 1249 4088 provocans!
1273 4037 1307 4081 0
1333 4040 1485 4095 anguis

268 4085 519 4144 virulentus,
540 4095 664 4138 etiam
685 4095 798 4143 mille
821 4102 1043 4157 anguillas,
1062 4118 1169 4161 quas
1204 4108 1294 4164 ipse
1317 4123 1485 4168 quoque

265 4170 373 4204 unius
397 4174 539 4206 secum
573 4165 655 4211 illis
686 4168 832 4221 insert,
859 4185 968 4218 unus
1001 4176 1248 4224 deturbans:
1273 4182 1383 4229 Ecce
1412 4187 1483 4230 boa

263 4240 479 4284 cornupeta
501 4233 652 4289 (Exod.
675 4250 763 4290 xxt,
787 4240 875 4296 28),
896 4256 1087 4301 quosque
1110 4249 1191 4293 sibi
1215 4252 1363 4299 obvios
1391 4258 1484 4300 vul-

262 4313 432 4374 ner-ans,
447 4310 487 4348 et
503 4307 746 4355 vulneratos
764 4314 1052 4371 exstinguens.
1075 4318 1155 4364 Sed
1173 4326 1355 4379 qualiter
1367 4328 1482 4385 lega-

256 4368 308 4417 lts
335 4372 460 4426 habet
481 4389 675 4435 censura,
699 4387 743 4426 ut
765 4386 996 4442 puniatur?
1018 4391 1184 4449 utique,
1208 4404 1253 4442 ut
1275 4398 1480 4456 lapidibus

1594 278 1670 321 sed
1692 283 1735 322 et
1758 289 1950 322 necesse.
1977 274 2118 324 ⁸iuste,
2142 280 2188 318 ut
2216 276 2396 335 recipiat
2416 279 2531 334 quod
2557 280 2703 337 inique
2729 281 2819 340 egit

1592 361 1770 395 neeesse
1791 361 1910 401 vero,
1936 361 1991 393 ne
2011 347 2270 404 contagione
2295 349 2499 406 pestifera
2524 352 2732 408 plurimos
2748 367 2830 413 per*

1594 422 1683 467 dat.
2402 455 2407 461 -
2743 459 2751 476 ·.

1649 492 1910 538 VlLVerum
1926 498 1989 545 tu,
2007 491 2140 537 frater
2155 493 2375 549 mi,quam
2392 497 2630 551 promisisti
2647 497 2752 552 Deo,
2775 501 2789 544 i
2816 499 2823 514 ²
2890 492 2895 554 f

1592 568 1719 611 tende
1733 578 1937 623 perquam
1957 566 2139 610 sollicite
2156 567 2430 612 conversioni
2450 582 2618 615 morum
2637 558 2821 618 tuorum
2902 617 2909 627 ,,

1594 627 1809 698 spirituali
1841 638 2002 696 fulgeat
2035 638 2220 692 decore,
2257 639 2466 696 quidquid
2497 642 2668 688 ridetur
2700 646 2818 692 inte
2904 671 2924 705 μ·

1593 725 1726 757 suave
1755 712 1812 756 sit
1835 717 1878 756 et
1911 711 2176 768 gratiosum,
2202 712 2412 769 'quidquid
2444 713 2618 760 auditur
2642 729 2668 760 a
2699 724 2787 771 te,
2822 738 2825 757 i

1593 785 1679 829 dici
1703 784 1841 840 possit
1863 784 1976 828 etde
1995 785 2064 829 te:
2083 783 2340 830 Emissiones
2365 793 2448 831 turc
2465 788 2690 843 paradisus
2707 804 2777 838 ,ma
2805 810 2830 828 ι·
2905 804 2924 850 „j

1594 869 1686 898 ram
1701 857 1944 912 punicorum
1960 868 2054 899 cum
2068 868 2284 911 pomorum
2297 857 2659 916 fructibusffiant.
2678 864 2772 916 1v‚l
2799 855 2831 922 ,
2895 856 2919 918 ’,

1595 927 1901 986 Spiritualibus
1922 927 2114 972 redoleat
2136 927 2320 981 deliciis,
2343 930 2553 986 quidquid
2582 933 2646 977 rel
2674 946 2749 978 ore
2769 934 2829 978 d
2862 975 2863 982 ι
2903 953 2924 995 '⁰1

1592 1002 1775 1058 promis,
1799 1001 1866 1045 vel
1894 1011 2026 1058 opere
2047 1001 2260 1052 ostendis,
2279 1009 2326 1045 ut
2349 1003 2576 1059 paradisus
2606 1005 2693 1052 sint
2712 1009 2795 1052 emi
2819 996 2825 1025 '²
2862 1003 2863 1055 ἶ
2914 1023 2924 1063 '⁴

1594 1074 1738 1117 siones
1761 1078 1858 1116 tuae.
1880 1071 2086 1126 Quaenam
2105 1073 2361 1117 emissiones
2383 1079 2482 1125 tuae,
2503 1075 2587 1119 nisi
2603 1067 2832 1122 locutione
2902 1101 2924 1137 1,

1593 1154 1635 1190 et
1655 1146 1845 1191 actiones
1868 1151 1968 1196 tuac,
1992 1149 2156 1201 gestus,
2174 1150 2217 1189 et
2241 1145 2438 1190 incessus
2461 1148 2538 1199 tui,
2564 1154 2707 1194 motus
2731 1162 2809 1206 qu·

1595 1232 1678 1276 que
1702 1218 1766 1262 tui
1790 1219 2044 1269 exteriores,
2069 1218 2228 1273 quibus
2245 1219 2296 1263 ad
2313 1219 2534 1263 hominum
2559 1224 2746 1267 exterius
2764 1215 2842 1279 nos
2862 1226 2863 1275 j
2902 1258 2915 1278 ,,

1538 1282 1570 1327 B
1593 1291 1731 1335 titiam
1759 1291 1882 1335 exis?
1902 1290 1956 1335 Et
1978 1290 2043 1334 hae
2070 1298 2157 1334 tuae
2176 1291 2432 1336 emissiones
2465 1293 2694 1348 paradisus
2728 1295 2815 1350 sint
2902 1337 2916 1350 ,

1592 1371 1640 1409 ut
1662 1364 1707 1407 in
1729 1364 1918 1414 incessu,
1939 1367 2072 1415 statu,
2097 1362 2203 1407 etin
2219 1363 2420 1408 omnibus
2443 1365 2631 1410 motibus
2651 1365 2755 1421 tuis,
2774 1380 2822 1419 n
2902 1415 2906 1423 4

1591 1436 1653 1480 hil
1689 1436 1789 1487 liat,
1831 1434 1946 1492 quod
1970 1435 2229 1492 cuiusquam
2261 1434 2449 1480 offendat
2479 1443 2726 1494 aspectum3
2765 1435 2843 1485 δι’·

1564 1541 1567 1545 .
1591 1507 1707 1564 quod
1731 1513 1846 1550 tuam
1865 1505 2016 1551 deceat
2034 1507 2324 1551 sanctitatem.
2340 1505 2463 1559 'Quid
2481 1507 2603 1552 decet
2626 1509 2864 1566 sanctita,¹
2911 1509 2915 1528 ²

1590 1585 1677 1624 tem
1694 1579 1843 1622 tuam?
1859 1578 2063 1623 nimirum
2077 1584 2125 1622 ut
2146 1579 2373 1636 paradisus
2388 1579 2475 1624 sint
2497 1580 2562 1624 bae
2581 1581 2865 1640 emissione·⁴
2903 1609 2921 1646 .'

1590 1658 1700 1707 tuae,
1727 1653 1809 1696 hoc
1833 1657 1916 1704 cst,
1951 1658 1999 1696 ut
2029 1652 2331 1709 spiritualibus
2361 1653 2604 1698 redundent
2639 1652 2807 1701 deliciis
2839 1653 2864 1689 »ἓ
2899 1682 2924 1726 fl

1564 1755 1566 1759 ,
1588 1737 1699 1783 quas
1721 1737 1877 1771 sonare
1899 1724 2052 1769 dicunt
2074 1737 2231 1770 nomen
2256 1725 2398 1779 istud,
2419 1726 2536 1783 quod
2566 1733 2634 1772 cst
2665 1731 2815 1786 paradi
2863 1731 2865 1799 ζ
2905 1774 2908 1786 ..

1579 1809 1694 1851 isus;
1718 1797 1873 1841 aflatus
1905 1803 2006 1842 tuus
2037 1802 2080 1841 et
2108 1802 2254 1849 actus,
2280 1802 2419 1843 status
2446 1803 2491 1843 et
2518 1803 2739 1854 incessus,
2766 1808 2779 1845 ι
2837 1801 2865 1851 ,⁵

1587 1870 1705 1915 bitus
1726 1876 1770 1915 et
1793 1878 1961 1929 gestus,
1980 1871 2208 1928 omnisque
2225 1877 2326 1916 tuus
2346 1871 2533 1916 exterior
2549 1880 2707 1919 motus.
2727 1873 2828 1928 Ωιι,
2862 1850 2865 1893 Χ
2909 1901 2914 1912 .

1580 1945 1747 1998 modo,
1769 1945 1932 2002 inquis,
1968 1944 2040 1990 liet
2078 1944 2225 1990 istud-⁴?
2263 1944 2376 1989 Audi
2407 1946 2622 2002 quomodo
2654 1947 2741 1993 flat.
2773 1949 2858 1997 Si
2907 1994 2924 2018 Ι

1570 2016 1765 2060 :rei-bum
1795 2022 1917 2060 tuum
1939 2027 2071 2062 verax
2093 2023 2136 2060 et
2160 2015 2309 2071 dulce3
2334 2028 2443 2074 opus
2468 2016 2616 2062 efficax
2642 2024 2686 2064 et
2708 2008 2865 2074 utile,

1587 2095 1726 2135 status
1745 2089 1988 2144 ordinatus,
2005 2090 2203 2136 incessus
2219 2095 2432 2144 maturus,
2452 2090 2626 2137 habitus
2643 2085 2837 2148 humilis,
2859 2087 2865 2159 ξ
2917 2139 2919 2156 2

1580 2170 1735 2220 gestus
1762 2165 1999 2220 honestus;
2032 2170 2263 2222 motusque
2293 2170 2397 2210 tuus
2431 2166 2619 2210 exterior
2655 2166 2838 2225 irrepro·

1587 2236 1812 2284 hensibilis
1834 2238 1904 2284 sit.
1931 2235 2093 2283 Omnia
2108 2241 2253 2283 autem
2273 2243 2415 2282 tua-et
2438 2238 2483 2282 in
2507 2244 2655 2295 aperto
2680 2233 2865 2305 frater-J

1588 2323 1653 2355 nae
1689 2311 1932 2357 dilectionis
1964 2311 2148 2357 militent
2177 2307 2355 2366 unitati,
2373 2314 2416 2357 et
2438 2313 2482 2358 in
2506 2312 2682 2357 occulto
2707 2311 2836 2359 obtu-
2852 2338 2865 2357 -

1586 2384 1703 2429 tibus
1720 2385 1917 2441 placeant
1933 2386 2106 2431 divinis,
2130 2385 2195 2430 Ad
2214 2386 2298 2431 hoc
2320 2399 2493 2444 quoque
2503 2388 2704 2444 pertinet,
2718 2388 2836 2445 quod
2860 2390 2865 2453 l
2917 2401 2924 2407 “

1584 2458 1840 2504 emissiones
1877 2465 1962 2504 tuae
1996 2460 2226 2517 paradisus
2257 2471 2355 2505 esse
2387 2461 2592 2506 dicuntur
2625 2461 2834 2505 malorum
2862 2468 2865 2506 ἓ
2907 2507 2910 2521 ‚

1579 2532 1827 2587 ⁴pum'corum
1852 2545 1946 2576 cam
1975 2545 2191 2588 pomorum
2219 2531 2440 2589 [ructibus.
2467 2530 2515 2576 In
2540 2533 2654 2577 malo
2674 2533 2835 2590 quippe
2855 2563 2865 2596 ,¹
2914 2579 2922 2596 Α

1583 2605 1759 2662 punico,
1787 2610 1932 2650 cortex
1959 2605 2131 2663 quidem
2156 2617 2286 2657 unus,
2307 2605 2380 2650 sed
2405 2606 2540 2650 multa
2565 2610 2666 2650 sunt
2681 2617 2829 2663 grana.
2860 2660 2863 2671 <
2905 2631 2924 2674 ω

1583 2675 1656 2720 Ille
1679 2676 1869 2722 exterius
1892 2683 1979 2731 est3
2003 2676 2095 2721 haec
2130 2682 2274 2721 autem
2296 2677 2478 2723 interius
2507 2683 2624 2722 sunt.
2647 2676 2715 2723 Ab
2737 2677 2832 2722 uni·
2859 2712 2864 2735 ,

1583 2754 1670 2794 tate
1693 2750 1838 2806 itaque
1864 2754 2169 2808 conteguntur,
2195 2746 2292 2814 quae
2314 2749 2358 2794 in
2386 2750 2635 2798 diversitate
2657 2750 2831 2796 merito·
2858 2749 2862 2778 ³
2912 2783 2915 2790 ⁴

1581 2833 1678 2863 rum
1701 2823 1996 2868 continentur.
2859 2851 2861 2872 ÷
2907 2862 2924 2892 μ

1621 2890 1746 2939 ΎΙΠζ
1785 2892 1850 2937 Sit
1883 2895 2013 2951 igit-ur
2049 2896 2094 2939 in
2134 2894 2441 2941 emissionibus
2472 2896 2559 2941 tuis
2599 2895 2830 2952 paradisus
2860 2894 2863 2922 ἵ

1583 2965 1792 3008 malorum
1810 2967 2082 3021 punicorum,
2101 2972 2149 3010 ut
2164 2966 2374 3024 quidquid
2396 2979 2418 3010 a
2440 2972 2482 3012 te
2502 2967 2692 3019 auditur,
2705 2968 2828 3025 quid·
2907 2998 2924 3042 ‘i'

1580 3037 1683 3092 quid
1711 3037 1757 3080 in
1788 3044 1829 3082 te
1863 3039 2052 3083 exterius
2074 3038 2261 3091 videtur,
2291 3051 2343 3084 eo
2371 3040 2645 3096 potissimum
2677 3042 2862 3110 tendat-¹
2909 3083 2922 3113 n

1579 3121 1634 3153 ne
1655 3109 1856 3155 fraternae
1878 3111 2122 3157 dilectionis
2137 3112 2284 3157 unitas
2300 3111 2539 3167 dividatur3
2555 3125 2610 3158 ne
2627 3113 2822 3171 ejuuiem
2847 3111 2862 3169 f

1579 3182 1760 3227 unitatis
1791 3184 1904 3227 bona
1925 3184 2178 3240 jucunditas
2199 3192 2242 3230 et
2275 3186 2466 3242 jucunda
2496 3187 2670 3233 bonitas
2696 3186 2824 3234 dissi-
2907 3156 2924 3258 2

1578 3262 1716 3313 petur.
1742 3256 1957 3312 Sapientia
1975 3259 2146 3315 quippe,
2186 3272 2277 3316 qaoe
2309 3258 2525 3303 desursum
2544 3267 2622 3313 est,
2640 3261 2822 3318 primum
2847 3325 2850 3330 .
2911 3287 2921 3331 δ

1577 3327 1740 3382 quidem
1768 3328 1920 3382 pudica
1941 3335 2020 3381 est,
2055 3328 2204 3373 deinde
2224 3331 2401 3386 pacifica
2426 3330 2536 3387 (Jac.
2561 3342 2626 3382 ιιι,
2656 3331 2747 3397 lv:
2776 3341 2823 3378 ut
2867 3381 2869 3386 ,
2913 3373 2924 3402 ,ἵ

1517 3414 1552 3457 D
1577 3400 1639 3444 sic
1662 3400 1832 3456 quidem
1859 3401 1972 3458 quod
1998 3402 2111 3459 agis,
2139 3403 2323 3459 teipsum
2357 3416 2433 3460 per
2461 3404 2714 3450 munditiem
2745 3405 2821 3450 ho-
2855 3388 2877 3438 i

1572 3478 1709 3523 nesle,
1723 3478 1771 3515 ut
1787 3485 1936 3528 pacem
1953 3475 2198 3519 nullatenus
2218 3468 2450 3520 fraternam
2466 3489 2540 3534 per
2553 3477 2818 3523 discordiam
2867 3470 2869 3480 ‘

2910 3448 2924 3473 ¹l

2911 3518 2924 3547 ι

1571 3545 1729 3588 turbet.
1754 3545 1830 3590 Est
1851 3554 1992 3591 autem
2017 3549 2255 3593 admonitio
2273 3548 2459 3594 Domini
2480 3563 2609 3608 super
2637 3551 2742 3605 ltoc,
2771 3552 2822 3603 in
2842 3586 2866 3615 Δ,

1571 3617 1685 3675 hunc
1705 3607 1906 3661 modum:
1929 3619 2088 3664 Habete
2114 3622 2180 3665 sal
2204 3622 2246 3665 in
2278 3622 2390 3667 vobis
2406 3654 2418 3674 ,
2441 3631 2481 3666 et
2502 3636 2644 3679 pacem
2672 3623 2816 3668 habete

1570 3687 1675 3730 inter
1698 3701 1766 3732 vos
1793 3687 1947 3746 (Marc.
1968 3704 2028 3745 rx,
2048 3693 2137 3750 49).
2163 3693 2444 3740 Innotescens
2460 3707 2535 3753 per
2555 3695 2653 3748 hoc,
2672 3696 2716 3740 ni
2741 3695 2815 3741 t'al·
2858 3741 2862 3749 ,

1570 3759 1649 3811 lor,
1675 3760 1791 3815 quod
1812 3762 1873 3805 illi
1909 3774 1994 3806 non
2039 3765 2179 3820 placet
2217 3766 2408 3811 scientiae
2445 3778 2590 3822 sapor,
2615 3767 2688 3811 ubi
2724 3779 2812 3812 non
2851 3785 2864 3810 ι

1569 3830 1689 3874 adest
1723 3834 1965 3877 concordiae
1994 3846 2117 3878 amor
2143 3851 2154 3880 ε
2181 3844 2226 3880 ιιι
2258 3837 2411 3881 merito
2451 3833 2692 3894 probabiles
2716 3851 2812 3883 esse
2857 3856 2859 3858 ·

1567 3914 1654 3944 nou
1677 3902 1859 3947 debeant
1879 3905 2155 3960 emissiones,
2184 3919 2283 3951 cum
2307 3908 2517 3951 malorum
2551 3907 2809 3965 punicorum
2842 3963 2844 3965 Ι

1566 3986 1653 4017 non
1686 3976 1809 4021 adest
1830 3978 2076 4035 paradisus.
2102 3979 2176 4024 Vae
2197 3968 2460 4026 divisoribus
2493 3981 2696 4025 unitatis!
2735 3980 2808 4026 Vae
2833 3971 2854 4025 J:

1565 4049 1934 4102 perturbatoribus
1953 4053 2099 4108 pacis!
2127 4052 2270 4099 Monet
2291 4053 2470 4107 Paulus,
2488 4061 2536 4099 ιιι
2559 4054 2729 4103 solliciti
2746 4055 2804 4098 si·
2842 4096 2846 4112 ζ

1563 4133 1656 4164 mus
1679 4135 1839 4165 servare
1851 4125 2049 4167 unitatem
2076 4126 2245 4180 spiritus
2267 4127 2309 4169 in
2327 4127 2488 4171 vinculo
2502 4127 2617 4183 pacis
2633 4125 2800 4185 (Ephes.
2843 4134 2853 4143 ⁸

1565 4204 1622 4243 iv,
1646 4194 1704 4251 5).
1731 4192 1766 4238 0
1797 4195 1941 4241 unitas
1977 4197 2186 4251 salubris,
2212 4199 2305 4243 sine
2327 4211 2410 4256 qua
2441 4199 2605 4256 acquiri
2630 4200 2694 4244 vel
2725 4199 2802 4242 ha-

1563 4262 1654 4307 beri
1691 4276 1775 4308 non
1810 4273 1950 4321 potest
1972 4270 2090 4314 salus
2113 4271 2375 4326 spiritualis!
2401 4270 2543 4316 Testis
2573 4276 2641 4317 est
2673 4284 2801 4327 super
2923 4318 2924 4322 ,

1562 4334 1642 4378 boc
1666 4338 1813 4383 multis
1837 4342 1879 4383 in
1904 4342 2009 4387 locis
2034 4342 2255 4400 Scriptura
2278 4357 2419 4397 sacra,
2443 4350 2485 4389 et
2515 4345 2676 4390 scimus
2697 4345 2799 4401 quia
2843 4405 2847 4410 ff
2916 4362 2919 4367 ·

1564 4418 1708 4456 verum
1743 4418 1810 4460 est
1843 4414 2137 4463 testimonium
2178 4422 2287 4476 ejus.
2325 4416 2435 4466 ilinc
2463 4430 2611 4472 unam·
2622 4418 2799 4477 iubetur

2921 4158 2924 4168 -
2913 4086 2914 4099 ‘⁴
2915 3956 2924 4060 *n—
2917 3877 2924 3912 ..-
2917 3810 2924 3840 ι·-
2914 3662 2924 3766 ‘⁴-
