2924 4588
67 136 150 183 769

733 127 803 176 mi
835 124 1167 171 'ratmm'tro
1197 121 1616 168 TABERNACULO.
1650 148 1706 156 --
1735 122 1879 167 PARS
1907 122 1977 168 111.

2562 124 2642 168 770

61 227 189 274 corde
216 241 227 270 ε
259 237 333 283 per
363 235 554 272 anion-cm
585 221 731 267 saeculi
749 251 761 273 ,
793 219 868 276 qui
898 231 977 262 nos
1006 218 1158 262 extulit
1187 216 1309 260 vani·
1332 225 1366 265 Α
1390 215 1482 258 veri
1513 221 1556 258 ct
1591 214 1711 268 talsi·;
1735 214 1949 258 comn‘iodi
1975 222 2017 258 et
2041 212 2318 258 incommodi.
2352 211 2474 257 Unde
2504 218 2547 257 et
2564 200 2643 256 tri*

60 304 150 345 tate
174 298 370 343 elationis
390 330 401 350 ,
429 308 505 352 per
534 304 723 337 amorem·
751 291 997 347 earnis,qui
1030 302 1110 334 nos
1137 289 1311 333 foedavit

62 371 278 427 voluptate
303 367 612 425 corruptionis.
636 363 685 409 in
707 376 782 408 ore
806 364 1005 408 similiter
1026 362 1197 406 duobus
1220 372 1312 404 mo·-

28 457 30 460 ·
63 443 159 487 disz
194 453 272 497 per
305 439 595 496 arrogantiam
616 471 627 491 ,
662 437 764 481 dum
796 437 849 481 de
882 437 1042 480 nostris
1073 448 1153 480 nos
1185 435 1312 480 bonis

62 527 159 560 cuni
183 514 309 572 4232
345 514 547 570 superbia
571 513 816 557 solebamus
838 511 1017 566 efferrc3
1035 524 1110 566 per
1131 511 1311 567 deroga·-

7 612 9 621 ι
52 590 249 639 tionem,
284 588 386 630 dum
420 587 544 631 bonis
577 585 762 642 proximi
788 597 841 629 cx
874 585 1034 629 invidia
1069 584 1310 628 detrahere.

61 659 236 706 Duobus
258 661 386 704 ctiam
408 660 547 703 modis
571 660 809 714 incorpore
829 674 838 701 :
868 670 941 714 per
967 657 1174 713 flagitium
1191 688 1201 708 ‚
1227 669 1312 712 quo

7 765 9 771 ι
62 733 354 789 nosmetipsos
375 732 604 776 libidinose
627 731 882 787 polluimu53
909 742 984 786 ρει·
1005 730 1201 781 facinus,
1228 743 1313 786 quo

62 806 282 862 proximos
307 809 479 850 nostros
503 807 701 860 perverse
725 803 930 848 laesimus.
957 802 1068 847 Ecce
1110 804 1231 847 locus
1269 804 1313 846 in

63 892 148 937 que
182 879 357 921 fuimus.
393 877 535 921 Locus
557 890 682 930 vem,
709 877 752 920 in
777 890 864 934 quo
887 889 1003 920 nunc
1025 888 1201 926 sumus,
1235 877 1315 920 iste

4 974 5 979 ¹
32 1009 34 1013 y
64 953 250 998 mundus
272 958 353 996 est.
387 950 594 1005 Quamvis
616 951 732 995 enim
768 963 853 993 non
883 950 1018 994 simus
1047 949 1101 992 de
1129 948 1312 995 rutundo,

6 1064 8 1069 .
66 1037 214 1071 sumus
234 1030 376 1067 tamen
400 1023 445 1067 in
469 1022 627 1068 mundo
651 1039 659 1066 :
681 1023 783 1078 quia
810 1023 909 1066 licet
933 1021 971 1065 ei
995 1020 1105 1065 sorte
1129 1033 1216 1067 non
1240 1020 1317 1064 ad-

63 1097 301 1143 haereamus
332 1109 408 1152 per
439 1095 636 1140 affectum
656 1127 668 1147 ,
693 1108 790 1138 eum
819 1101 963 1138 tamen
987 1106 1164 1138 neeesse
1186 1094 1318 1136 hahe-

65 1180 162 1213 mus
192 1167 413 1223 possidere
441 1168 494 1211 ad
523 1179 663 1211 usum.
698 1165 750 1208 Et
779 1166 847 1208 hie
877 1166 1002 1209 nohis
1032 1166 1153 1208 locus
1178 1165 1318 1209 tribus

64 1240 206 1286 modis
239 1239 423 1285 infestus
453 1247 518 1284 εει
544 1254 554 1295 ;
599 1239 698 1296 quia
729 1239 956 1283 adversum
988 1250 1070 1282 nos
1101 1238 1205 1282 furit
1240 1250 1318 1294 ρει·

66 1313 461 1370 concupiscentiam
494 1313 655 1364 carnis,
689 1325 764 1368 per
790 1312 1186 1368 concupiscentiam
1217 1322 1318 1354 oen-

66 1385 206 1430 lorum
257 1390 310 1438 et,
349 1385 591 1441 superbiam
635 1385 746 1430 vitae.
804 1384 935 1428 (ιιιιηε
977 1385 1086 1427 enim
1130 1383 1236 1440 qnod
1274 1383 1316 1426 in

66 1458 218 1504 mundo
249 1467 337 1511 est,
372 1467 417 1503 ut
446 1460 506 1502 ait
536 1459 758 1515 apostolus
786 1457 976 1503 «ioannes
995 1490 1006 1511 ‚
1037 1459 1319 1512 concupiscen-

67 1535 128 1576 tia
151 1534 289 1577 caruis
307 1540 385 1585 est,
411 1541 449 1576 ec
466 1533 796 1589 concupiscentia
815 1532 1046 1584 oculorum,
1073 1540 1110 1575 et
1128 1531 1319 1586 superbia

68 1609 161 1652 2¹51oe
184 1606 225 1665 (1
249 1606 374 1650 Joan.
405 1619 454 1657 ιι,
481 1606 568 1664 to).
600 1605 698 1651 ltaec
714 1614 780 1651 εει
805 1607 876 1649 illa
902 1606 1063 1650 tridens
1087 1606 1316 1658 fuscinula,

68 1691 146 1737 per
173 1692 301 1736 quam
329 1679 381 1723 de
412 1677 616 1722 caldariis
658 1689 813 1722 carnes
844 1679 887 1721 in
919 1678 1030 1721 libro
1059 1677 1222 1734 Regum
1257 1679 1319 1722 le-

66 1761 224 1798 vantur
255 1752 309 1810 (Ι
337 1752 435 1808 Regt.
466 1765 528 1805 ιι,
561 1751 661 1810 13).
705 1750 805 1797 lime
831 1753 960 1797 etiam
1002 1752 1085 1795 tria
1126 1753 1322 1795 carnales

69 1838 263 1882 quosque
294 1838 317 1869 a
347 1837 471 1869 coena
513 1824 716 1877 Domini,
761 1825 815 1869 ad
855 1838 984 1882 quam
1017 1825 1062 1882 in
1092 1825 1321 1882 Evangelio

8 1907 9 1912 ’
69 1906 293 1949 vocantur,
327 1899 566 1943 retardant.
597 1897 703 1941 Nam
735 1910 912 1943 uxorem
940 1899 1115 1952 ducere,
1146 1899 1200 1942 ad
1224 1911 1325 1943 con-

70 1971 378 2027 cupiscentiam
417 1972 604 2028 pertinet
633 1973 797 2014 car-nis.
829 1960 1028 2026 Quinque
1053 1971 1159 2027 juga
1191 1971 1323 2015 boum

69 2057 235 2095 emere,
270 2044 323 2088 ad
354 2045 750 2101 concupiscentiam
783 2046 1023 2089 oculorum>
1067 2043 1219 2089 Emere
1247 2045 1325 2088 vil-

42 2110 43 2114 ’
71 2114 155 2158 lam
177 2148 187 2167 ,
222 2116 275 2159 ad
307 2116 551 2172 superbiam
578 2117 676 2160 vitae
708 2115 837 2174 (Luc.
869 2129 941 2160 xiv
962 2149 974 2169 ,
1010 2116 1062 2160 18
1092 2122 1135 2160 ει
1165 2115 1322 2174 seqq).

0 2194 2 2207 ¹
72 2185 172 2231 flaee
197 2193 298 2231 sunt
329 2189 411 2231 tria
438 2188 565 2242 mala,
598 2201 693 2244 quat
724 2189 954 2233 adversum
983 2201 1066 2233 nos
1089 2221 1100 2240 ,
1132 2188 1325 2245 quandiu

72 2261 118 2305 in
146 2261 307 2307 mundo
338 2273 505 2312 sumus,
539 2261 592 2305 de
623 2262 716 2317 ipso
745 2261 907 2306 mundo
933 2261 1133 2306 saeviunt.

128 2331 306 2378 CLXlV.
340 2333 417 2378 Est
443 2333 583 2378 adhue
608 2334 762 2391 duplex
788 2335 1044 2392 periculum,
1065 2334 1180 2391 quod
1202 2334 1325 2379 nobis
1346 2367 1379 2413 C

73 2404 127 2449 de
162 2405 288 2450 nobis
325 2406 449 2450 valde
487 2406 693 2451 inies-tum
731 2415 813 2452 est.-
859 2406 1001 2451 Unum
1045 2407 1098 2450 ad
1132 2420 1321 2464 corpus,

75 2477 190 2521 aliud
219 2490 320 2523 vero
349 2477 403 2521 ad
435 2480 622 2522 annnam
651 2480 861 2536 pertinet.'
894 2479 1016 2534 Quod
1049 2487 1194 2525 autem
1224 2493 1325 2537 per-

75 2556 184 2599 tinet
243 2553 296 2598 ad
330 2567 504 2611 eorpus,
539 2556 936 2612 quinquepartitum
968 2561 1049 2600 cst.
1092 2555 1166 2600 Est
1204 2567 1329 2598 nam·-

77 2641 158 2686 que
187 2628 231 2671 in
261 2640 443 2685 cor-pore
471 2634 621 2673 nostro
649 2628 916 2680 deformitas,
951 2629 1159 2679 ariditas,
1203 2629 1326 2672 intir-

77 2703 203 2745 mitas
223 2734 234 2753 ,
267 2703 453 2746 servitus
501 2709 542 2746 ει
590 2703 826 2758 corruptio.
876 2702 1072 2746 Deforme
1116 2702 1328 2758 siquidem

76 2782 143 2818 est
171 2786 328 2829 corpus
357 2781 571 2824 nostrum,
609 2773 800 2826 tardum,
827 2773 1065 2825 infirmum,
1106 2773 1327 2818 subditum

78 2845 196 2890 durae
227 2847 415 2905 diraeque
471 2847 665 2891 servituti
710 2852 752 2890 ct
784 2846 1047 2891 multimodae
1088 2852 1215 2902 atquc
1250 2844 1330 2888 mi-

49 2919 248 2967 -scrahili
290 2919 521 2962 obnoxium
555 2919 836 2974 corruptioni.
880 2918 1044 2961 Anima>
1073 2930 1175 2961 xero
1213 2917 1328 2973 Deri-

80 2995 224 3038 culum
256 2994 299 3036 in
334 2993 415 3037 hoc
446 2992 606 3036 inundo
635 2993 785 3048 triplex
817 2999 914 3046 est;
944 2985 1121 3048 aegrotat
1145 3004 1332 3048 namque

82 3067 221 3110 anima
248 3072 396 3110 nostra
422 3066 572 3109 morbo
595 3066 754 3122 triplici
775 3081 783 3109 :
819 3066 861 3108 in
883 3057 1105 3117 memoria,
1132 3065 1175 3108 in
1198 3065 1326 3108 ratio-

82 3153 151 3192 ne,
171 3141 214 3184 in
237 3141 471 3184 voluntate.
496 3139 542 3183 ln
565 3140 770 3201 memoria
795 3152 871 3195 per
893 3139 1155 3195 debilitatem
1182 3140 1331 3183 incon-

83 3216 248 3259 stantiae
262 3229 272 3268 ;
288 3215 343 3258 ‘in
367 3215 532 3258 ratione
550 3227 624 3270 per
642 3215 953 3260 obscuritate-m
975 3213 1254 3274 ignorantiae3
1286 3214 1331 3258 in

82 3289 303 3334 voluntate
328 3301 402 3345 per
430 3289 683 3346 pravitatem
707 3288 924 3345 nequitiae.
966 3282 1181 3332 Memoriae
1213 3289 1332 3332 intir-

84 3362 211 3408 mitas
234 3361 387 3417 triplex
407 3366 498 3405 cst:
533 3361 633 3417 quia
663 3374 756 3404 eam
780 3361 976 3406 debilitat
999 3351 1207 3418 'cogitatio
1231 3361 1332 3406 affe-

1393 287 1527 331 sorme
1559 285 1661 330 illud
1700 286 1982 342 philosophice
2015 285 2212 341 insigne,
2243 296 2329 341 quo
2361 283 2645 340 haec.cogno—

1393 372 1514 405 scere
1543 359 1707 409 debuit,
1739 358 1957 414 perdidit?
1991 358 2176 402 ethicam
2202 356 2418 409 videlicet,
2462 356 2645 412 logicam

1391 441 1433 480 ει
1454 435 1694 491 physicam.
1722 433 1828 476 Nam
1856 445 1933 490 per
1962 433 2144 478 ethicam
2179 432 2457 488 cognoscitur
2481 431 2644 475 bonum

1392 514 1434 553 et
1465 507 1660 563 malum;
1690 518 1766 562 per
1789 505 2008 563 physicam
2041 505 2314 549 commodum
2341 510 2383 549 et
2408 505 2648 548 incommo-

1393 580 1523 632 dum;
1559 589 1634 635 per
1670 578 1853 635 logicam
1883 574 2034 622 verum
2070 582 2113 620 et
2151 576 2326 622 falsum.
2370 575 2647 625 Voluntatem

1393 665 1494 696 vcro
1518 653 1608 695 haec
1626 652 1709 694 tria
1735 652 1875 695 solent
1895 650 2119 694 devastare
2143 665 2153 694 ι
2179 651 2367 700 tantitas,
2413 649 2646 695 curiositaz

1393 730 1435 767 et
1467 726 1682 781 voluptas.
1722 723 1903 768 vanitas
1943 723 2180 780 spiritualis
2221 725 2463 780 superbiae,
2504 723 2647 767 curio-

1394 798 1502 841 sitas
1539 797 1770 842 mundialis
1805 797 1988 848 laetitiae,
2026 797 2224 853 voluptas
2264 797 2452 841 carnalis
2487 809 2650 844 concu-

1395 871 1628 926 piscentize.
1666 869 1845 915 vanitas
1878 871 2077 914 humanae
2107 870 2261 914 animae
2290 871 2551 915 voluntatem
2572 881 2648 916 ex-

1394 944 1507 986 toltit
1549 949 1590 988 ct
1617 948 1830 997 excaecat3
1870 944 2101 986 curiositas
2124 955 2217 986 eam
2239 943 2446 1000 dispergit
2477 950 2520 988 ct
2553 956 2578 988 a
2603 957 2650 990 so

1397 1016 1580 1070 alicnat;
1613 1016 1812 1072 voluptas
1844 1015 1971 1059 allicit
1996 1021 2038 1059 et
2070 1016 2218 1060 foedat.
2262 1016 2442 1061 Vanitas
2464 1017 2516 1061 ad
2540 1024 2651 1062 tem-

1396 1090 1584 1144 poi-alem
1624 1090 1809 1145 pertinet
1844 1089 1991 1132 mundi
2026 1090 2289 1144 potentiam,
2325 1090 2558 1136 curiositas
2596 1090 2650 1134 acl

1398 1165 1567 1208 inanem
1593 1166 1749 1208 mentis
1772 1165 1979 1217 laetitiam,
2009 1166 2208 1221 voluptas
2231 1165 2283 1208 ad
2311 1165 2483 1210 fetidam
2507 1167 2652 1212 carnis

1399 1239 1812 1295 concupiscentiam.
1831 1239 1942 1283 Ecce
1961 1240 2137 1283 morbus
2162 1240 2314 1283 auimae
2330 1240 2511 1298 triplex:
2536 1240 2652 1284 iniit·-

1399 1310 1551 1360 mitas,
1582 1322 1676 1365 quae
1708 1311 1926 1354 memoriae
1954 1311 2088 1354 robur
2121 1311 2318 1355 debilitat
2342 1326 2352 1364 ;
2380 1312 2647 1368 ignorantia,

1400 1394 1494 1437 quac
1517 1383 1700 1426 rationis
1723 1383 1866 1427 lumen
1887 1384 2115 1437 obscuram
2143 1384 2355 1439 pravitas,
2382 1397 2477 1440 quae
2499 1385 2651 1429 volun-

1401 1455 1501 1498 tatis
1533 1454 1790 1497 nmndittam
1823 1457 2124 1501 commaculat.
2167 1455 2248 1500 Sed
2272 1458 2372 1512 quia
2404 1458 2499 1513 ejus
2527 1458 2650 1514 aegri-

1398 1530 1502 1573 tudo
1538 1530 1661 1574 valde
1698 1537 1853 1588 magna
1888 1538 1983 1582 est,
2032 1527 2169 1588 magis
2203 1546 2295 1576 cam
2336 1535 2475 1591 gratia
2508 1535 2652 1579 divina

1399 1615 1527 1658 quam
1548 1602 1689 1659 aliqua
1708 1605 1916 1659 potentia,
1939 1606 2004 1648 vel
2028 1604 2241 1648 industria
2262 1606 2430 1651 curabit
2447 1607 2650 1652 humana.

1399 1674 1505 1717 Nam
1533 1675 1632 1730 quia
1657 1675 1710 1717 ad
1735 1676 1984 1720 creatricem
2009 1678 2195 1732 pertinet
2218 1676 2473 1722 Trinitatem
2510 1678 2622 1723 hanc
2639 1711 2650 1730 .

1402 1759 1532 1803 quam
1554 1747 1606 1790 ad
1637 1747 1870 1806 imaginem
1898 1754 1939 1791 et
1957 1749 2284 1793 similitudinem
2309 1761 2429 1793 suam
2445 1749 2654 1801 condidit.

1402 1818 1639 1863 reformare
1662 1819 1932 1872 Trinitatem,
1953 1821 2222 1865 invocandus
2256 1827 2321 1865 cst
2345 1835 2471 1883 prece
2502 1822 2654 1867 >humili

1403 1898 1444 1936 et
1470 1893 1624 1936 devota
1656 1891 1783 1936 Pater
1821 1892 1960 1946 Deus,
1988 1901 2035 1937 ut
2067 1903 2190 1938 sanet
2213 1895 2464 1939 memoriam
2485 1910 2496 1949 ;
2520 1895 2655 1940 Filius

1404 1965 1543 2016 Deus,
1579 1971 1627 2008 ut
1655 1972 1777 2010 sanet
1810 1967 2051 2020 rationem3
2080 1967 2267 2024 Spiritus
2302 1975 2479 2013 sanctus
2511 1968 2623 2013 Deus
2642 2001 2654 2022 ,

1404 2047 1451 2083 ιιι
1475 2046 1597 2083 sanct
1619 2040 1899 2084 voluntatem.
1934 2039 2062 2084 Pater
2085 2041 2294 2097 siquidem
2319 2054 2395 2097 per
2422 2044 2655 2098 potentiam

1405 2114 1451 2157 in
1475 2113 1604 2156 corde
1621 2119 1737 2156 creat
1762 2113 1959 2157 timerem
1977 2146 1987 2166 ,
2015 2113 2087 2169 qui
2125 2113 2375 2158 memoriam
2401 2114 2594 2166 ordinat,
2615 2120 2659 2159 ct

1406 2186 1595 2230 roborat.
1617 2185 1752 2230 Filius
1775 2199 1851 2244 per
1883 2186 2138 2242 sapientiam
2163 2186 2281 2230 cordi
2309 2185 2494 2229 infundit
2518 2186 2657 2230 scicn-

1405 2261 1509 2303 tiam
1531 2293 1541 2312 ‚
1569 2272 1663 2316 quae
1695 2259 1904 2303 rationem
1928 2258 2140 2302 illuminat
2163 2264 2204 2302 ct
2226 2258 2447 2303 clarificat.
2474 2258 2659 2315 Spiritus

1407 2339 1586 2378 sanctus
1608 2345 1684 2390 per
1708 2332 2014 2389 benignitatem
2044 2332 2164 2375 cordi
2194 2332 2342 2375 tribuit
2374 2332 2624 2379 charitatem
2643 2363 2655 2383 ,

1405 2421 1500 2465 quae
1521 2407 1785 2450 voluntatem
1823 2405 2002 2449 mundat
2032 2412 2071 2449 ει
2097 2411 2282 2461 coaptat.
2321 2404 2372 2447 Et
2396 2405 2486 2448 haee
2507 2405 2560 2449 de
2580 2405 2657 2448 tri-

1405 2482 1488 2526 hus
1511 2480 1664 2531 malis,
1691 2479 1848 2536 quihus
1870 2478 1997 2523 nobis
2021 2478 2207 2522 mundus
2237 2479 2341 2531 iste,
2368 2479 2488 2523 locus
2508 2478 2658 2523 videli-

1407 2560 1475 2599 cet
1521 2554 1571 2603 in,
1598 2566 1684 2611 quo
1708 2565 1824 2596 nunc
1871 2564 2037 2604 sumus,
2075 2550 2261 2596 infestus
2293 2557 2373 2595 cst.
2415 2550 2467 2594 Et
2489 2551 2578 2595 hacc
2606 2551 2659 2596 de

1407 2629 1576 2673 duolms
1619 2627 1824 2683 periculis
1855 2638 1950 2682 quae
1982 2626 2026 2669 in
2055 2637 2106 2669 co
2139 2625 2434 2669 sustinemus:
2475 2635 2657 2680 quorum

1407 2714 1540 2745 tinum
1566 2713 1645 2745 nos
1667 2699 1710 2743 in
1737 2711 1941 2756 corpere,
1978 2699 2157 2741 alterum
2183 2709 2285 2741 vero
2314 2698 2357 2740 in
2397 2697 2543 2739 ‘anima
2566 2708 2658 2739 mo-

1408 2776 1550 2818 lestat.

1463 2847 1623 2892 CLXV.
1656 2846 1700 2890 In
1725 2848 1819 2890 loco
1838 2858 1938 2890 vero
1958 2845 2085 2889 tertio
2109 2846 2189 2888 tria
2220 2851 2320 2888 sunt
2346 2858 2356 2888 :
2390 2844 2501 2900 ignis
2518 2877 2529 2897 ,
2562 2857 2661 2887 ver-

1408 2923 1507 2974 mis,
1545 2929 1588 2966 ct
1628 2922 1853 2977 utriusque
1897 2919 2146 2972 assternitas3
2192 2919 2292 2975 quia
2339 2918 2407 2961 ille
2451 2917 2658 2961 inexstin-

1409 2996 1609 3052 guibilis,
1661 3000 1703 3038 et
1742 2994 1813 3042 hie
1861 2992 2020 3036 dicitur
2057 2991 2182 3048 433
2236 2990 2505 3034 immortalis.
2561 2989 2658 3032 l'er-

1410 3071 1505 3122 mis,
1550 3068 1706 3125 inquit,
1750 3079 1891 3111 eorum
1935 3081 2016 3109 non
2062 3068 2279 3119 morietur,
2346 3073 2386 3108 et
2434 3066 2538 3121 iqnis
2577 3079 2658 3108 nen

1410 3147 1696 3202 exstinguetur
1719 3142 1827 3199 (Isa.
1872 3154 1994 3194 cxvi,
2041 3141 2121 3194 243
2174 3140 2310 3184 Marc.
2368 3152 2429 3192 tx,
2473 3140 2543 3191 45,
2583 3139 2657 3190 45.

1410 3219 1499 3274 47).
1542 3217 1642 3260 llaec
1661 3216 1742 3259 tria
1781 3217 1825 3259 in
1858 3215 1952 3258 loco
1995 3215 2120 3258 tertio
2148 3221 2248 3258 sunt
2288 3229 2298 3258 :
2345 3219 2388 3258 ct
2431 3219 2531 3258 sunt
2568 3212 2658 3256 haec

1410 3289 1494 3332 tria
1516 3289 1560 3331 in
1585 3289 1680 3331 loco
1715 3287 1788 3330 iilo
1831 3286 1955 3342 qiiasi
1993 3285 2148 3341 triplex
2193 3284 2387 3338 mansio;
2433 3280 2486 3326 ad
2529 3296 2659 3340 quam

1413 3375 1488 3419 per
1524 3362 1635 3405 viam
1670 3373 1790 3416 aeque
1834 3359 2050 3415 triplicem
2087 3358 2257 3414 reprobi
2299 3356 2657 3414 pertingunt.Via

86 3439 255 3487 ctuosa,
281 3446 463 3479 onerosa
493 3442 535 3478 ct
556 3435 710 3478 otiosa.
734 3433 978 3480 Ail'cctuosa
1021 3436 1225 3492 cogitatio
1248 3443 1329 3489 est,
1357 3446 1391 3489 D
1414 3445 1599 3490 nonique
1619 3445 1766 3477 eorum
1787 3431 1995 3475 triformis
2012 3434 2076 3474 εει
2103 3446 2112 3474 :
2136 3430 2378 3480 delectatio,
2402 3439 2656 3482 consensus,

87 3509 257 3565 quando
284 3510 400 3553 circa
434 3509 678 3553 necessaria
716 3508 938 3555 allicitur:
971 3510 1083 3553 sicut
1112 3515 1179 3554 est
1215 3510 1325 3566 cogi-

89 3584 193 3627 tatio
214 3582 383 3634 edendi,
404 3582 595 3633 bibendi,
620 3582 846 3632 vestiendi,
867 3588 908 3626 ct
932 3583 1197 3638 hujusmodi.
1221 3582 1334 3627 Onc-

91 3668 186 3700 rosa
216 3663 297 3708 est,
330 3657 502 3712 quando
527 3656 570 3698 in
597 3656 854 3712 cogitatione
886 3669 1030 3699 rerum
1067 3657 1332 3700 extrinseca-

91 3739 184 3770 rum
207 3727 436 3771 exteratur:
461 3732 508 3769 ut
538 3733 633 3776 εει,
666 3727 838 3781 quando
862 3727 1021 3782 cogitat
1057 3727 1157 3782 quid
1180 3728 1332 3782 exqui-

94 3800 269 3844 rendum
290 3800 367 3851 sit,
390 3799 497 3856 quid
519 3799 866 3855 expendendum,
894 3800 995 3855 (guid
1018 3799 1331 3852 aedificandum,

71 3873 192 3928 ,quid
223 3873 535 3930 plantandum,
567 3880 608 3917 et
643 3873 908 3928 liuiusmodi.
950 3872 1096 3918 Otiosa
1130 3874 1333 3930 cogitatio

92 3951 170 3997 εει,
189 3946 303 3990 circa
323 3959 452 4002 quam
471 3958 547 3990 nec
571 3946 753 3989 allicitur
770 3952 817 3989 ut
839 3947 953 3990 circa
971 3948 1232 3998 neces-saria,
1254 3959 1334 3990 nec

93 4013 292 4065 oneratur
321 4026 368 4063 ut
385 4020 500 4064 circa
523 4021 751 4069 exteriora,
777 4026 820 4064 et
847 4028 987 4064 tamen
1011 4032 1086 4075 per
1109 4033 1202 4064 cam
1227 4033 1335 4076 prae-

93 4093 261 4149 peditur
303 4095 356 4137 ad
396 4095 507 4138 bona
545 4093 773 4150 cogitanda
800 4109 809 4137 ;
851 4098 998 4149 utpote
1039 4105 1134 4136 cum
1177 4094 1336 4149 cogitat

99 4177 251 4220 equum
273 4172 514 4210 currentem
531 4197 542 4216 ,
569 4178 687 4211 avem
711 4166 926 4212 volantem
943 4197 954 4216 ,
988 4167 1148 4221 piscem
1180 4173 1334 4210 natan-

86 4243 202 4290 tem,
223 4240 287 4284 vel
311 4239 470 4294 aliquid
493 4239 721 4294 ejusmodi.
749 4238 963 4294 Cogitatio
986 4238 1217 4283 allectuosa
1243 4240 1336 4282 ani-

97 4318 208 4353 mam
237 4310 289 4356 de
311 4324 357 4355 se
378 4312 578 4356 sollicitat
593 4346 604 4364 ,
636 4312 774 4355 otiosa
797 4323 892 4354 eam
922 4322 946 4352 a
969 4325 1015 4355 se
1037 4311 1208 4361 alienat,
1233 4323 1336 4355 one-

97 4393 195 4425 rosa
228 4395 320 4427 eam
360 4385 441 4428 sub
479 4397 527 4429 se
558 4384 813 4440 praecipitat.
849 4382 1046 4427 Rationis
1078 4396 1179 4427 vero
1215 4384 1335 4440 igno-

97 4455 232 4500 rantia
251 4456 402 4512 triplex
421 4465 485 4501 εει
506 4471 515 4501 :
541 4458 778 4515 ignorantia
802 4455 1000 4500 videlicet
1023 4456 1122 4500 boni
1144 4463 1181 4500 ει
1207 4455 1330 4512 ιιι;ι’ἱί;

1414 3505 1699 3551 consuetudo.
1719 3504 1780 3548 De
1803 3504 2086 3548 delectatione
2114 3505 2274 3547 vadunt
2296 3504 2347 3547 ad
2373 3515 2654 3555 consensum,

1414 3580 1467 3624 de
1492 3591 1707 3623 consensu
1741 3578 1794 3620 ad
1822 3576 2188 3621 consuetudinem.
2217 3574 2299 3620 Per
2330 3575 2655 3619 delectationem

1413 3653 1702 3702 infirmantur,
1728 3663 1803 3706 per
1822 3662 2080 3694 consensum
2101 3647 2359 3698 moriuntur,
2375 3660 2450 3703 per
2474 3659 2658 3691 consue·-

1413 3729 1604 3772 tudinem
1629 3726 1908 3782 scpeliuntur.
1936 3723 2190 3768 Perveniunt
2216 3723 2419 3778 perhanc
2443 3723 2652 3777 triplicem

1414 3804 1523 3845 viam
1562 3801 1613 3844 ad
1639 3800 1753 3842 illam
1785 3799 1996 3854 triplicem
2028 3798 2294 3840 mansionem
2327 3811 2334 3838 z
2361 3795 2413 3837 ad
2443 3797 2656 3839 ustionem

1413 3876 1610 3932 videlicet
1633 3873 1760 3929 ignis,
1787 3873 1839 3915 ad
1865 3884 2055 3916 morsum
2077 3871 2237 3914 vermis
2270 3875 2311 3912 et
2353 3870 2402 3912 ad
2430 3871 2659 3925 utriusque

1413 3947 1707 3993 aeternitatem.
1735 3945 1815 3989 Per
1839 3944 2162 3988 delectationem
2188 3950 2289 3986 eunt
2312 3942 2361 3986 ad
2388 3943 2526 3998 ignem
2544 3976 2553 3994 ,
2579 3954 2656 3997 ρει·

1415 4030 1673 4063 consensum
1720 4017 1772 4059 ad
1820 4027 2029 4065 termera,
2070 4026 2147 4070 ρει·
2198 4014 2547 4057 consuetudinem
2601 4013 2656 4056 at}

1414 4091 1642 4146 utriusque
1663 4089 1941 4133 aeternitatem
1964 4103 1973 4130 ε
2001 4095 2047 4130 υι
2070 4098 2239 4129 carnem
2260 4118 2269 4137 ,
2297 4098 2390 4141 quae
2417 4086 2460 4128 in
2478 4091 2658 4141 peccato

1414 4164 1731 4213 delectabatur,
1757 4162 1980 4205 comburat
2015 4159 2147 4214 ignis;
2183 4159 2368 4201 animam
2386 4191 2396 4209 ,
2423 4171 2516 4214 quai
2534 4156 2657 4200 carni

1414 4236 1649 4286 consensit,
1676 4234 1875 4278 corrodat
1895 4234 2074 4286 vermis;
2099 4241 2139 4275 et
2161 4231 2216 4275 ol)
2248 4231 2407 4287 pcccati
2428 4235 2656 4274 consuetu-

1414 4311 1572 4360 dinem,
1599 4309 1820 4364 utriusque
1854 4307 2011 4352 sentiat
2047 4305 2327 4350 aeternitatem
2351 4320 2359 4346 ι
2391 4304 2489 4359 quia
2516 4309 2557 4347 et
2582 4303 2657 4345 ille

1416 4383 1788 4439 inexstinguibilis,
1816 4388 1859 4426 ct
1891 4381 2141 4425 hiedIcitur
2161 4379 2428 4423 immortalis.
2464 4378 2516 4421 Et
2538 4380 2650 4424 sicut

1416 4468 1636 4512 nunquam
1660 4455 1794 4499 voluit
1829 4454 1950 4500 finire
1968 4453 2160 4510 culpam,
2200 4452 2261 4495 sic
2290 4463 2508 4508 nunquam
2531 4451 2650 4496 finiat
