2924 4588
326 126 431 169 {Hi

1306 117 1486 165 *rt-:Tm
1517 115 1869 170 cousssroms

2766 67 2893 186 ieri

324 215 465 271 prium
502 213 631 255 tilium
682 224 759 267 pro
793 223 844 256 eo
872 217 1117 268 exponeret.
1141 210 1334 267 Cumque
1378 210 1561 255 redisset
1583 212 1621 259 Α
1645 207 1871 252 adorabat.
1905 221 1919 247 ι
1946 203 1994 249 ln
2022 203 2103 247 liae
2131 201 2315 260 epistola
2348 197 2547 248 hortatus
2567 207 2632 248 est
2662 204 2790 249 etiam
2807 205 2888 261 lu,-

265 302 283 325 =
323 292 470 340 pastor
503 283 795 342 affuel-‚um
827 282 993 326 invenit
1007 282 1166 326 Canem
1194 282 1281 339 (at)
1305 281 1563 338 praebentem

322 356 363 398 ei
389 356 534 406 ubera,
565 361 606 398 et
630 365 652 396 a
677 353 836 419 serigct
860 353 1011 397 avibus
1036 353 1348 398 defendentem.
1370 353 1564 408 Cumque

319 428 499 471 tulisset
509 439 604 470 eum
630 427 682 470 ad
700 438 876 471 uxorem
900 427 1096 471 allusitei
1116 433 1321 482 tanquam
1341 427 1413 470 diu
1433 434 1560 479 notae,

323 499 798 561 vocavitque-puerum
844 497 1122 553 Sparticum,
1165 498 1207 541 id
1254 505 1320 542 est
1360 499 1560 543 catulum.

322 568 501 625 Spar-tos
532 572 643 615 enim
678 570 851 615 Persica
899 584 1044 614 canem
1074 578 1214 615 sonat.
1237 571 1315 623 Qui
1337 583 1432 614 cum
1449 580 1565 617 esset

321 643 653 700 grandiusculus
671 678 682 698 ,
718 656 742 687 a
777 644 924 699 pueris
949 644 1197 689 ludentibus
1230 644 1371 688 sactus
1399 653 1464 688 est
1489 658 1563 688 rex

320 728 485 766 eorum,
511 723 551 759 et
572 722 848 759 contumaces
891 722 932 760 ct
958 716 1254 761 inobedientes
1280 718 1358 760 sibi
1377 719 1563 773 grav'ter

322 789 550 845 affligebat.
598 788 718 840 Quod
759 789 948 845 graviter
979 777 1165 833 serentes
1202 795 1346 846 patres
1382 803 1558 843 eorum,

321 862 497 905 verbum
521 859 766 904 detulerunt
792 862 845 904 ad
870 873 1011 917 regem
1026 861 1080 905 de
1103 861 1190 904 filio
1211 863 1559 917 pastos-isonam

320 944 416 976 cum
438 932 690 977 advocasset
714 946 788 976 rex
805 965 815 983 ‚
841 940 884 977 et
903 939 1101 988 argueret
1122 946 1219 978 eum
1243 936 1361 991 quod
1403 948 1560 991 pueros

320 1006 559 1063 plagasset,
586 1007 656 1050 ille
681 1006 917 1063 intrepidus
943 1020 989 1052 se
1024 1014 1071 1050 ut
1109 1019 1251 1064 regem
1299 1008 1454 1053 secisse
1492 1022 1562 1052 re-

320 1079 509 1133 spondit.
524 1077 576 1120 Et
598 1079 834 1122 admiratus
853 1091 951 1131 rex,
973 1085 1013 1123 et
1035 1080 1228 1136 quaedam
1251 1082 1372 1136 signa
1389 1083 1562 1138 generis

320 1152 386 1194 sui
411 1151 453 1194 in
473 1164 524 1195 co
543 1164 639 1196 esse
666 1152 990 1207 deprehendens
1006 1188 1017 1207 ‚
1045 1155 1180 1198 ascito
1214 1161 1388 1210 pastore
1414 1168 1557 1201 secre-

318 1225 405 1268 tius
428 1225 653 1269 veritatem
688 1227 746 1269 rei
771 1228 959 1282 agnovit.
985 1226 1288 1273 Verumtamen
1313 1229 1441 1271 timor
1463 1231 1559 1284 ejus

319 1295 371 1338 de
406 1302 560 1351 nepote
597 1296 819 1353 mitigatus
848 1306 940 1352 est,
973 1300 1192 1344 aestimans
1231 1300 1347 1354 quod
1382 1301 1558 1343 verbum

318 1368 609 1423 coniectorum
634 1370 686 1412 de
710 1382 841 1426 regno
864 1369 1083 1426 impletum
1103 1376 1218 1415 esset
1233 1372 1276 1414 in
1295 1383 1433 1427 regno
1456 1385 1560 1428 pue—

327 1453 492 1493 rorum,
509 1449 549 1485 et
568 1442 702 1486 eidem
723 1443 791 1486 cui
812 1443 931 1499 prius
948 1445 1222 1488 commiserat
1256 1446 1559 1498 occidendum,

319 1514 534 1558 commisit
569 1515 782 1568 alendum,
809 1529 896 1560 non
940 1517 1135 1561 indicans
1166 1525 1312 1561 tamen
1345 1530 1442 1562 esse
1477 1519 1559 1562 nisi

318 1588 506 1643 pastoris
538 1588 687 1633 filium.
725 1588 879 1631 Filium
906 1589 1078 1645 quidem
1114 1590 1228 1633 illius
1248 1591 1468 1634 secretarii
1492 1591 1559 1635 sui

319 1661 514 1704 clanculo
535 1661 652 1704 dedit
676 1662 784 1716 patri
809 1662 860 1704 ad
884 1662 1212 1713 coniedendum,
1235 1663 1334 1718 quia
1353 1676 1438 1706 non
1458 1663 1561 1707 obe-

318 1733 456 1776 dierat
478 1734 543 1776 ori
567 1733 662 1789 ejus
684 1765 695 1786 ,
724 1740 766 1777 et
791 1741 886 1789 post
913 1735 954 1778 id
979 1735 1118 1791 ipsum
1147 1735 1354 1779 indicavit
1374 1737 1429 1780 ei.
1452 1735 1560 1779 Fac-

317 1813 408 1849 tum
439 1813 505 1851 est
532 1812 674 1850 autem
699 1814 745 1850 ut
768 1806 978 1864 Astyages
999 1809 1188 1853 traderet
1220 1810 1457 1853 exercitum
1498 1810 1560 1853 illi

319 1882 568 1931 secretario,
588 1881 639 1924 ad
677 1882 822 1925 bostes
846 1882 1169 1937 expugnandos,
1196 1883 1285 1939 ipse
1312 1894 1414 1926 vcro
1441 1894 1556 1927 rece·

317 1954 379 1997 dit
397 1953 441 1996 in
462 1954 613 1997 Media.
630 1954 764 1998 Porro
781 1954 852 1998 ille
874 1967 959 1998 non
985 1955 1211 1999 immemor
1232 1955 1429 1999 maleficii
1446 1956 1558 2012 regis

317 2027 531 2082 persuasit
561 2027 795 2080 exercitui,
834 2032 877 2069 ut
912 2025 1166 2081 Spartacum
1200 2040 1341 2084 regem
1368 2026 1558 2071 Persidis

318 2101 399 2144 sibi
421 2101 658 2156 eligerent,
701 2106 742 2145 et
767 2101 1084 2157 cognominavit
1116 2113 1214 2145 eum
1239 2100 1415 2158 Cyrum,
1442 2102 1558 2158 qnod

317 2173 625 2229 iuterpretatur
658 2173 963 2226 baeres.quasi
1003 2173 1118 2217 dicat
1144 2188 1154 2216 :
1181 2173 1300 2218 Licet
1322 2176 1558 2218 reluctetur

315 2246 539 2303 Astyages,
562 2246 630 2290 hic
648 2255 711 2291 est
731 2247 880 2291 baeres.
903 2246 996 2299 Quo
1024 2246 1150 2300 sacto,
1172 2248 1327 2292 timens
1350 2248 1556 2305 Astyages

316 2318 490 2363 Darium
527 2320 834 2363 consobrinum
874 2319 1092 2375 adoptavit
1126 2319 1206 2362 sibi
1236 2321 1278 2363 in
1319 2320 1479 2374 tilium,
1514 2326 1557 2364 et
1577 2344 1610 2390 C

318 2393 500 2436 collecto
531 2393 720 2436 exercitu
747 2404 1007 2448 congressus
1038 2392 1344 2436 estadversus
1367 2392 1524 2448 Cyrum
1541 2424 1552 2444 ,

316 2469 359 2509 et
380 2463 581 2519 sugerunt
606 2463 764 2509 Persae.
787 2463 953 2508 Uxores
979 2470 1124 2508 autem
1147 2477 1312 2516 eorum,
1337 2471 1379 2509 et
1395 2472 1566 2511 matres

318 2551 503 2595 egressa:
524 2538 576 2581 ad
606 2551 681 2582 eos
700 2570 711 2590 ‚
742 2544 784 2582 et
806 2538 988 2582 detectis
1015 2538 1326 2595 posterioribus
1351 2538 1442 2582 suis
1468 2533 1558 2582 aie-

317 2611 422 2655 bant
464 2624 474 2654 :
520 2625 535 2650 ‹
564 2609 763 2653 Vultisne
802 2609 981 2652 introire
1019 2609 1062 2651 in
1094 2612 1243 2651 uteros
1279 2614 1490 2659 matrum,
1515 2611 1557 2651 et

318 2683 504 2729 renasci.
524 2693 546 2724 -t
567 2681 659 2727 Hoc
675 2682 837 2737 pudore
857 2681 1028 2726 excitati
1051 2679 1193 2725 Persae
1209 2710 1221 2732 ,
1242 2679 1400 2723 acriter
1418 2680 1554 2727 redie-

318 2762 420 2801 runt
441 2756 486 2799 in
510 2755 676 2805 hostes,
693 2763 743 2798 -et
760 2755 899 2797 victus
922 2761 989 2798 est
1010 2753 1231 2810 Astyages.
1253 2752 1392 2809 Cyrus
1415 2759 1557 2802 autem

320 2830 455 2885 magis
478 2827 671 2871 exhibuit
688 2839 734 2871 se
752 2827 811 2870 illi
831 2832 1033 2883 nepotem·
1051 2839 1180 2882 quain
1199 2826 1403 2870 victorem
1425 2842 1434 2869 :
1457 2837 1557 2869 nam

319 2912 498 2957 regnum
519 2899 813 2944 Hit-canorum·
838 2899 1055 2944 concessit
1077 2900 1132 2946 ei,
1157 2898 1285 2946 Dario
1307 2912 1408 2944 vero
1429 2933 1441 2953 ‚
1468 2907 1560 2943 tau-

318 2985 448 3030 quam
472 2972 596 3017 tratri
617 2973 769 3016 matris
786 2984 891 3024 suae,
911 2971 1092 3015 tradidit
1110 2983 1292 3027 regnum
1318 2971 1556 3024 Medorum,

321 3052 460 3089 tamen
487 3046 568 3089 sub
590 3051 705 3089 certa
723 3057 799 3100 spe
814 3044 1054 3088 revertendi
1071 3046 1122 3088 ad
1149 3045 1306 3099 ipsum.

401 3119 503 3162 Car.
519 3116 647 3161 XVII.
687 3117 749 3160 De
767 3118 932 3160 licentia
951 3117 1145 3161 redeundi
1163 3117 1265 3160 data
1293 3116 1322 3160 J
1326 3118 1472 3164 udoeis.

375 3189 523 3246 ltaque
553 3202 650 3232 cum
679 3192 928 3235 universum
963 3202 1143 3246 regnum
1173 3189 1420 3234 devolutum
1444 3196 1560 3236 esset

322 3263 375 3307 ad
411 3276 508 3306 cum
533 3295 545 3313 ,
594 3263 638 3306 in
678 3264 807 3319 hujus
850 3264 968 3319 regni
1009 3275 1120 3307 antio
1160 3263 1299 3319 primo
1336 3264 1561 3307 suscitavit

321 3335 526 3380 Dominus
539 3336 734 3390 spiritum
744 3337 852 3391 ejus,
867 3341 913 3378 ut
928 3337 1174 3390 impleretur
1186 3336 1562 3380 verbumtererniae

324 3407 365 3464 (1
390 3406 515 3452 Esdr.
540 3421 571 3458 ι,
598 3420 626 3450 ιι
650 3423 659 3461 ;

322 3479 438 3538 xtv).
461 3480 512 3523 Et
532 3480 648 3524 dedit
668 3481 905 3526 libertatem
924 3482 1123 3525 omnibus
1139 3479 1314 3534 ludatis,
1336 3482 1410 3538 qui
1435 3486 1560 3526 erant

324 3566 369 3596 ιιι
403 3553 603 3596 universo
627 3565 759 3608 regno
778 3566 873 3604 suo,
897 3559 938 3596 et
957 3554 1176 3600 licentiam
1199 3554 1405 3597 redeundi
1428 3557 1468 3597 in
1488 3553 1565 3597 Ju-

323 3625 458 3668 daeam
480 3655 491 3677 ,
530 3631 573 3670 et
618 3625 860 3669 aedificandi
895 3625 1068 3674 domum
1103 3625 1302 3672 Domini.
1343 3626 1564 3671 Excitatus

325 3706 467 3742 autem
506 3698 586 3741 fuit
615 3711 668 3742 ex
707 3699 847 3742 verbis
874 3697 994 3742 Isaiae
1013 3731 1023 3748 ‚
1061 3699 1141 3754 qui,-
1157 3707 1254 3750 ante
1283 3699 1493 3759 ducentos
1523 3705 1565 3741 et

324 3770 470 3813 decem
491 3782 629 3814 annos
649 3770 881 3825 scripserat
901 3768 952 3813 de
970 3770 1063 3824 ipso
1081 3759 1306 3813 Dominum
1325 3769 1557 3813 dicentem:

324 3842 499 3887 Christo
541 3855 636 3887 meo
673 3844 811 3898 Cyro,
860 3843 985 3899 cujus
1015 3843 1277 3898 apprehendi
1321 3842 1559 3894 dexteram,

328 3916 555 3971 subjiciam
597 3916 638 3959 ei
669 3923 854 3971 gentes,
900 3922 943 3960 ct
978 3929 1123 3971 regna.
1159 3905 1564 3974 lpse'reaedificabit

331 3990 508 4034 domum
550 4001 688 4032 meam
718 3990 763 4031 in
806 3989 1043 4034 Jerusalem
1079 3989 1188 4046 (Ita.
1218 3990 1334 4047 xcv).
1378 3989 1438 4043 Ut,
1461 4002 1565 4045 ergo

329 4064 441 4106 banc
465 4063 710 4108 munificam
727 4063 983 4118 scripturam
1003 4064 1214 4126 impleret,
1240 4071 1282 4109 et
1306 4066 1566 4121 scripturam

329 4134 540 4178 libertatis
563 4140 606 4177 et
626 4134 807 4178 licentiae
829 4120 1021 4178 traduxit
1037 4136 1080 4178 in
1107 4135 1354 4180 universum
1387 4147 1567 4191 regnum

331 4219 475 4259 suum,
494 4207 715 4269 diemissa«
744 4208 895 4251 Omnia
918 4219 1050 4264 regna
1072 4215 1194 4252 terrac
1222 4210 1338 4254 dedit
1359 4208 1465 4251 mihi
1486 4208 1570 4251 Do-

338 4277 480 4322 minus
504 4276 617 4322 Deus
634 4278 750 4333 eoeli,
768 4280 898 4324 eredo
913 4280 1028 4323 bunc
1050 4292 1146 4325 esse
1162 4294 1289 4337 quem
1314 4293 1418 4337 gens
1435 4279 1567 4325 lsrael

1658 281 1775 324 daeos
1814 284 1861 323 ut
1887 276 2168 322 ascenderent
2205 274 2250 317 in
2272 273 2462 318 Judaeam
2483 306 2496 327 ,
2534 281 2576 319 ct
2611 275 2686 331 qui
2727 276 2890 341 nollent

1643 352 1891 404 ascendere,
1908 351 2108 406 juvarent
2141 348 2423 391 ascendentes
2459 348 2506 391 in
2530 348 2736 404 pecunia,
2754 349 2890 402 vesti,-

1643 426 1723 469 hus
1756 429 1797 467 et
1821 423 2048 478 iumentis.
2076 421 2218 469 Porro*
2238 420 2470 484 clarissimi
2491 420 2738 466 Iudaeorum
2759 418 2892 467 babi-

1642 497 1791 539 tabant
1815 497 1858 538 in
1881 494 2130 551 Babylonia,
2156 494 2200 537 id
2221 499 2287 538 est
2306 493 2350 538 iu
2373 499 2490 546 terra
2511 493 2744 555 Babylonis
2771 505 2896 540 ever·

1643 581 1716 613 sae.
1759 569 1951 625 Babylon
1992 569 2105 612 enim
2141 568 2316 624 proprie
2352 580 2509 612 nomen
2557 573 2624 612 est
2666 568 2888 625 civitatis,

1642 640 1877 698 Babylonia
1906 653 2008 686 vero
2044 653 2203 685 nomen
2251 640 2469 696 regionis,
2495 642 2592 685 licet
2635 653 2770 685 unum
2805 652 2889 700 pro

1642 715 1776 758 altero
1805 726 1918 771 saepe
1948 715 2131 770 legatur.
2156 713 2273 757 lnter
2310 727 2385 759 eos
2418 714 2650 758 Zacharias
2679 721 2814 759 natus.
2838 714 2893 759 in.

1642 787 1842 830 Clialdaea
1870 781 1961 844 'iam
1985 787 2284 843 prophetabat.
2323 787 2401 830 llic
2442 787 2659 832 benedixit
2682 787 2892 832 Salathiet

1642 861 1685 903 iu
1711 860 1797 904 filio
1814 893 1825 913 ,
1849 873 2010 905 vocans
2029 874 2126 905 eum
2153 859 2408 914 Zorobabel‚
2441 861 2556 917 quod
2581 862 2888 916 interpretatur

1642 934 1840 988 ιηαῃὶεεεν
1858 933 2102 989 Babylonis.
2128 933 2259 986 Quasi
2291 934 2407 976 dieat
2433 948 2442 976 :
2471 933 2550 976 Hic
2577 934 2660 981 erit
2682 935 2888 990 magistet·

1642 1004 1904 1058 captivitatis
1935 1004 2218 1060 Babylonicae.
2250 1004 2315 1046 Ad
2341 1004 2471 1059 hujus
2498 1005 2715 1060 prophetae
2730 992 2892 1049 exhor·

1641 1076 1845 1120 tationem
1895 1077 2021 1131 primi
2049 1083 2329 1119 surrexerunt
2353 1075 2431 1119 viri
2456 1075 2586 1130 Juda,
2611 1083 2656 1119 ut
2679 1072 2883 1132 ascende·

1642 1153 1736 1190 rent
1764 1148 1807 1190 in
1841 1146 2078 1192 Jerusalem
2100 1179 2110 1198 ,
2151 1156 2295 1204 postea
2334 1160 2435 1191 vero
2469 1149 2550 1191 viri
2590 1148 2819 1204 BenJamin
2842 1155 2901 1195 et·

1642 1219 1814 1264 Levitae.
1839 1219 2087 1276 Propterea,
2107 1226 2154 1262 ut
2177 1219 2281 1263 d?cit
2301 1219 2531 1276 Iosephus,
2557 1232 2579 1264 a
2602 1220 2712 1264 Juda
2731 1208 2888 1278 cogno-

1641 1292 1793 1336 minati
1825 1301 1927 1337 sunt
1944 1292 2096 1337 Judaei.
2127 1292 2265 1348 llujus
2287 1293 2399 1336 enim
2422 1293 2610 1337 nominis
2633 1295 2778 1349 plures
2793 1293 2888 1340 suo-

1639 1373 1740 1410 runt
1770 1379 1914 1414 causae
1939 1381 1953 1421 ς
2001 1378 2130 1422 super
2161 1367 2311 1410 turrim
2335 1365 2463 1410 Babel
2502 1367 2673 1423 legitur,
2703 1368 2818 1422 quod
2859 1379 2890 1412 a

1641 1433 1802 1483 Dedam
1822 1471 1833 1492 ,
1871 1441 1943 1495 qui
1988 1441 2317 1495 cognominatus
2347 1444 2414 1483 est
2448 1438 2609 1490 sudas,
2646 1440 2751 1484 dicti
2784 1445 2889 1486 sunt

1643 1512 1805 1562 ludaei:
1826 1513 1925 1556 alibi
1950 1513 2064 1570 quod
2090 1525 2114 1555 a
2133 1510 2245 1557 Juda
2282 1512 2369 1557 filio
2392 1512 2547 1566 Jacob;
2581 1514 2682 1558 alibi
2718 1515 2835 1571 quod
2857 1527 2899 1559 a·

1638 1585 1660 1628 J
1668 1585 1748 1628 uda
1772 1585 2031 1629 Machabaeo.
2053 1585 2189 1629 Porro
2214 1587 2435 1630 ascensuri
2462 1586 2505 1628 in
2529 1585 2766 1630 Jerusalem
2787 1620 2798 1637 ,
2817 1587 2887 1632 vel

1639 1658 1681 1701 in
1709 1657 1899 1701 Judaeam
1939 1659 2046 1703 alios
2070 1658 2371 1711 hortabantur,
2410 1658 2486 1703 sed
2524 1670 2686 1715 paucos
2710 1660 2888 1705 invene·

1639 1734 1756 1779 runt,
1779 1729 1850 1785 qui
1869 1729 2129 1774 assentirent
2149 1729 2229 1783 eis,
2254 1738 2295 1774 et
2311 1735 2538 1787 propterea
2557 1736 2644 1772 tam
2668 1731 2712 1774 in
2731 1731 2891 1776 exhor-

1637 1802 1841 1847 tationem
1864 1814 1993 1859 quam
2017 1803 2062 1847 in
2096 1809 2304 1861 apparatu
2323 1835 2334 1854 ‚
2359 1810 2449 1848 tres
2475 1815 2612 1857 annos
2639 1805 2887 1863 compleve-

1637 1881 1755 1919 runt.
1791 1873 1924 1932 Igitur
1958 1876 2003 1919 in
2041 1878 2167 1926 tertio
2199 1890 2313 1922 anno
2331 1876 2432 1935 Cyri
2468 1879 2654 1935 regressi
2680 1885 2782 1922 sunt
2804 1879 2886 1923 sub

1638 1946 1879 1995 Zorubabel
1908 1949 2045 1999 duce,
2067 1954 2112 1992 ct
2142 1947 2245 1993 Jesu
2270 1960 2425 2006 magno
2458 1950 2702 2000 sacerdote,
2729 1951 2889 1995 adhor-

1637 2019 1828 2065 tantibus
1859 2032 1934 2065 eos
1959 2019 2169 2078 Zacharia
2191 2022 2423 2077 propheta,
2455 2029 2497 2066 et
2528 2021 2681 2078 Aggaeo
2709 2022 2882 2082 juvenc,

1637 2093 1710 2137 sed
1746 2093 1936 2138 noudum
1962 2093 2185 2150 propbeta.
2214 2094 2347 2137 Erant
2377 2102 2517 2138 autem
2557 2094 2732 2139 circiter
2754 2094 2886 2152 quiu-

1635 2166 1838 2224 quaginta
1854 2167 2008 2217 millia.
2033 2165 2222 2210 Fuerunt
2235 2166 2347 2210 enim
2361 2165 2413 2211 de
2425 2165 2585 2211 Judaeis
2602 2162 2885 2223 quadraginta

1635 2239 1721 2282 duo
1750 2238 1897 2293 milia,
1928 2246 1972 2284 et
2015 2239 2316 2297 quadringenti
2354 2245 2396 2283 et
2443 2242 2680 2302 sexaginta.⁴
2703 2239 2876 2297 Reliqui

1636 2323 1739 2356 vero
1760 2317 1884 2356 erant
1906 2312 2038 2366 servi,
2063 2317 2106 2356 et
2125 2312 2294 2358 ancillae
2317 2319 2360 2357 et
2378 2312 2576 2357 homiues
2593 2314 2762 2370 generis
2783 2307 2857 2370 pr

1637 2386 1810 2432 miscui.
1845 2386 1897 2431 Et
1943 2387 2108 2433 remisit
2134 2399 2232 2431 cum
2251 2388 2315 2432 eis
2340 2387 2478 2444 Cyrus
2499 2392 2665 2448 partem
2685 2398 2891 2432 vasorum·

1637 2456 1808 2503 Domini
1832 2459 2024 2517 quinque
2049 2460 2184 2503 millia
2200 2491 2212 2513 ‚
2243 2466 2284 2505 et
2302 2459 2616 2517 quadraginta,
2647 2460 2760 2504 inter
2786 2470 2884 2515 quae

1638 2533 1760 2590 ponit
1795 2532 2011 2590 ‚Iosephus
2049 2532 2399 2591 refrigeratoria,
2431 2530 2614 2591 quorum
2640 2545 2766 2578 usum
2797 2546 2885 2577 non

1635 2607 1734 2664 legi.
1758 2606 2057 2651 Ascenderunt
2078 2607 2207 2651 etiam
2249 2606 2427 2663 quidam
2465 2619 2564 2650 euin
2587 2606 2668 2658 eis,
2691 2602 2883 2651 dicentes

1637 2691 1684 2724 se
1711 2691 1809 2723 esse
1831 2678 1884 2723 de
1919 2691 2073 2735 genere
2107 2672 2377 2722 sacerdotum
2417 2683 2593 2743 propter
2619 2677 2885 2739 emolumen-

1636 2749 1945 2807 tun1.Cumque
1958 2756 2212 2814 ⁴quaererent
2228 2750 2486 2806 scripturam
2509 2750 2764 2806 genealogiae
2773 2761 2883 2811 suae.

1637 2829 1680 2870 et
1703 2837 1789 2868 non
1807 2824 2054 2869 invenirent
2073 2855 2086 2876 ,
2112 2824 2275 2880 recepti
2308 2823 2467 2868 suntin
2490 2821 2637 2878 lsrael,
2661 2822 2735 2867 sed
2756 2821 2887 2878 ,eiecti

1639 2903 1740 2942 suut
1765 2910 1788 2940 a
1815 2897 2076 2949 sacerdotio,
2105 2896 2267 2941 reversi
2293 2903 2393 2939 sunt
2416 2895 2460 2938 in
2477 2885 2715 2941 Jerusalem
2735 2926 2748 2949 ,
2771 2892 2890 2939 et'iit

1644 2971 1843 3016 civitates
1865 2969 2002 3015 Iudai.

1847 3043 1950 3088 Car.
1976 3041 2124 3088 xvul.
2150 3042 2212 3086 De
2234 3056 2342 3106 anno
2365 3043 2680 3099 septuagesimo.

1696 3117 1775 3161 llic
1812 3123 1880 3163 est
1913 3127 2055 3160 autem
2088 3128 2229 3160 annus
2266 3115 2608 3172 septuagesimus
2643 3113 2849 3158 relaxanti

1640 3189 1924 3251 captivitatis,
1959 3201 2086 3245 quam
2125 3187 2566 3244 praedixithremias
2577 3185 2703 3252 (Cap
2741 3186 2882 3244 xxiii).

1640 3262 1763 3314 Nam,
1801 3267 1843 3306 et
1881 3261 2170 3330 Hieronymus
2214 3260 2403 3323 primum
2447 3272 2607 3303 annum
2642 3249 2747 3302 dicit
2783 3257 2884 3315 Cyri

1643 3335 1778 3380 luisse
1818 3334 2045 3390 septimum
2086 3333 2276 3390 septimae
2311 3332 2504 3377 decadis.
2539 3331 2690 3389 ltaque
2730 3331 2887 3376 tertius

708 3407 754 3450 ΙΙ
798 3407 946 3452 Par-al.
988 3421 1148 3462 xxxvi;
1180 3408 1272 3454 Jer.
1306 3421 1434 3460 ιιι-ηις
1463 3406 1553 3451 Isa.
1582 3411 1616 3453 D
1639 3420 1779 3472 annus
1802 3407 1922 3466 Cyri,
1946 3405 2028 3450 suit
2050 3402 2406 3472 septuagesimus,
2430 3405 2498 3448 cui
2526 3410 2736 3450 consonat
2759 3398 2883 3448 Iose-

1639 3483 1770 3538 phus,
1794 3480 1945 3524 dicens
1968 3496 1978 3524 :
2003 3479 2149 3523 Primo
2174 3479 2285 3523 anno
2310 3478 2474 3535 imperii
2494 3477 2595 3534 Cyri
2618 3476 2884 3534 septuagesia

1639 3569 1737 3599 mus
1779 3555 2082 3606 concurrebat,
2125 3554 2167 3596 id
2211 3558 2277 3596 est
2323 3552 2589 3595 imminebat.
2632 3549 2691 3594 De
2730 3549 2878 3594 eodem

1640 3628 1796 3683 legitur
1816 3627 1860 3694 in
1880 3623 2258 3684 Paralipomenon
2251 3617 2327 3679 (11
2353 3621 2497 3663 Paral.
2520 3619 2698 3676 xxxvij:
2719 3617 2764 3662 Si
2786 3617 2885 3674 quis

1640 3688 1851 3743 evaserat
1871 3697 2079 3753 gladium,
2115 3697 2272 3738 ductus
2311 3694 2352 3735 in
2391 3691 2668 3748 Babyloncm‚
2707 3688 2884 3734 servivit

1641 3770 1729 3833 regi
1754 3776 1797 3813 et
1822 3760 1920 3812 filiis
1940 3769 2051 3823 ejus,
2071 3768 2207 3810 donec
2231 3767 2462 3822 imperaret
2483 3776 2556 3806 rex
2578 3762 2824 3814 Persarum,
2843 3767 2887 3804 et

1643 3844 1930 3915 compleretur
1974 3853 2117 3886 sermo
2157 3838 2370 3891 Jereinioe,
2409 3846 2450 3882 et
2493 3836 2728 3880 celebraret
2771 3827 2886 3879 terra

1643 3912 1839 3979 Sabbata
1855 3910 1950 3964 sua,
1978 3926 2114 3970 usque
2138 3913 2239 3956 dum
2265 3912 2583 3967 compleicntur
2604 3906 2884 3953 desolationis

1646 3971 1918 4047 septuaginta
1938 3988 2056 4031 anni.
2071 3985 2130 4030 De
2147 3985 2296 4029 eodem
2314 3983 2510 4027 meminit
2527 3981 2675 4026 Daniel
2693 3996 2702 4024 ε
2724 3997 2738 4022 ι
2761 3979 2885 4023 Anno

1648 4060 1787 4117 primo
1811 4059 1945 4109 Darii,
1970 4056 2163 4102 intellexi
2187 4066 2417 4099 numerum
2441 4065 2669 4104 annorum,
2696 4056 2742 4093 ut
2766 4060 2884 4106 com-

1651 4117 1871 4188 plerentur
1903 4130 2181 4176 desolationis
2213 4127 2451 4173 Jerusalem
2486 4125 2756 4181 septuaginta
2784 4119 2887 4182 ann]

1652 4205 1781 4260 (Dan.
1813 4204 1920 4260 ix).»
1953 4202 2141 4258 ldipsum
2161 4200 2286 4256 plane
2302 4198 2556 4254 praedixerat
2587 4193 2808 4243 Ieremias,
2840 4190 2855 4236 i

1650 4278 1830 4335 epistola
1855 4288 1983 4333 quam
2007 4272 2162 4319 direxit
2186 4270 2239 4315 ad
2262 4269 2702 4325 transmigrationem.
2731 4279 2747 4307 ‹
2775 4263 2878 4317 Cir.)>

398 4399 484 4456 (Ξι)
509 4396 638 4446 Canis
659 4401 729 4446 bic
753 4406 820 4448 est.
835 4403 1057 4460 proprium
1080 4416 1236 4450 nomen
1252 4415 1472 4462 personae,
1496 4408 1540 4445 ut
1579 4412 1678 4450 vcra
1703 4399 1883 4445 historia
1909 4398 2052 4450 habet,
2077 4410 2171 4455 quae
2198 4397 2278 4443 tuit
2300 4408 2408 4442 uxor
2426 4393 2634 4454 pastoris.
