2924 4588
286 93 368 145 465

1173 77 1347 126 ΑΟΑΙΪ
1367 78 1953 127 PRAEMONSTRATENSIS

2748 82 2832 131 scs
2890 115 2924 147 2

285 184 402 230 vernt
428 191 630 238 apg-rere
659 178 791 235 (282).
823 176 930 219 llinc
960 187 1087 231 super
1121 176 1200 219 boe
1236 182 1343 231 papa
1380 175 1514 230 Euge-
1539 177 1575 220 Α
1596 171 1721 215 Certe
1743 183 1821 215 nec
1840 171 1921 214 boc
1942 169 2049 221 scio,
2074 168 2205 222 sieos
2238 168 2318 226 ipsi
2343 170 2492 214 saltem
2518 179 2690 217 monent
2709 171 2757 216 ιιιΙ
2920 177 2924 186 ·

286 258 384 302 nius
407 257 452 300 in
479 250 913 306 Bbemensiaeoncilio
934 249 1163 302 decretum
1182 248 1297 291 istud
1323 248 1515 304 promul-

286 326 708 386 gavit.Proecipimus,
729 311 886 379 inquit,
908 328 951 363 ut
969 328 1053 363 tam
1070 321 1263 375 episcopi,
1288 333 1411 376 quam
1434 320 1515 362 cle-

286 401 380 452 rici,
413 398 597 455 nequfl'n
634 394 932 449 superfluitate,
972 405 1044 435 seu
1075 392 1291 434 inhonesta
1320 390 1517 434 varietate

286 472 484 521 colorum,
502 475 574 511 ant
604 467 759 523 fissura
779 466 964 518 vestium,
989 477 1115 520 neque
1146 471 1330 514 tonsura,
1355 462 1515 503 intuen-

287 543 403 593 tium,
429 553 600 596 quornm
626 538 763 594 [orma
799 543 838 580 et
864 536 1094 592 exemplum
1111 548 1198 578 esse
1214 534 1373 583 debent,
1395 533 1517 588 offen-

283 612 385 654 dant
402 610 636 666 adspectum
652 621 667 651 .·
689 607 759 653 sed
779 609 914 663 potius
938 608 981 650 in
1004 607 1089 649 suis
1112 605 1270 648 actibus
1295 605 1355 647 ita
1376 611 1516 646 errata

283 682 566 733 condemnent,
589 688 627 724 ct
648 692 830 723 amorem
857 678 1098 723 innocentia!
1121 677 1425 720 conversatione
1447 676 1517 719 de·-

282 759 535 804 monstrent,
585 754 692 796 sicut
742 751 922 808 diqnitas
974 751 1100 825 exiqtt
1138 749 1295 793 ordinis
1347 749 1517 791 clerico-

282 839 376 868 rum
400 825 517 883 (283)
548 825 600 868 Et
622 824 847 880 adjunxit:
873 823 992 876 Quod
1012 823 1060 866 si
1053 804 1214 866 smoniti
1236 821 1289 864 ob
1317 821 1517 877 episcopis

284 898 386 948 suit,
426 898 538 954 infra
574 898 852 954 quadraginta
886 896 992 946 dies,
1024 909 1104 938 non
1141 895 1515 949 obtemperaverint,

283 970 469 1014 omnibus
484 970 772 1014 ecclesiasticis
788 969 1010 1025 beneficiis,
1029 969 1260 1012 eorumdem
1277 968 1516 1024 pontificum

284 1045 529 1087 auctoritate
537 1045 759 1099 priventur.
774 1043 965 1099 Episcopi
980 1057 1071 1086 vero
1084 1043 1122 1085 si
1133 1039 1348 1097 proefioeam'
1357 1054 1517 1097 poenam

279 1118 467 1175 irrogare
490 1117 752 1174 neqiexerinn
777 1118 874 1174 quia
896 1117 1137 1172 inferiorum
1159 1116 1287 1170 σαίρω
1308 1115 1363 1158 ad
1380 1115 1516 1159 nullos

281 1191 415 1247 ηιαῃίς
433 1189 652 1246 referendas
668 1197 779 1241 sunt,
797 1202 919 1245 quam
934 1188 987 1231 ad
1004 1187 1178 1239 desides,
1195 1179 1517 1245 negliqentcsque

283 1270 475 1315 rectores,
499 1262 657 1307 tamdiu
676 1262 726 1304 ab
746 1262 871 1319 officio
883 1261 1113 1317 pontificali
1130 1259 1515 1310 abstineant,donec

282 1350 441 1394 poenam
457 1338 585 1396 236
600 1351 624 1380 α
638 1337 752 1380 nobis
768 1338 1033 1380 constitutam
1049 1335 1208 1379 clericis
1223 1334 1302 1378 sibi
1322 1334 1515 1390 subjectis
1551 1364 1553 1367 -

282 1412 491 1466 imponant
514 1409 645 1467 (28⁴).
667 1410 719 1455 Et
741 1410 807 1454 lex
832 1409 1002 1465 quidem
1036 1407 1124 1451 haec
1145 1413 1307 1457 sancta,
1329 1411 1372 1450 et
1394 1418 1517 1451 man·-

282 1483 427 1527 datum
452 1488 663 1532 sanctum,
699 1488 740 1525 et
762 1482 941 1537 justum,
962 1485 1004 1526 et
1037 1481 1195 1523 bonum
1221 1493 1230 1522 ε
1255 1483 1513 1534 pracceptum

281 1562 347 1600 cst
371 1555 483 1607 vitae,
515 1560 565 1599 et.
589 1555 840 1611 disciplinas.
869 1546 951 1598 Sed
987 1552 1108 1604 illud,
1137 1552 1249 1609 quod
1288 1553 1439 1618 crebro
1470 1553 1514 1596 in

280 1628 392 1673 libro
415 1629 556 1686 legere
580 1640 824 1685 possumus,
857 1628 977 1684 operi
1001 1627 1310 1683 mancipatum,
1331 1638 1431 1671 raro
1450 1626 1516 1671 vi-

280 1703 446 1747 demus.
474 1702 810 1758 liultiplicantur
833 1701 1004 1745 sanein
1035 1700 1115 1745 hoc
1150 1699 1385 1744 miserabili
1408 1705 1514 1743 teni-

281 1787 383 1831 pore
406 1781 553 1819 nostro
575 1775 776 1831 praecepti
794 1773 923 1829 huJus
947 1779 1305 1828 transgressores,
1328 1769 1402 1815 sed
1426 1777 1514 1814 sta·

279 1853 370 1890 tuta
391 1847 455 1891 eis
477 1858 603 1904 poena
625 1858 709 1890 non
729 1834 946 1903 infligitur.
966 1843 1163 1897 Quotidie
1179 1841 1511 1900 superfluitatem

281 1922 324 1963 in
343 1920 534 1965 vestibus
556 1932 703 1965 eorum
739 1926 781 1964 et
814 1918 1082 1963 inhonestam
1105 1915 1300 1961 videmus
1330 1915 1513 1960 varieta-

278 1998 364 2037 :em
383 1993 591 2045 colorum,
617 1992 782 2037 enormi
815 1989 1125 2037 interveniente
1146 1988 1297 2032 fissura
1322 1993 1411 2030 tam
1435 1998 1512 2029 an-

278 2062 454 2115 teriora,
476 2063 873 2120 quam'posteriora
894 2062 1062 2108 nudari.
1094 2063 1206 2117 Quid
1245 2062 1298 2109 de
1333 2069 1511 2111 tonsura

279 2131 502 2180 dicemus?
537 2146 672 2190 usque
706 2133 759 2178 ad
784 2135 901 2191 ipsos
936 2133 1138 2179 humeros
1173 2134 1216 2178 in
1254 2132 1510 2191 quibusdam

279 2207 418 2264 capilli
443 2206 694 2263 dependent.
711 2206 833 2261 Quod
852 2219 998 2253 rasum
1020 2207 1064 2251 in
1092 2208 1338 2252 summitate
1359 2208 1511 2264 capitis

1594 243 1837 288 emendent.
1862 241 1945 286 Sed
1964 241 2018 285 de
2037 241 2123 285 iuis
2151 241 2345 286 sinamus
2366 242 2509 294 modo,
2533 255 2587 287 ne
2613 243 2782 290 videam
2803 251 2807 254 ’

1595 327 1644 360 os
1665 321 1858 359 nostrum
1881 325 2038 370 ponere
2055 313 2099 356 in
2116 312 2290 364 coelum,
2311 312 2347 356 si
2367 305 2510 357 tamen
2538 314 2582 357 in
2604 315 2778 362 coelum.

1649 386 1719 433 tv.
1739 386 1985 442 Loquamur
2013 384 2066 428 de
2099 380 2249 427 habitu
2281 390 2449 436 nostro,
2474 398 2584 440 quos
2616 392 2663 430 ut
2686 386 2741 431 ab
2770 386 2836 435 eis
2907 423 2918 443 Η

1595 459 1812 503 discernat
1833 458 2002 513 vulgus,
2022 456 2266 500 Canonicos
2289 469 2459 513 quoque
2477 457 2729 515 *Regulares
2755 471 2835 517 ap·
2887 455 2889 458 ’
2912 495 2920 515 ‚1

1595 531 1742 587 pellat.
1764 529 1928 583 Quibus
1954 528 2163 572 incumbit
2184 539 2271 571 non
2289 528 2416 573 modo
2437 529 2479 572 in
2507 529 2673 582 babitu,
2697 524 2773 575 sed
2791 536 2836 575 et

1597 604 1641 646 in
1664 603 1849 653 cunctis,
1873 613 1968 657 quae
1991 601 2262 644 conversatio
2290 602 2449 656 expetit
2478 601 2697 659 religiosa,
2716 608 2837 648 tanto

1598 673 1824 718 sublimius
1859 683 1933 716 eos
1973 672 2197 723 excedere,
2231 678 2394 728 quanto
2435 672 2718 726 differentius,
2747 685 2844 732 pra.
2914 696 2919 705 ·

1598 747 1697 798 illis,
1719 757 1875 790 nomen
1898 743 2259 789 haereditavimus.
2274 743 2398 797 Quod
2415 745 2452 790 si
2474 746 2527 790 de
2547 745 2695 790 babitu
2710 744 2837 803 agere
2919 771 2923 779 ·

1596 819 1809 870 volumus,
1834 817 2024 862 sciamus
2060 817 2215 861 debere
2237 829 2319 862 nos
2349 831 2436 861 non
2467 819 2654 870 mollem,
2676 825 2719 863 et
2738 822 2849 876 pre-'
2903 843 2924 852 κ

1598 891 1770 940 desum,
1796 888 1870 933 sed
1909 894 2126 944 asperum,
2149 891 2191 933 'et
2221 888 2423 933 humilem
2448 901 2591 933 amare
2613 890 2832 936 vestitum.
2908 938 2921 956 ;.

1597 963 1794 1008 Mollibus
1813 975 1900 1006 non
1928 962 2063 1006 fuisse
2082 962 2283 1006 vestitum
2305 962 2475 1006 beatum
2504 962 2729 1015 «loannem,
2750 962 2837 1006 Do-
2914 1008 2923 1027 .-.

1597 1038 1755 1087 minus,
1791 1036 1834 1078 in
1857 1034 2087 1091 Evangelio
2115 1036 2298 1079 asseruit
2337 1034 2453 1091 (Luc.
2492 1047 2569 1087 vu,
2609 1035 2698 1091 25).
2743 1035 2837 1091 lpse

1596 1119 1765 1165 quoque
1785 1114 1980 1152 summus
2002 1105 2158 1150 Pastor
2180 1106 2397 1159 Ecclesiae,
2419 1106 2591 1151 feminis
2613 1108 2740 1151 etiam
2765 1119 2838 1152 ve·
2905 1119 2915 1170 J

1597 1189 1703 1226 stem
1727 1179 1946 1224 interdixit
1967 1180 2196 1235 pretiosam
2215 1178 2257 1236 (1
2276 1179 2383 1224 Tim.
2404 1192 2453 1232 ιι,
2475 1180 2534 1238 6).
2555 1179 2677 1233 Quod
2694 1186 2834 1225 autem
2912 1215 2918 1224 .

1541 1236 1572 1278 B
1597 1255 1708 1298 inter
1741 1266 1821 1298 nos
1851 1254 1980 1296 luxus
2002 1253 2184 1296 vestium
2218 1253 2399 1308 reperiri
2436 1265 2520 1297 non
2542 1253 2710 1304 debeat,
2745 1252 2837 1308 ipse

1595 1340 1764 1385 quoque
1797 1325 2004 1371 Dominus
2039 1325 2259 1370 evidenter
2290 1325 2538 1370 manifestat
2571 1326 2613 1369 in
2634 1338 2699 1379 eo,
2721 1324 2837 1382 quod

1595 1402 1788 1445 mollibus
1811 1402 1976 1445 vestitos
2005 1399 2118 1443 dicat
2141 1411 2216 1444 eos
2245 1411 2358 1451 esse,
2383 1400 2455 1456 qui
2483 1400 2525 1442 in
2558 1398 2747 1444 domibus
2772 1413 2836 1444 re-
2909 1415 2910 1419 ¹

1592 1489 1689 1532 qum
1721 1481 1817 1518 sunt
1848 1460 2018 1531 (Matth.
2043 1485 2106 1525 xi,
2127 1472 2186 1529 8).
2215 1471 2310 1517 Non
2341 1473 2457 1517 enim
2484 1479 2655 1518 ter-reno
2688 1473 2834 1525 alicui,
2910 1519 2911 1522 ,

1594 1549 1669 1593 sed
1699 1548 1864 1592 coelesti
1882 1545 1990 1606 Regi
2023 1547 2274 1591 militamus.
2315 1544 2481 1597 ideirco
2523 1554 2688 1598 nostra,
2723 1548 2837 1593 sicut

1595 1622 1733 1674 scitis,
1754 1620 2020 1670 consuetudo
2041 1626 2125 1673 est,
2151 1633 2238 1665 non
2259 1621 2401 1674 lineis,
2420 1621 2503 1666 nisi
2527 1620 2632 1667 solis
2650 1619 2836 1674 femora·
2911 1599 2916 1634 ἱ

1594 1696 1709 1742 libus
1727 1695 1806 1740 uti.
1831 1693 1918 1741 Sed
1953 1706 2033 1739 nec
2067 1695 2289 1739 stamineis
2308 1694 2362 1738 ad
2395 1706 2570 1740 carnem
2606 1688 2719 1753 apud
2754 1707 2836 1741 nos
2917 1704 2919 1707 ’

1592 1780 1849 1827 quemquam
1885 1768 2005 1812 indui
2023 1768 2237 1812 laudabile
2254 1775 2321 1814 est
2344 1783 2354 1812 ε
2375 1768 2460 1812 nisi
2483 1767 2609 1820 forte,
2635 1779 2733 1813 cum
2764 1768 2834 1812 in-

1594 1842 1855 1886 terveniente
1870 1851 2001 1885 causa
2023 1840 2288 1899 rationabili,
2308 1841 2579 1897 praelatorum
2600 1841 2683 1886 hoc
2703 1841 2836 1887 licen·

1593 1917 1668 1966 tia,
1710 1927 1763 1959 ex
1796 1913 2145 1972 dispensatione,
2187 1914 2241 1958 ad
2278 1919 2447 1971 tempus
2487 1909 2692 1972 indulget.
2711 1915 2835 1960 Absit

1592 1996 1751 2040 tamen,
1769 1996 1813 2033 ut
1829 1988 2202 2045 reprehendendos
2223 1995 2424 2045 putemus
2441 1989 2556 2034 viros
2574 1987 2834 2048 Religiosos,

1591 2062 1663 2118 qui
1703 2060 1863 2105 talibus
1899 2061 2091 2106 vestibus
2125 2059 2395 2104 induuntur:
2427 2067 2500 2103 aut
2524 2068 2569 2104 ut
2594 2071 2676 2105 nos
2706 2063 2835 2118 super

1592 2134 1689 2179 illos
1725 2134 1886 2184 tumide
1907 2133 2158 2200 (efferamus,
2184 2134 2306 2190 qnasi
2329 2134 2391 2177 eis
2414 2134 2457 2177 in
2487 2132 2568 2177 hoc
2598 2122 2834 2179 sanctiores
2903 2168 2907 2201 ἦ

1592 2209 1742 2253 simus.
1762 2205 1909 2265 Neque
1926 2208 2041 2252 enim
2062 2207 2126 2252 sic
2153 2207 2207 2250 ad
2230 2207 2457 2251 utilitatem
2485 2207 2716 2263 legentium
2756 2220 2836 2252 no-
2904 2216 2907 2261 ’,

279 2286 483 2338 gestatur,
496 2280 704 2342 modicam
723 2279 953 2325 admodum
968 2272 1235 2325 latitudinem
1250 2285 1380 2325 tenet.
1399 2279 1509 2324 Num
1533 2298 1566 2346 C
1593 2286 1680 2324 stra
1697 2281 1969 2336 exponimus,
1985 2279 2033 2325 ut
2050 2280 2188 2325 aliena
2207 2280 2270 2324 eis
2290 2291 2596 2336 supponamus.
2610 2279 2716 2324 Nam
2736 2290 2834 2325 cum
2903 2274 2907 2290 ³

279 2359 326 2398 ut
361 2350 469 2399 tales
489 2359 736 2411 appareant,
761 2353 945 2411 dignitas
978 2353 1114 2410 exigit
1149 2353 1314 2403 ordinis
1338 2354 1512 2397 eorum?

279 2426 356 2472 sed
376 2438 455 2487 pro
474 2425 538 2471 eis
560 2425 601 2471 id
618 2425 797 2471 forsitan
818 2419 920 2483 agit,
946 2427 1061 2482 quod
1081 2419 1232 2471 beatus
1250 2426 1512 2484 Augustinus

280 2499 465 2553 clericis,
504 2492 548 2543 in
585 2512 732 2544 eorum
767 2498 928 2555 Regula
964 2500 1105 2544 dicit:
1132 2506 1177 2543 ut
1209 2499 1407 2545 videlicet
1430 2512 1512 2544 non

281 2565 471 2628 affectent
504 2570 680 2616 uestibus
716 2571 891 2628 placere,
920 2570 999 2633 ¹sed
1038 2570 1236 2614 moribus.
1270 2570 1396 2615 Certe
1425 2570 1510 2615 non

279 2657 358 2703 pro
378 2645 439 2690 eis
462 2644 549 2702 agit
570 2644 676 2698 hoc;
704 2644 804 2702 quia
828 2655 1097 2701 nequaquam
1114 2642 1246 2697 Paulo
1270 2643 1511 2688 contrarius

278 2717 561 2775 Augustinus,
584 2709 655 2774 qui
681 2718 740 2761 ait
772 2733 781 2761 :
804 2715 1067 2762 Providentes
1092 2715 1214 2766 bona,
1238 2729 1318 2760 non
1353 2723 1512 2759 tontum

278 2805 418 2835 eoram
453 2790 553 2842 Deo,
598 2790 667 2834 sed
702 2791 827 2834 etiam
872 2802 1013 2833 coram
1057 2787 1243 2832 omnibus
1281 2787 1525 2833 hominibus>

276 2863 350 2922 (ΙΙ
388 2862 482 2909 Cor.
506 2876 601 2916 vui,
629 2863 713 2922 ¹2).
746 2863 826 2917 Qui
867 2869 908 2908 et
938 2862 1063 2908 nobis
1105 2862 1313 2920 praecipit,
1339 2868 1386 2906 ut
1425 2863 1513 2906 sine

280 2930 499 2994 offensione
517 2938 645 2980 simus
663 2935 840 2987 Judoeis,
855 2942 894 2979 et
909 2933 1111 2992 pentibus,
1129 2942 1168 2976 et
1188 2935 1299 2979 omni
1317 2922 1512 2982 Ecclesioe

278 3007 370 3055 Dei.
395 3006 449 3053 ni
483 3013 623 3055 autem
653 3007 925 3059 intuentium,
953 3008 996 3052 in
1029 3006 1096 3051 his
1140 3006 1360 3051 offendunt
1389 3018 1513 3064 aspc-

276 3087 411 3133 ctum,
435 3090 616 3138 quorum
638 3079 900 3129 sorma‚esse
937 3078 1140 3124 deberent
1185 3085 1228 3126 et
1254 3081 1509 3136 exemplum.

278 3151 358 3199 Vel
379 3153 495 3204 sorte,
507 3165 599 3196 cum
618 3154 660 3197 in
683 3153 882 3197 omnibus
894 3153 1006 3204 aliis,
1024 3165 1118 3209 quac
1131 3152 1184 3195 ad
1194 3165 1269 3198 eos
1282 3154 1508 3210 pertinent,

278 3224 483 3271 canonici
507 3227 609 3278 sint,
634 3217 899 3271 solummodo
923 3226 965 3269 in
985 3225 1052 3270 bis
1076 3225 1219 3280 putari
1241 3225 1410 3281 possint
1431 3238 1512 3270 sae-

278 3299 478 3346 nutaret:
498 3307 559 3352 ut,
584 3298 696 3356 quod
718 3311 796 3356 ego
814 3297 1041 3354 aliquando
1059 3298 1202 3355 putavi
1226 3298 1507 3355 impossibile,

1596 2352 1722 2396 unius
1761 2351 1857 2411 fidei
1896 2344 2175 2397 fundamento
2213 2352 2403 2396 universi
2435 2356 2596 2396 sanctae
2632 2346 2836 2397 Ecclesiae

1593 2416 1668 2470 tilii
1691 2426 1946 2479 innitantur,
1959 2438 2051 2473 non
2063 2425 2241 2474 easdem.
2253 2433 2397 2470 tamen
2418 2427 2462 2470 in
2480 2427 2707 2472 sanctitate
2722 2434 2836 2472 exte-

1591 2501 1719 2558 rioris
1754 2488 2095 2546 conversationis
2123 2500 2459 2546 consuetudines
2481 2511 2630 2565 omnes
2651 2513 2836 2558 sequun-

1591 2580 1677 2618 tur.
1698 2574 1789 2631 lpsa
1811 2571 1982 2631 quoque
2002 2585 2177 2631 sponsa,
2203 2579 2245 2618 et
2277 2581 2396 2617 casta
2419 2574 2566 2631 regina
2597 2580 2679 2626 est,
2703 2585 2833 2632 quam

1592 2656 1735 2695 astare
1770 2649 1876 2692 dicit
1910 2636 2088 2692 sanctus
2114 2645 2250 2691 David
2269 2658 2293 2690 a
2315 2646 2477 2692 dextris
2508 2645 2638 2704 Regis
2659 2642 2832 2702 eximii;

1591 2712 1664 2779 qui
1687 2729 1730 2766 et
1746 2723 1956 2778 speciosus
1973 2721 2109 2778 [orma
2127 2733 2215 2776 proe
2232 2720 2332 2776 filiis
2363 2720 2573 2764 hominum
2606 2725 2667 2764 est
2693 2719 2834 2778 (Pscl-
2911 2718 2916 2739 ¹

1592 2794 1773 2852 xuv,5)
1798 2811 1807 2838 :
1832 2795 1955 2851 quus
1984 2793 2140 2851 reginae
2171 2794 2484 2843 cumvestitus
2506 2793 2830 2850 deauratus-sit,

1592 2865 1887 2925 ipsa'quoque
1915 2866 2180 2923 circumdata
2215 2872 2282 2911 est
2315 2867 2546 2924 varietate;
2583 2866 2684 2926 quia
2722 2866 2834 2918 alius

1592 2941 1670 2992 sic,
1695 2944 1738 2985 et
1757 2942 1867 2986 alius
1903 2941 1981 2985 sie.
2016 2938 2167 2984 Unitas
2189 2939 2470 3002 nibilominus
2497 2938 2542 2984 in
2575 2933 2643 2993 ea,
2664 2940 2834 2987 dicento

1592 3023 1751 3072 sponsa
1785 3012 1831 3056 in
1865 3013 2026 3057 amoris
2065 3011 2262 3064 cantico,
2285 3011 2402 3068 quod
2434 3023 2517 3056 una
2549 3019 2610 3057 est
2638 3009 2834 3057 columbe

1590 3074 1668 3129 suo
1687 3077 1826 3142 (Cant.
1847 3098 1909 3137 vi,
1932 3084 1976 3142 8)
1998 3101 2008 3128 :
2030 3090 2076 3129 ut
2094 3096 2227 3129 unum
2245 3085 2485 3134 sortiantur
2504 3084 2687 3134 diversis
2713 3085 2831 3133 'teme

1591 3159 1768 3214 poribus
1803 3156 2048 3220 laborantes
2081 3156 2305 3202 denarium
2339 3158 2382 3200 in
2408 3157 2547 3211 vinea,
2571 3157 2766 3215 quamvis
2788 3159 2831 3202 in

1590 3232 1712 3274 domo
1731 3227 1873 3275 Patris
1902 3232 2137 3276 mansiones
2154 3230 2297 3275 mutue
2318 3237 2415 3274 sunt
2432 3229 2573 3288 (loon.
2597 3242 2687 3282 xiv,
2711 3230 2773 3290 2).

1647 3303 1699 3348 V.
1721 3302 1861 3358 Absit,
1884 3302 2055 3354 fratres,
2079 3304 2266 3355 anobis,
2283 3303 2395 3348 absit
2422 3303 2572 3358 semel,
2593 3311 2636 3349 et
2650 3307 2828 3359 iterum,

278 3371 367 3428 iam
391 3371 523 3418 sciam
545 3369 621 3430 [at.
649 3370 838 3430 scirem]
865 3372 964 3428 quia
1000 3371 1262 3428 impossibile
1301 3384 1386 3415 non
1423 3372 1514 3415 cst?
1539 3369 1572 3411 D
1596 3382 1637 3420 et
1659 3382 1841 3433 semper,
1864 3385 1906 3431 et
1926 3377 2082 3441 ubique
2100 3377 2226 3433 longe
2254 3378 2311 3422 sit
2331 3389 2354 3420 a
2374 3376 2501 3421 nobis
2532 3377 2614 3421 hoc
2644 3365 2831 3422 detesta-

281 3442 371 3499 Ego
390 3448 503 3487 certe
523 3443 734 3490 aestimare
765 3444 1007 3488 nullatenus
1037 3455 1228 3500 possum,
1258 3445 1363 3500 quin
1385 3439 1509 3500 appa·

281 3526 377 3560 rere
398 3515 441 3559 in
459 3522 590 3568 veste,
611 3522 654 3562 et
674 3521 852 3559 tonsura
874 3516 1115 3560 inordinate
1131 3517 1450 3568 erubescerent,
1477 3517 1515 3563 si

282 3585 327 3631 ln
362 3586 575 3633 universis
598 3588 710 3640 aliis,
736 3600 830 3646 quae
864 3594 1057 3645 spectant
1087 3589 1141 3633 ad
1167 3601 1257 3642 eos,
1282 3587 1515 3648 Regulares

281 3662 426 3704 essent
461 3675 470 3703 :
498 3659 669 3704 babitus
707 3661 914 3717 siquidem
945 3661 1132 3706 exterior
1179 3666 1349 3705 morum
1384 3664 1426 3704 in
1470 3674 1515 3705 se

282 3732 498 3777 miiltoties
521 3732 724 3775 indicium
759 3732 934 3788 profert.
963 3732 1043 3777 Sed
1072 3747 1167 3777 cum
1208 3734 1295 3777 hsce
1330 3735 1387 3778 ita
1412 3734 1513 3787 sint,

285 3804 429 3851 nescio
451 3806 485 3848 si
509 3806 728 3861 pontifices
756 3810 1030 3864 negligentes,
1057 3807 1309 3864 desidesque
1332 3808 1417 3865 sint
1448 3821 1513 3851 re-

285 3883 441 3929 ctores,
467 3878 519 3922 ad
555 3881 702 3935 quales
735 3880 941 3926 Dominus
976 3895 1080 3938 papa
1119 3879 1370 3939 inferiorum
1410 3882 1514 3925 dicit

284 3950 449 4007 culpas,
472 3953 709 4007 specialiter
730 3966 825 3998 esse
852 3951 1109 4015 referendas.
1131 3953 1220 3998 lloc
1240 3963 1379 3998 autem
1405 3940 1511 4005 scio,¹

285 4022 398 4079 quod
426 4035 504 4078 nec
525 4025 596 4080 qui
627 4025 867 4080 hujusmodi
888 4033 987 4070 sunt
1005 4026 1167 4078 clerici,
1191 4013 1511 4081 ecclesiasticis,

279 4094 435 4139 'eorum
467 4095 732 4148 auctoritate,
760 4097 994 4150 beneficiis,
1029 4098 1074 4142 in
1106 4099 1266 4143 nostris
1301 4099 1510 4155 partibus,

287 4167 532 4224 privantur:
566 4179 645 4211 nec
685 4166 738 4212 ab
768 4166 904 4214 officio
934 4171 1164 4227 pontificali
1194 4177 1367 4228 propter
1401 4155 1512 4214 hanc

287 4239 507 4291 desidiam,
541 4246 667 4296 atque
712 4242 1011 4299 negligentiam
1048 4244 1130 4300 ipsi
1174 4246 1508 4300 suspenduntur.

343 4327 457 4439 (2823
482 4327 587 4374 Vide
602 4329 652 4373 ·S.
671 4330 801 4375 Βειικ.
823 4332 872 4375 de
891 4332 1059 4377 Consid.
1083 4334 1155 4379 lib.
1177 4348 1223 4378 ni
1250 4338 1329 4381 sub
1353 4336 1425 4380 tin.

341 4383 441 4441 (583
479 4383 700 4429 Decretum
723 4386 898 4444 Eugenii
919 4388 971 4432 de
991 4390 1173 4434 clericis,

1560 3450 1678 3494 bile
1694 3451 1878 3504 malum,
1906 3456 1955 3505 ut
1990 3448 2159 3507 aliquas
2188 3450 2415 3501 ordinatas
2443 3450 2700 3506 cuiusquam
2729 3449 2831 3495 reli-

1591 3508 1726 3580 giosae
1763 3523 1917 3569 dontus
1955 3522 2289 3576 eonsuetudines
2321 3525 2370 3580 in·
2395 3523 2539 3579 aliquo
2585 3524 2831 3580 vituperare

1594 3601 1921 3652 praesumamus.
1965 3594 2181 3652 Quidquid
2214 3595 2438 3646 animabus
2464 3595 2584 3646 utile,
2626 3607 2730 3647 uno,
2763 3594 2830 3640 vel

1595 3670 1680 3712 alio
1696 3664 1823 3714 modo
1842 3675 1991 3723 mater
2007 3669 2215 3722 virtutum
2245 3668 2448 3719 diseretio
2478 3679 2575 3714 cum
2608 3662 2743 3727 237
2762 3668 2831 3712 in·
2912 3672 2914 3681 ‘

1594 3742 1785 3809 tentione
1808 3743 1894 3799 pia,
1915 3742 1982 3786 vel
2003 3754 2101 3786 cum
2120 3754 2263 3798 rigore
2279 3747 2411 3792 tenet
2439 3741 2515 3789 vel
2530 3752 2640 3793 cum
2649 3741 2837 3798 dispen-'

1594 3802 1759 3864 satione
1778 3817 1956 3873 relaxat,
1962 3815 2114 3861 devote
2133 3815 2439 3872 amplectamur
2454 3820 2498 3870 et
2518 3813 2734 3876 humiliter
2754 3826 2830 3870 ap-

1595 3887 1839 3942 probemus.
1865 3887 1959 3931 Non
1991 3889 2130 3933 solum
2166 3893 2334 3940 autem;
2366 3887 2442 3932 sed
2486 3891 2528 3931 et
2558 3897 2729 3941 omues,
2754 3887 2832 3944 qui
2917 3932 2918 3936 ,

1595 3961 1742 4007 habitu
1781 3967 1883 4005 sunt
1919 3960 2141 4018 religionis
2169 3959 2333 4018 induti,
2371 3959 2497 4005 nobis
2541 3959 2755 4011 meliores,
2786 3967 2829 4004 et
2903 4002 2919 4009 ,

1593 4033 1830 4078 sanctiores
1850 4033 2134 4089 deputemus.
2160 4030 2330 4076 etiamsi
2350 4030 2405 4074 ad
2429 4029 2564 4081 ill',um
2587 4037 2714 4091 quem
2728 4040 2824 4088 nos,

1594 4104 1692 4147 vel
1683 4117 1727 4147 in
1751 4094 1915 4156 liabitu,
1935 4103 2038 4148 vel
2027 4115 2072 4146 ιιι
2090 4101 2223 4170 victu,
2247 4113 2321 4146 seu
2346 4107 2462 4146 certe
2486 4100 2530 4143 in
2553 4101 2694 4165 aliqua
2710 4105 2828 4160 exte-

1593 4173 1695 4216 riori
1730 4171 2070 4225 conversatione,
2097 4179 2293 4217 tenemus
2322 4173 2524 4229 rigorem,
2559 4183 2634 4216 eos
2664 4171 2826 4230 pertin-

1593 4257 1692 4304 gere
1709 4259 1797 4290 non
1816 4246 2028 4291 videmus.
2050 4239 2191 4289 Unum
2214 4244 2374 4302 quippe
2414 4254 2628 4288 summum
2665 4243 2824 4288 bonum

1630 4335 1761 4393 (284)
1781 4335 2007 4380 Decretum
2025 4334 2203 4392 Eugenii
2214 4329 2277 4378 'de
2297 4333 2483 4390 clericis.
