2924 4588
8 1704 228 1767 '‘tur:

113 146 225 211 1317

115 326 270 369 mulier
291 326 344 369 de
364 325 469 371 viris
489 327 792 382 triumpharet.
813 326 938 380 Quod
963 329 1161 384 sequitur
1184 329 1229 373 in
1250 340 1358 374 can-

114 398 229 440 tico:
253 413 267 438 ‹
300 397 453 454 Surge,
479 398 692 450 Debb0ra‚
710 406 752 443 et
769 399 944 456 loquere
969 402 1205 452 canticum,
1227 405 1243 443 1·
1268 415 1355 447 non

13 484 40 518 a
114 473 179 513 est
208 469 249 511 iu
283 468 860 527 11eiJrae0.A‹1uidnqu0que
877 471 929 515 ae
947 472 1120 516 Amalec
1142 475 1157 491 ·
1182 462 1297 519 vicio
1313 477 1357 520 in

0 552 4 562 ·
69 593 72 595 ‚
114 539 340 597 Raphidim
371 544 425 586 ab
455 542 675 598 Ephraim,
701 544 743 588 id
770 551 837 589 est
860 557 886 587 a
911 543 1042 590 Josue
1068 546 1290 603 Ephraita.
1315 558 1357 592 et

44 659 46 664 .
97 614 384 675 ⁴prophetavit
415 614 612 660 eumdem
637 624 786 672 postea
805 618 1064 662 vincendum
1083 630 1160 675 per
1179 620 1280 664 Saul
1303 634 1356 665 ex

19 727 28 738 .
80 739 87 743 .
114 682 351 739 Benjamin.
383 686 434 729 Et
461 689 776 733 commendavit
800 702 876 734 eos
900 692 973 746 qui
998 692 1051 735 de
1077 691 1289 744 Manasse,
1315 701 1356 738 et

79 758 82 760 ’
113 753 327 808 Issacbar.
354 768 395 803 et
425 759 635 812 Zabulon,
673 767 716 811 ct
755 761 996 818 Neplitalim
1023 778 1119 808 cum
1143 767 1207 810 eis
1228 780 1358 811 vene-

81 836 84 838 ’
114 837 212 874 rant
235 831 286 874 ad
313 831 522 888 praelium,
546 834 799 890 vituperans
820 834 988 884 Ruben.
1009 837 1173 884 ctGad.
1193 839 1355 892 etDan‚

116 908 159 947 et
179 903 300 960 Aser,
326 907 398 960 qui
423 907 658 964 noluerunt
678 920 776 951 cum
801 910 866 954 eis
888 911 1050 955 venire.
1077 912 1199 965 Quod
1226 914 1355 958 etiam

19 984 45 1035 ,1
67 979 77 1038 J
115 976 220 1019 dicit
257 976 403 1020 [iuben
435 986 584 1023 contra
617 992 664 1023 se
679 980 899 1033 divisum
935 983 1207 1040 intelligitur,
1240 986 1356 1042 quod

42 1055 45 1067 '
115 1051 331 1104 separavit
354 1064 399 1094 se
420 1064 445 1095 a
469 1054 741 1118 pugnaturis,
766 1057 831 1099 vel
858 1056 971 1111 quod
999 1056 1222 1102 Rubenitae
1243 1059 1359 1104 inter

19 1132 39 1155 ··
79 1117 161 1184 “se
189 1120 316 1165 divisi
346 1131 485 1175 erant,
509 1125 785 1181 quibusdam
794 1120 1072 1174 hortantibus
1099 1138 1143 1173 ut
1168 1132 1279 1176 irent
1303 1133 1356 1175 ad

114 1194 335 1249 praelium.
387 1195 483 1239 aliis
518 1196 862 1242 dehortantibus.
912 1200 1035 1252 Quod
1072 1211 1214 1246 alitem
1250 1203 1355 1247 dicit

113 1274 329 1320 pugnasse
359 1277 434 1310 eos
465 1267 508 1310 in
518 1267 662 1312 Titan
694 1271 818 1326 juxta
843 1283 977 1327 aquas
1002 1274 1046 1315 in
1070 1273 1357 1329 ,1331131313-

114 1339 390 1395 telligendum
428 1346 495 1385 est
532 1342 751 1398 regionem
791 1356 889 1388 esse
927 1357 1053 1391 secus
1089 1345 1240 1399 cison,
1280 1328 1412 1404 (1111Β

10 1434 14 1442 -
81 1451 88 1484 ,1
113 1411 364 1466 praeterliuit
402 1413 655 1470 Mageddun.
681 1415 905 1462 Hebraeus
943 1419 1074 1462 babet
1114 1421 1158 1463 in
1201 1420 1358 1464 1131111-

80 1480 260 1530 ¹'‘-zacbe,
288 1486 402 1539 quod
433 1488 746 1542 interpretatur
767 1503 892 1549 super
915 1491 1180 1535 altitudinem
1202 1496 1354 1550 campi,

77 1556 158 1600 εἰ
188 1557 405 1612 significat
441 1561 557 1615 quod
601 1561 642 1604 in
687 1574 842 1619 campo
879 1565 963 1607 'ubi'
998 1566 1235 1620 praeliatum
1274 1577 1355 1619 est,

68 1619 83 1647 ³
111 1626 312 1673 hostibus
342 1632 588 1686 superiores
608 1631 714 1676 ‘sacti
747 1639 863 1677 sunt.
891 1633 1184 1690 Quod'auftem
1215 1639 1358 1693 sequi-

270 1717 281 1740 1
321 1701 463 1746 steuae
502 1710 803 1759 pugnaverunt
843 1705 1051 1750 adversus
1091 1705 1299 1761 Sisaram,
1339 1724 1354 1750 »

113 1784 199 1816 non
219 1773 521 1819 mathematice
543 1776 866 1833 intelligendum
886 1785 966 1832 est,
983 1781 1106 1836 quasi
1121 1781 1237 1825 i'atali
1254 1795 1361 1826 con-

114 1846 356 1890 stellatione
386 1847 467 1891 boc
498 1848 658 1893 factum
694 1849 840 1895 suerit.
883 1850 966 1895 Sed
999 1853 1100 1908 quia
1151 1866 1360 1898 corusca-

113 1919 253 1962 tiones
278 1926 320 1962 ct
352 1919 521 1975 fulgura
548 1923 606 1965 ita
634 1923 687 1967 de
712 1924 889 1967 sublimi
919 1923 1172 1970 serebantur
1195 1928 1238 1970 in
1262 1941 1355 1979 cos,

32 1979 40 2004 ²
114 2003 164 2034 ac
187 1992 224 2036 si
248 1993 381 2036 stellae
402 2003 603 2047 ruerent3
630 2003 672 2058 et
693 2002 761 2040 est
783 1997 1086 2053 hyperboleos.
1115 1998 1321 2056 Sequitur
1344 2016 1355 2045 ε

100 2073 133 2104 't
164 2061 514 2121 Torrenslcison
545 2067 674 2109 traxit
706 2068 918 2113 cadavera
950 2083 1101 2115 eorum
1130 2074 1242 2116 sicut
1269 2080 1359 2115 tor-

39 2151 40 2155 *
114 2134 214 2181 rens
241 2137 482 2191 Caduminn
508 2153 522 2179 1
553 2136 721 2195 supple,
741 2142 877 2185 traxit
901 2143 1112 2187 cadavera
1132 2143 1359 2202 AEgyptio-

11 2204 41 2241 '·
79 2207 82 2210 ⁴
115 2222 227 2254 rum.
248 2211 475 2255 Laditmim
494 2212 806 2270 interpretatur
812 2217 1106 2287 antiquorum,
1124 2227 1165 2261 et
1185 2219 1359 2274 ponitur

14 2267 41 2340 '3
115 2293 195 2338 pro
231 2285 339 2326 mari
376 2283 544 2337 Rubro,
583 2298 635 2330 eo
676 2287 794 2343 quod
832 2276 1011 2346 antiqua
1050 2291 1261 2335 miracula
1298 2292 1355 2334 ibi

39 2360 40 2364 ’
116 2353 230 2398 facta
258 2362 377 2402 sunu
402 2357 523 2410 Quod
552 2362 765 2416 sequitur,
795 2376 810 2403 1
849 2364 1059 2406 conculca
1090 2366 1230 2408 anima
1262 2377 1353 2409 mea
1380 2398 1411 2442 (³

117 2423 335 2479 robustos,
361 2445 376 2472 1
401 2444 480 2475 vox
503 2438 570 2477 est
594 2435 739 2490 populi
765 2447 862 2480 sese
887 2437 1175 2482 adhortantis.
1203 2438 1357 2494 Sequi-

36 2506 38 2528 *
96 2506 223 2547 tur:
254 2518 268 2545 1
302 2503 538 2550 Maledictae
566 2511 693 2552 terrae
726 2508 882 2563 hieroz,
918 2511 1027 2554 dixit
1062 2513 1241 2568 angelus
1273 2511 1357 2555 Do-

116 2573 239 2618 mini.
277 2592 292 2619 1
324 2575 466 2621 Meroz
496 2577 577 2622 suit
613 2593 725 2625 unus
755 2581 808 2626 de
837 2582 1106 2639 principibus
1134 2585 1357 2639 Chanaan.

28 2647 38 2701 3
73 2655 75 2657 ’
116 2644 311 2691 Debbora
343 2662 447 2693 vero
475 2651 660 2708 seipsam
696 2654 806 2697 dixit
850 2655 1058 2712 Angelum
1093 2657 1261 2702 Domini
1293 2662 1357 2706 vel

119 2718 325 2775 Michac13
366 2725 438 2779 qui
472 2718 653 2780 praeerat
685 2725 831 2772 lsrxeu
863 2724 972 2772 dixit
1007 2737 1053 2774 ut
1086 2732 1361 2778 malediceret

119 2793 277 2847 Meroz,
301 2799 414 2854 quod
433 2804 811 2854 *sonatan-canum,
840 2805 883 2847 id
907 2813 974 2848 est
990 2799 1164 2862 >augelis
1185 2815 1362 2863 aposta-

13 2865 38 2935 ·’
68 2879 70 2881 ’
118 2870 191 2920 tis,
218 2873 289 2926 qui
322 2874 666 2919 adversabantur
694 2877 730 2921 ei
766 2878 807 2920 iu
832 2872 1018 2922 arcano
1052 2879 1203 2924 Postea
1232 2883 1359 2926 bene·

30 2946 33 2950 ’
70 2998 71 3001 ,
118 2942 225 2986 (lixit
251 2943 390 2996 Jihel
416 2949 620 3009 quoniam
641 2948 820 2994 1οιι1131·
848 2951 953 3007 egit,
979 2948 1022 3030 et
1050 2953 1216 3008 quievit
1245 2960 1360 3021 terra

28 3026 33 3049 r
119 3025 194 3070 per
217 3017 503 3074 quadraginta
530 3032 685 3065 annos.

177 3091 378 3136 Addicto
411 3093 450 3136 1.
477 3093 559 3148 Qui
591 3092 754 3162 primus
780 3097 999 3143 infestavit
1036 3097 1168 3145 israel
1199 3097 1245 3144 in
1283 3098 1362 3146 dc·

119 3171 254 3211 Certo.

612 3240 861 3289 Incidentia.

175 3312 254 3356 Eo
261 3319 452 3371 tempore
467 3329 646 3374 regnum
672 3317 829 3362 defecit
853 3318 965 3374 apud
984 3319 1138 3376 Argos
1159 3325 1203 3364 et
1218 3326 1396 3377 trans·-

122 3389 254 3432 iatum
286 3395 352 3433 cst
389 3390 431 3433 in
450 3389 668 3436 Micaenas.
693 3390 809 3436 Obiit
845 3390 974 3436 Liber
992 3398 1128 3448 pater,
1149 3394 1272 3449 euius
1295 3392 1362 3440 se·

779 159 1037 207 msa-orna
1067 131 1462 210 senon-xmus.
1491 190 1544 199 -
1567 166 1725 219 tissa
1755 158 2001 217 iunicum.

112 263 176 298 ret
204 252 413 306 Debbora,
435 252 608 309 quando
631 265 743 297 nova
763 252 877 299 bella
897 256 1026 311 elegit
1051 255 1278 308 Dominus,
1304 262 1350 300 ut
1371 253 1407 304 'A
1429 270 1556 313 quem
1582 259 1787 306 Dominus
1813 265 1986 308 miserat

2561 191 2576 224 1
2586 181 2670 224 278

2016 279 2025 307 :
2051 262 2180 322 Lapis
2207 267 2346 313 aulei'n
2372 280 2500 325 super
2542 284 2669 326 quem

1436 329 1628 382 sedebat,
1667 339 1709 375 et
1731 345 1934 388 quercus,
1959 341 2001 379 et
2043 348 2142 394 ager
2179 340 2448 394 pertinebant
2491 340 2543 383 ad
2571 340 2672 383 Joas

1435 410 1598 458 patrem
1621 403 1792 448 familiae
1816 408 1927 455 Ezri,
1972 407 2012 451 id
2045 415 2110 451 est
2155 409 2514 455 honorabiliorem
2559 412 2673 453 inter

1436 475 1544 519 aiios
1569 466 1684 521 illins
1708 475 1894 520 l'amiiioe.
1920 476 2090 525 Gedeon
2108 483 2120 497 '
2139 494 2240 524 vero
2265 482 2375 526 iilius
2401 482 2493 536 ejus
2513 484 2671 527 timens

1437 548 1600 601 hostes,
1627 550 1701 605 qui
1733 551 1947 599 irruerant
1970 566 2100 608 super
2132 559 2288 597 terram
2309 570 2320 609 ;
2342 556 2383 598 111
2403 558 2572 599 occulto
2595 569 2671 600 ex-

1411 654 1414 657 >
1435 619 1625 664 cutiebat
1650 623 1863 667 fflin'ienta
1894 625 1937 667 in
1957 627 2177 675 torculari,
2205 635 2250 670 ut
2272 629 2445 672 baberet
2467 628 2668 673 viaticum

1435 692 1487 733 ad
1507 689 1650 748 sugam
1690 693 1903 750 Joseptms
1931 696 2050 745 dicit,
2077 697 2157 740 boc
2181 701 2410 743 maximum
2437 701 2568 745 fuisse
2604 700 2673 745 dl-

1436 765 1545 809 vinae
1576 768 1894 822 propitiationis
1928 769 2152 819 indicium,
2190 772 2301 825 quod
2337 780 2438 815 tunc
2479 780 2673 816 uteretur

1436 837 1641 881 torculari
1666 851 1742 893 pro
1773 853 1886 884 arca.
1910 842 2116 885 Futurum
2147 846 2257 887 cuim
2284 857 2357 900 per
2382 859 2476 888 eum
2498 851 2610 907 erat„
2627 851 2672 890 ut

1436 922 1545 952 areae
1563 911 1845 966 replerentur,
1870 921 1911 956 et
1945 914 2191 959 torcularia.
2220 915 2269 957 Et
2310 918 2369 959 ait
2413 919 2590 975 angelus
2618 910 2671 962 ad

1435 992 1605 1022 comt«
1637 980 1844 1027 Dominus
1880 990 2037 1035 tecum.
2079 987 2268 1030 virorum
2308 987 2555 1032 fortissime.
2591 988 2669 1032 Cui

1444 1051 1616 1097 Gedeon
1646 1054 1721 1098 :Si
1739 1055 1949 1102 Dominus
1967 1057 2189 1102 nobisrum
2219 1066 2300 1107 est.
2330 1073 2407 1103 eur
2430 1061 2670 1116 appretien-

1435 1123 1591 1168 derunt
1615 1138 1696 1170 nos
1714 1127 1802 1170 baec
1833 1127 1977 1169 mala?
2001 1127 2050 1169 Et
2069 1129 2256 1183 respexit
2281 1129 2323 1171 in
2349 1142 2444 1172 eum
2469 1128 2672 1174 Dominus

1434 1197 1476 1237 in
1501 1197 1670 1251 angelo,
1697 1204 1738 1240 et
1762 1199 1822 1239 ait
1849 1212 1859 1240 :
1890 1196 2024 1249 Vade,
2052 1212 2130 1254 ego
2157 1201 2277 1242 mitto
2307 1207 2348 1243 te
2372 1200 2414 1242 in
2441 1200 2521 1243 bac
2558 1200 2677 1243 forti-

1436 1268 1583 1312 tudine
1606 1275 1695 1318 tua‚
1725 1283 1853 1324 quam
1879 1272 2044 1314 scilicet
2061 1273 2237 1315 consero
2270 1273 2359 1322 tilii,
2386 1272 2673 1328 respiciendo,

1436 1341 1500 1384 vel
1524 1342 1748 1392 mittendo,
1776 1344 1990 1397 percuties
2015 1343 2181 1386 Madian
2207 1345 2330 1399 quasi
2358 1344 2495 1386 virum
2521 1357 2674 1391 unum'.

1435 1413 1514 1457 Cui
1533 1399 1705 1458 Gedeon
1725 1430 1733 1457 :
1753 1414 1796 1458 Si
1822 1416 2003 1470 gratiam
2026 1415 2168 1459 inveni
2194 1428 2339 1458 eoram
2366 1423 2421 1464 te,
2443 1429 2528 1459 non
2554 1429 2676 1462 τοῦθ’

1436 1489 1514 1533 das
1540 1489 1677 1533 donec
1700 1495 1907 1533 revertar.
1935 1505 1948 1529 1
1979 1488 2031 1531 Et
2054 1491 2168 1532 coxit
2191 1488 2364 1533 Getleon
2389 1490 2573 1539 haedum,
2599 1505 2677 1548 po·

1437 1560 1610 1616 suitque
1634 1574 1789 1605 carnes
1813 1568 1855 1605 et
1875 1574 2049 1617 azymos
2081 1574 2212 1617 panes
2238 1563 2279 1604 iu
2299 1563 2507 1613 canistro,
2533 1561 2573 1606 et
2596 1564 2678 1606 mi·-

1437 1635 1585 1690 sititis
1620 1635 1662 1677 in
1685 1636 1831 1687 ollam,
1858 1635 2043 1678 offerens
2066 1648 2115 1678 ea
2142 1637 2311 1691 angelo.
2336 1635 2414 1679 Cui
2456 1636 2674 1692 Angelus:

1441 1722 1456 1747 1
1481 1706 1598 1750 Pone
1616 1719 1788 1752 carnes,
1806 1714 1848 1750 et
1871 1719 2024 1762 panem
2044 1711 2173 1762 super
2197 1714 2377 1762 petram,
2401 1713 2443 1751 et
2466 1707 2537 1761 jus
2555 1707 2679 1750 desu-

1437 1779 1676 1836 perfunde.
1708 1796 1722 1820 1
1748 1778 1842 1832 Quo
1860 1779 1988 1829 factm
2011 1779 2149 1834 tetigit
2167 1791 2215 1822 ea
2242 1780 2418 1834 angelus
2435 1778 2677 1824 summitate

1436 1851 1584 1907 virgae.
1616 1863 1744 1906 quam
1766 1851 1958 1906 gerebat.
1986 1850 2035 1892 Et
2060 1850 2252 1894 ascendit
2272 1851 2380 1907 ignis
2398 1850 2450 1894 de
2475 1855 2612 1906 petrag
2636 1853 2693 1893 ει·

1437 1924 1706 1981 consumpsit
1741 1924 1904 1968 omnia.
1936 1924 2123 1980 Angelus
2141 1931 2279 1967 :tutem
2299 1925 2471 1967 evanuit
2497 1923 2548 1965 ab
2570 1933 2680 1966 ocu-

1436 1998 1490 2041 lis
1513 1999 1623 2052 ejus.
1643 1998 1903 2053 Timcnsque
1923 1995 2092 2041 Gedeon
2119 1998 2203 2040 ait:
2228 2012 2242 2037 ι
2263 1996 2349 2039 lieu
2375 2009 2458 2046 rue,
2481 1996 2676 2047 Domine,

1436 2072 1539 2126 quia
1561 2071 1645 2114 vidi
1674 2073 1872 2127 angeium
1898 2066 1971 2114 Dei
1994 2072 2004 2114 1
2031 2070 2110 2114 Cui
2137 2071 2246 2114 dixit
2269 2069 2474 2112 Dominus
2501 2082 2511 2110 :
2540 2068 2599 2111 Ne
2622 2067 2682 2112 ti-

1437 2155 1572 2187 meas.
1598 2142 1692 2186 Non
1709 2141 1926 2186 morieris.
1960 2156 1974 2181 ›
1997 2140 2153 2183 Eadem
2180 2146 2304 2183 nocte
2327 2141 2384 2181 ait
2402 2138 2606 2181 Dominus
2625 2136 2680 2203 ad

1439 2229 1533 2260 eum
1558 2229 1568 2258 z
1599 2228 1614 2255 ‹
1639 2213 1820 2257 Destrue
1843 2220 1961 2255 aram
1986 2212 2102 2262 Baal,
2124 2223 2252 2266 quam
2269 2211 2403 2253 erexit
2424 2216 2543 2265 pater
2561 2214 2677 2256 tuus,

1437 2294 1480 2330 et
1523 2296 1675 2330 nemus
1696 2286 1811 2330 circa
1848 2296 1940 2327 eam
1986 2284 2173 2333 succide,
2218 2287 2261 2325 et
2300 2283 2447 2325 occide
2492 2288 2677 2331 laurum,

1440 2371 1564 2416 quem
1584 2358 1749 2415 saginat
1768 2356 1908 2409 idolis,
1934 2356 2064 2399 alium
2089 2368 2190 2399 vero
2213 2362 2380 2397 taurum
2415 2360 2677 2408 septennem,

1440 2443 1564 2487 quem
1590 2431 1705 2473 cives
1728 2428 2040 2472 dedicaverunt
2063 2427 2195 2477 idolo,
2216 2426 2370 2470 offeres
2403 2425 2506 2467 1111111
2533 2425 2574 2467 111
2599 2425 2678 2468 bo-

1438 2503 1682 2547 locaustum
1717 2499 1848 2556 super
1895 2501 2049 2550 altare,
2079 2499 2194 2554 quod
2234 2497 2463 2542 aedificabis
2498 2496 2601 2540 mibi
2636 2497 2680 2540 in

1440 2577 1687 2621 summitate
1713 2580 1845 2631 pctrae
1868 2586 1998 2628 super
2016 2580 2152 2629 quam·
2169 2577 2268 2614 ante
2307 2570 2563 2614 sacrificium
2604 2582 2682 2625 po·

1441 2649 1611 2693 suisti.»
1639 2649 1811 2692 Gedeon
1828 2648 1984 2690 timens
2009 2651 2191 2701 patrem}
2207 2651 2248 2688 et
2265 2644 2395 2693 circs,
2419 2655 2516 2685 cum
2534 2643 2679 2686 decem

1441 2719 1579 2767 servis
1605 2721 1748 2764 omnia
1775 2727 1901 2763 noete
1925 2719 2168 2774 complevit,
2193 2726 2236 2761 et
2258 2718 2426 2759 vocavit
2447 2718 2581 2759 altare
2597 2727 2675 2770 pax

1441 2795 1631 2848 Domini,
1675 2800 1718 2838 et
1757 2793 1897 2836 latuit.
1936 2792 1983 2834 ln
2026 2791 2216 2835 crastino
2247 2792 2364 2832 cives
2402 2789 2600 2831 dixerunt
2625 2786 2676 2830 ad

1439 2885 1541 2930 Joas
1562 2901 1571 2930 ε
1592 2884 1710 2927 Educ
1731 2883 1863 2942 filium
1883 2889 2022 2933 tuum,
2045 2888 2090 2924 ut
2109 2881 2332 2928 moriatur,
2357 2879 2558 2934 quoniam
2577 2876 2678 2920 serit

1413 2977 1415 2979 ·
1440 2960 1539 3003 boc.
1566 2957 1731 3011 Quibus
1757 2956 1826 2999 ille
1839 2955 1897 2998 ait
1918 2969 1927 2995 ;
1952 2952 2154 3009 Nunquid
2177 2953 2337 2996 ultores
2361 2953 2465 2994 estis
2487 2950 2615 2992 Baal?
2632 2947 2677 2991 Si

1443 3029 1557 3074 Deus
1578 3034 1645 3072 est
1668 3026 1787 3078 Baal,
1808 3025 1994 3069 vindicet
2019 3036 2081 3067 se.
2112 3040 2126 3064 1
2170 3022 2332 3065 Exinde
2350 3023 2489 3065 dictus
2514 3018 2677 3064 115163-

1441 3103 1550 3146 deon
1569 3100 1784 3152 Jerobaal.
1817 3099 1860 3142 id
1882 3106 1948 3142 est
1970 3096 2168 3151 fortitudo
2216 3095 2340 3146 Baal,
2381 3096 2503 3151 quasi
2552 3094 2675 3137 fortis

1441 3179 1591 3219 contra
1617 3173 1731 3217 Baal.
1758 3171 1889 3229 igitur
1905 3169 2090 3222 Madian,
2109 3174 2152 3213 et
2169 3168 2358 3218 Amalec,
2381 3167 2561 3211 transito
2581 3165 2679 3210 Jor-

1442 3233 1570 3299 dane.
1589 3246 1792 3291 sederunt
1816 3244 1859 3288 in
1874 3244 1984 3287 valle
2005 3241 2168 3285 jezrael
2186 3242 2309 3297 quasi
2326 3241 2512 3284 locustae.
2542 3240 2678 3297 Spiri-

1442 3327 1513 3367 tus
1537 3328 1677 3364 autem
1697 3318 1865 3363 Domini
1886 3315 2210 3361 induithdeon
2233 3314 2482 3369 vocavitque
2504 3314 2674 3356 domum

1443 3395 1640 3445 Abiezer,
1659 3394 1712 3438 de
1739 3392 1872 3447 'cuius
1898 3391 2060 3434 familia
2103 3390 2195 3446 ipse
2211 3394 2318 3440 erat,
2357 3394 2398 3432 et
2423 3389 2513 3444 ipse
2561 3387 2678 3429 misit

121 3456 315 3515 pulcrum
337 3467 402 3504 est
425 3461 538 3518 apud
562 3462 746 3518 Delphos
765 3464 890 3520 juxta
910 3465 1147 3521 Apollinem
1166 3478 1360 3512 aureum.
1387 3482 1422 3525 ῃ
1444 3468 1621 3512 nuntios
1669 3465 1721 3509 ad
1766 3463 1994 3508 Manassen
2047 3467 2089 3511 et
2130 3463 2239 3504 Azcr
2304 3466 2345 3505 et
2385 3459 2574 3502 Zabulon
2635 3463 2678 3502 et

121 3533 315 3589 Pingitur
333 3547 433 3578 vero
459 3530 660 3579 muliebri
681 3549 877 3592 corpore,
904 3539 1003 3594 quia
1028 3539 1229 3583 mulieres
1251 3540 1365 3583 mili-

121 3594 264 3649 tantes
282 3619 378 3650 cum
396 3608 503 3651 viris
542 3607 692 3651 babuit
716 3609 758 3652 in
792 3611 1001 3655 exercitu.
1038 3610 1163 3656 ilium
1194 3612 1247 3655 ab
1287 3610 1364 3658 1110

31 3664 34 3666 ’
77 3676 79 3678 ’
121 3677 372 3732 conditum3
399 3679 566 3724 Miletus
591 3682 780 3726 condita.

255 3747 359 3794 Car.
385 3747 491 3794 vlu.
525 3749 582 3794 De
611 3746 696 3796 alio
727 3749 870 3804 misso.
894 3761 933 3799 ee
955 3754 1006 3800 de
1025 3755 1223 3802 Gedeone.

31 3859 35 3875 3
83 3814 85 3816 ’
109 3874 111 3877 .
177 3820 388 3866 Fecerunt
408 3825 564 3868 'iterum
585 3826 657 3870 11111
676 3812 808 3873 israel
826 3829 985 3873 maium
1000 3842 1144 3874 coram
1165 3827 1361 3876 Dumium

82 3883 84 3898 ³
124 3893 196 3949 qui
219 3896 398 3939 tradidit
419 3909 495 3942 eos
513 3897 559 3941 -in
594 3899 796 3946 manibus
835 3900 1005 3944 Madian
1053 3907 1214 3959 septem
1239 3902 1365 3964 aunis

125 3966 284 4022 (India.
313 3967 389 4024 vi).
426 3967 730 4016 Ascendebant
763 3974 878 4016 enim
903 3974 1090 4026 Madian,
1129 3979 1171 4017 et
1194 3971 1364 4017 Amalec

121 4041 305 4098 singulis
346 4043 471 4087 annis
497 4045 546 4093 in‘·
578 4042 725 4097 israel,
751 4053 971 4090 vastantes
1009 4051 1172 4102 segetes
1195 4056 1363 4092 eorum.

0 4163 6 4173 .
78 4105 81 4109 ἢ
125 4119 168 4160 et
188 4117 596 4173 universajumonta
620 4120 843 4164 trabentes
865 4119 909 4163 in
941 4119 1143 4176 praedam.
1170 4118 1365 4174 Cumque

9 4181 15 4199 ‚
63 4177 66 4180 A

125 4191 354 4235 clamasset
375 4190 510 4235 lsrael
526 4191 579 4236 ad
614 4189 864 4244 Dominum,
893 4193 1011 4236 misit
1036 4192 1089 4235 ad
1114 4203 1188 4235 eos
1223 4193 1362 4234 virum

125 4262 382 4317 proplietam
393 4260 606 4320 perquem
630 4263 907 4321 exprobravit
927 4265 990 4308 eis
1013 4263 1221 4307 Dominus
1235 4260 1366 4307 bene-

29 4330 35 4371 ἒ
73 4384 89 4392 3·
127 4331 224 4374 licia
258 4347 353 4388 quae
372 4336 611 4380 contulerat
640 4337 721 4387 eis,
752 4343 795 4381 et
824 4342 966 4379 tamen
992 4335 1222 4386 noluerunt
1246 4335 1366 4377 audi-

9 4397 35 4422 ἰ

127 4415 174 4448 re
193 4417 337 4450 vocem
358 4407 468 4463 eius.
509 4423 524 4449 ι
555 4407 682 4453 Venit
718 4414 861 4453 autem
885 4406 1283 4465 augelus'bomiui,
1325 4413 1366 4450 et

131 4463 343 4527 seditsub
377 4492 554 4535 quercu,
585 4494 678 4538 quae
697 4486 789 4526 erat
808 4480 854 4531 in
871 4489 873 4491 ’
893 4478 1050 4536 E'pbra.
1076 4476 1173 4522 -Hic
1196 4479 1260 4523 est
1301 4478 1366 4521 vir

1442 3534 1700 3596 Neptbalim.
1728 3536 1810 3589 Qui
1841 3539 2128 3590 occurrerunt
2152 3534 2191 3577 ei
2230 3533 2400 3588 triginta
2424 3533 2507 3575 duo
2527 3531 2673 3574 11111113.

1443 3611 1495 3656 Et
1515 3611 1636 3668 petiit
1659 3608 1833 3653 Gedeon
1872 3608 2040 3663 signum
2066 3605 2256 3649 victoriae
2277 3616 2299 3646 a
2324 3603 2500 3647 Domino
2525 3603 2566 3645 in
2592 3602 2678 3645 vel-

1444 3685 1531 3730 lere
1552 3683 1690 3739 posito
1713 3682 1756 3724 111
1787 3692 1906 3732 area,
1924 3679 1962 3724 si
1987 3685 2111 3737 nocte
2155 3678 2225 3719 1113
2249 3675 2398 3720 vellus
2425 3687 2522 3717 rore
2558 3685 2676 3716 com-

1443 3757 1679 3813 plueretur,
1718 3764 1817 3796 3133
1855 3752 1968 3796 sicca
1993 3755 2208 3793 manente.
2234 3747 2284 3789 Et
2323 3747 2479 3790 iactum
2505 3753 2569 3789 est
2600 3746 2674 3788 ita.

1444 3829 1496 3873 Et
1515 3838 1720 3884 expresso
1743 3825 1912 3874 vellere,
1932 3834 2028 3866 rore
2050 3820 2256 3865 combam
2271 3820 2473 3874 implevit.
2488 3818 2679 3873 Sequen-

1445 3900 1473 3944 ti
1499 3904 1624 3942 nocte
1647 3909 1701 3941 ne
1731 3908 1835 3939 casu
1859 3894 2019 3937 sactum
2058 3897 2280 3948 putaretur
2303 3890 2422 3946 petiit
2444 3891 2610 3944 signum
2631 3889 2675 3931 in

1444 3971 1728 4022 contrarium,
1751 3974 1797 4011 ut
1821 3978 1918 4010 area
1965 3965 2232 4019 irrigaretur,
2258 3968 2301 4006 et
2340 3962 2474 4004 vellus
2512 3963 2674 4003 siccum

1443 4050 1573 4089 esset.
1594 4043 1715 4097 Quod
1754 4040 1914 4085 sactum
1947 4046 2027 4082 est.
2050 4035 2176 4080 Venit
2215 4041 2356 4078 autem
2382 4035 2549 4078 Gedeon
2578 4046 2673 4076 cuin

1445 4116 1609 4161 suis-ad
1636 4115 1793 4158 sontem
1825 4112 1897 4168 qui
1926 4111 2085 4153 dicitur
2122 4108 2260 4151 Harad
2302 4105 2458 4162 (sudio.
2488 4105 2582 4159 vn).
2626 4103 2675 4146 Et

1444 4190 1503 4233 ait
1528 4188 1733 4233 Deminus
1768 4187 1819 4230 ad
1846 4185 2016 4230 Gedeon
2043 4195 2053 4224 :
2079 4198 2093 4222 ‹
2119 4181 2306 4236 Populus
2330 4179 2487 4221 multus
2524 4182 2588 4219 cst
2613 4181 2676 4218 te-

1444 4274 1559 4312 cum,
1587 4273 1640 4304 ne
1663 4259 1777 4303 dicat
1801 4251 1952 4302 lsrael:
1979 4254 2148 4298 Viribus
2172 4253 2278 4296 meis
2305 4251 2505 4293 liberatus
2559 4260 2669 4290 sum.

1445 4337 1590 4379 Clama
1613 4324 1664 4376 ad
1687 4331 1887 4387 populum
1915 4342 1923 4369 :
1953 4327 2030 4380 Qui
2052 4324 2354 4369 sormidotosus
2375 4322 2458 4371 est,
2483 4324 2671 4362 revertu-

1447 4411 1529 4448 tur.
1557 4421 1571 4445 1
1595 4403 1755 4446 Tamen
1780 4399 2100 4456 intelligendum
2127 4403 2193 4440 est
2227 4396 2309 4439 alia
2333 4394 2412 4437 tria
2438 4403 2531 4447 quoe
2553 4402 2673 4433 man-

1445 4478 1564 4521 davit
1583 4472 1789 4519 Dominus
1806 4472 2026 4517 clamanda
2048 4471 2087 4514 in
2109 4466 2277 4525 p'ooulo,
2298 4477 2392 4510 eum
2417 4477 2500 4507 neu
2521 4462 2676 4506 tacuis-
