2924 4588
0 131 225 206 ''957

1060 148 1369 203 Pam-nitori.
1400 185 1454 192 —-
1485 158 1630 205 PARS
1668 157 1794 209 XVII.

2608 171 2689 223 ⁰53

135 249 259 294 reges
299 237 393 289 sine
423 239 764 296 contradictione
797 241 1011 299 Belgicam
1045 248 1216 305 semper
1233 256 1381 295 tenue-
1404 256 1437 299 Α
1463 250 1658 296 sortitus.
1684 252 1767 296 Iste
1797 251 1907 298 Otho
1926 255 2175 312 imperator,
2201 260 2436 304 secundum
2455 260 2551 305 illos
2569 263 2706 307 bisto-

134 320 250 356 runt.

186 381 291 427 Post
311 383 403 428 haec
421 397 493 428 rex
517 379 780 438 Ludovicus,
805 400 984 432 uxorem
1006 387 1131 434 ducis
1154 379 1375 444 Gisiberti‚

117 467 226 511 -quae
247 461 340 500 erat
367 467 492 501 soror
512 457 628 515 regis
647 457 845 513 Otlioni·,s
864 465 906 503 et
929 459 1074 509 vidua,
1095 474 1141 504 ιιι
1155 463 1379 508 matrimo-

129 530 248 595 nium
281 530 463 584 accepit
489 529 583 585 lpse
609 543 712 574 veno
742 545 830 575 non
867 540 965 588 post
1003 534 1140 577 multo
1171 547 1196 578 a
1230 533 1321 580 ειιίε
1355 549 1376 579 a

128 593 264 658 regno
298 613 380 647 suo
418 605 642 659 expulsus,
682 604 736 648 ad
777 603 988 650 Othonem
1035 609 1229 659 veniens,
1271 612 1379 666 petit

68 723 74 726 ,
129 674 259 717 auxili
251 686 355 719 ιιι.ιιι
394 665 490 728 Quo
520 675 684 730 habito,
720 678 903 722 devictis
936 682 1028 723 suis
1062 671 1291 736 hostibus,
1333 683 1376 727 in

128 759 306 804 regnum
332 761 409 805 per
429 748 640 794 Othonem
665 756 731 794 εει
752 751 995 798 restitutus.

183 819 285 864 Post
310 821 401 866 haec
429 823 543 879 apud
567 821 814 880 ingilheim
835 826 878 868 in
901 829 1126 882 praesentia
1150 831 1375 882 amborum

124 903 290 948 regum,
311 891 476 936 Marino
490 894 605 939 sedis
623 903 739 974 apos·
748 897 1253 958 olnaetegatoadjimcto,
1274 917 1376 960 s)n.-

123 965 234 1009 edus
259 966 515 1011 celebratur.

182 1037 243 1083 Eo
286 1045 478 1097 tempore
523 1040 807 1100 Berengarius
842 1040 1014 1102 italiam
1047 1047 1183 1091 nimia
1207 1049 1377 1095 ier-itate

123 1113 360 1167 premebat,
400 1118 442 1157 et
475 1112 674 1159 Adiiinda
713 1116 840 1160 vidua
871 1117 1063 1162 Lotharii
1102 1121 1375 1176 imperatoris

121 1183 332 1238 defuncti,
357 1186 411 1230 ab
432 1199 486 1231 eo
513 1189 682 1245 captiva
707 1190 951 1235 tenebatur.
984 1188 1096 1235 Otho
1126 1198 1267 1241 autem
1292 1193 1377 1237 lta·

121 1255 224 1301 liam
255 1263 462 1314 potenter*
485 1259 724 1315 ingressus,
760 1261 952 1318 reginam
982 1251 1153 1316 liberat,
1193 1276 1376 1321 eamque

1460 323 1730 379 riographos‚
1747 327 1819 382 qui
1834 326 2098 384 Arnotphum
2124 330 2166 373 in
2184 325 2378 388 catalogo
2400 334 2707 389 imperatorum

1459 401 1714 450 posuerunt,
1750 403 1793 441 et
1824 398 1933 442 alios
1962 401 2033 456 qui
2061 400 2233 445 interim
2265 403 2308 446 in
2335 402 2455 447 ltalia
2479 405 2706 461 imperium

1457 467 1678 522 tenebant,
1711 481 1735 511 a
1756 471 1952 527 catalogo
1975 473 2269 526 excluserunt,
2300 487 2443 521 mxxvii
2460 483 2524 520 est
2542 479 2594 520 ab
2617 479 2706 520 Au-

1459 546 1585 595 gusto
1622 540 1885 597 Octaviano;
1918 546 2154 588 secundum
2179 544 2399 592 Romanos
2434 562 2536 592 vero
2566 550 2705 594 bisto-

1458 612 1728 669 riograpiios,
1747 616 1820 671 qui
1845 615 2111 674 Arnolplium
2136 631 2159 661 a
2183 622 2377 676 catologo
2396 630 2701 677 numeratorum

1456 686 1706 741 excludunt,
1734 695 1776 731 et
1799 688 2082 742 Ludovicum,
2107 697 2234 746 atque
2273 693 2379 737 duos
2405 693 2701 750 berengarios,

1455 761 1499 800 ct
1522 757 1763 815 nugonem,
1798 765 1839 803 et
1862 759 2182 817 Berengarium‚
2205 770 2247 806 et
2279 762 2517 815 Albertum,
2557 767 2601 809 in
2621 779 2703 809 nu·

1457 838 1578 874 mero
1616 835 1658 874 et
1694 831 1888 886 catalogo
1927 835 2118 888 priorum
2157 842 2337 889 ponunt,
2380 835 2460 879 iste
2493 834 2603 881 Otho
2635 840 2705 882 est

1456 911 1615 942 uxxxv
1632 901 1686 943 ab
1702 901 1912 957 Augusto.

1509 973 1574 1018 Ab
1591 986 1643 1017 eo
1658 981 1849 1030 tempore
1870 989 2047 1032 regnum
2067 976 2375 1029 Romanorum,
2398 986 2494 1035 post
2511 978 2701 1024 Francos

1455 1051 1496 1089 et
1519 1044 1828 1102 Longobardos
1851 1048 2132 1105 imperatores
2164 1051 2407 1105 praedictos,
2439 1053 2492 1095 ad
2517 1052 2702 1096 Thcuto-

1456 1121 1578 1162 nicos
1604 1130 1825 1164 reversum
1843 1126 1924 1172 est,
1949 1127 1991 1164 et
2016 1123 2067 1164 ad
2095 1121 2285 1167 Francos
2311 1124 2558 1175 orientales,
2587 1127 2701 1171 unde

1453 1192 1541 1247 Jam
1585 1192 1903 1248 quodammodo
1947 1194 2174 1238 videbatur
2216 1197 2423 1251 elapsum.
2475 1198 2564 1254 Ego
2623 1213 2699 1242 au-

1454 1271 1540 1307 tem
1575 1272 1680 1308 tunc
1708 1265 1937 1322 imperium
1971 1279 1993 1309 a
2029 1265 2211 1312 Francis
2240 1282 2327 1312 non
2345 1271 2442 1313 dfco
2468 1262 2699 1326 aliqnando

61 1383 67 1388 p
119 1328 204 1375 sibi
222 1332 265 1375 in
285 1345 461 1376 uxorem
486 1335 730 1387 consociat,
750 1342 880 1390 atque
898 1335 1158 1393 Berengario
1173 1337 1370 1394 depulso,
1397 1328 1430 1370 Β
1455 1337 1590 1383 fuisse
1607 1339 1838 1391 sublatum,
1868 1340 1941 1384 sed
1959 1342 2165 1399 eclypsim
2195 1354 2390 1397 passum,
2423 1345 2613 1399 quandiu
2637 1352 2699 1389 tot

118 1402 310 1457 Natalem
335 1404 503 1450 Domini
528 1400 670 1464 Papiae
687 1408 943 1460 celebravit,
964 1409 1108 1468 ibique
1124 1409 1371 1457 conradum

96 1530 97 1533 Ἰ
117 1478 272 1530 ducem
295 1483 444 1522 contra
467 1477 773 1535 Berengarium
794 1481 1058 1538 relinquens,
1086 1484 1178 1539 ipse
1202 1484 1244 1527 in
1267 1482 1371 1527 Gan

117 1550 220 1594 liam
244 1550 559 1597 Tlieutonicam
577 1555 800 1598 remeavit.
844 1554 1144 1612 Berengarius‚
1189 1557 1371 1603 consilio

58 1674 62 1676 μ
114 1624 240 1669 ducis
268 1624 474 1679 Conradi,
511 1626 564 1669 ad
596 1625 806 1672 Othonem
831 1625 999 1684 pergit;
1035 1633 1079 1689 et
1119 1642 1195 1686 per
1227 1630 1368 1686 ipsum

114 1697 380 1751 conradum,
407 1704 451 1743 et
475 1711 551 1755 per
576 1698 710 1743 filium
737 1700 853 1757 regis
881 1700 1064 1747 Othonis
1089 1701 1366 1760 letulphum,

114 1770 282 1813 veniam
300 1772 626 1826 impetraturus.
654 1770 733 1816 Ubi
761 1785 858 1816 cnm
887 1784 963 1829 per
987 1774 1178 1818 triduum
1216 1775 1256 1820 ei
1293 1789 1367 1820 rex

115 1843 376 1887 audientiam
397 1844 668 1900 denegasset,
680 1846 749 1889 vix
769 1847 943 1890 tandem
959 1858 1036 1903 per
1051 1846 1207 1892 ducem
1225 1854 1268 1891 et
1291 1860 1368 1904 per

113 1917 277 1973 regiain
301 1918 466 1974 prolem
493 1919 693 1969 obtinuit,
722 1920 838 1976 quod
857 1921 894 1964 ei
915 1920 1027 1966 Otho
1044 1921 1157 1978 apud
1183 1920 1365 1980 Regium

113 1991 156 2034 in
189 1991 447 2036 Lombardia
485 1992 598 2037 diem
644 1993 746 2038 illuc
783 1994 983 2039 veniendi
1021 1994 1203 2051 praefixit
1240 2009 1249 2036 z
1291 1997 1364 2041 ubi

112 2070 260 2119 postea
298 2071 605 2121 praesentatus,
643 2078 823 2124 regnum
844 2066 974 2122 ltaliae
995 2069 1050 2113 de
1073 2080 1201 2112 manu
1226 2069 1363 2114 Otho-

109 2137 180 2180 nis
225 2138 414 2194 suscepit
471 2145 650 2195 excepta
710 2141 903 2184 marchia
941 2140 1254 2187 veronensium
1271 2179 1283 2198 ,
1320 2151 1363 2188 et

110 2207 466 2266 Aquileiensium.
485 2209 704 2257 Reversus
717 2211 760 2255 in
780 2211 945 2256 ltaliam
963 2207 1266 2271 Berenga1·ius‚
1286 2228 1363 2273 per

16 2284 23 2300 ‘'
86 2289 91 2314 f
109 2295 231 2348 snam
254 2283 525 2342 tyrannidem
553 2286 686 2330 totius
713 2286 756 2330 in
775 2299 824 2330 se
844 2287 990 2331 odium
1014 2287 1146 2332 ltaliae
1167 2291 1361 2333 concita-

108 2356 184 2400 vit.
229 2354 352 2401 Tunc
383 2358 621 2415 Letulpltus
651 2358 767 2404 iilius
812 2360 926 2417 regis
964 2361 1171 2407 adversus
1193 2369 1358 2418 patrem

108 2418 248 2474 moliri
288 2433 496 2485 tentavit,
540 2431 617 2477 sed
640 2433 729 2476 cito
751 2444 1004 2487 convensus,
1036 2435 1218 2491 gratiam
1243 2438 1357 2497 regis

108 2505 288 2562 recepit.

163 2572 224 2620 Eo
268 2583 461 2636 tempore
498 2576 769 2636 Ungarorum
807 2593 912 2639 gens
943 2580 1102 2639 erupit,
1137 2554 1358 2639 totamque

107 2656 266 2695 terram
288 2654 412 2709 quasi
427 2653 592 2698 locusta
612 2656 863 2710 cooperuit,
887 2661 1016 2712 atque
1036 2668 1166 2713 super
1182 2655 1356 2701 ssuvimn

106 2722 302 2776 Lichum,
314 2726 439 2782 juxta
455 2726 672 2771 civitatem
692 2726 859 2773 Sueviae
873 2727 1127 2786 Augustam,
1142 2731 1353 2782 consedit.

107 2798 272 2850 Quibus
297 2792 424 2852 Otho,
464 2801 666 2856 precibus
682 2806 725 2846 et
747 2801 992 2848 hortatione
1020 2801 1228 2855 Uldarici‚
1256 2817 1357 2849 san-

106 2871 430 2917 ‹tissimiillius
452 2873 572 2918 urhis
595 2875 802 2931 episcopi,
842 2876 887 2920 in
926 2875 1110 2921 Domino
1145 2878 1353 2931 confisus,

11 2979 13 2982 Α
43 2997 47 3001 ‚
107 2948 322 3002 occurrit,
363 2953 570 3005 tantaque
601 2948 697 2994 illos
723 2950 882 2994 virtute
907 2952 1157 3007 prostravit,
1195 2957 1244 2995 ut
1268 2964 1354 2996 non

107 3022 244 3064 solnm
267 3021 320 3065 ab
344 3020 826 3067 intestatione-aliorum
858 3022 1149 3080 quiescerent,
1179 3025 1253 3070 scd
1276 3037 1355 3081 pro

107 3105 153 3137 se
173 3094 374 3139 timentes
399 3099 556 3138 terram
583 3107 706 3139 suam
735 3097 848 3139 vallo
873 3105 914 3141 et
934 3097 1090 3153 palude
1118 3099 1351 3141 munirent.

106 3166 271 3211 Cecidit
307 3167 351 3222 in
386 3180 439 3212 eo
474 3169 620 3224 praelio
643 3181 777 3225 gener
803 3170 918 3226 regis
940 3171 1184 3223 conradus,
1208 3178 1250 3215 et
1268 3172 1355 3215 dux

109 3239 433 3294 Vormatiensis;
457 3241 634 3285 Barbari
657 3249 816 3293 autem,
843 3240 1036 3300 except-is
1055 3256 1130 3288 sex
1153 3243 1258 3288 viris
1282 3256 1353 3287 re-

105 3306 259 3367 siduis',
274 3327 423 3360 omncs
440 3317 582 3372 gladio
600 3323 835 3361 narrant-ur
850 3319 1067 3363 exstincti.
1093 3318 1230 3374 Hujus
1251 3319 1353 3364 mali

105 3395 255 3433 auctor
287 3389 446 3433 dicitur
476 3390 652 3446 quidam
684 3401 830 3435 comes
861 3391 915 3436 de
948 3381 1062 3435 Stira
1097 3393 1140 3435 in
1172 3392 1352 3436 Bavaria

1452 1418 1494 1456 et
1525 1419 1611 1471 tam
1642 1413 1800 1459 diversi
1830 1414 2054 1459 invasores
2089 1414 2314 1471 imperium
2349 1417 2528 1462 confuse
2549 1424 2699 1462 tenue-

1452 1491 1570 1529 runt.

1507 1555 1617 1600 Otito
1640 1556 1876 1614 Imperator
1915 1558 1971 1602 ab
1995 1557 2108 1602 Urbe
2136 1559 2323 1611 rediens,
2350 1560 2451 1618 Papi
2458 1575 2491 1605 e
2533 1561 2699 1608 Pascha

1450 1630 1707 1685 celebravit3
1742 1631 1818 1675 sed
1855 1630 2142 1688 Berengarius
2181 1633 2483 1688 imperatorem
2527 1635 2698 1692 fugiens

1450 1704 1648 1750 latitavit.
1674 1702 1797 1747 Anna
1821 1707 2017 1761 sequenti
2039 1705 2150 1749 Otho
2179 1706 2221 1749 in
2247 1713 2392 1751 monte
2418 1706 2563 1751 Sancti
2588 1709 2698 1753 Leo-

1447 1777 1517 1820 nis
1540 1775 1710 1820 obsidet
1744 1776 2069 1832 Berengarium‚
2107 1779 2232 1833 cujus
2271 1779 2356 1821 lili*
2335 1792 2356 1820 u
2365 1794 2385 1822 ε
2422 1779 2659 1825 Albertus
2651 1795 2696 1825 tn

1446 1848 1668 1893 Corsicam
1686 1849 1869 1893 insulam
1892 1849 1998 1905 sugit
2021 1849 2119 1905 :qui
2138 1855 2285 1906 postea
2306 1851 2357 1893 ad
2371 1851 2578 1895 ,loannem
2593 1867 2698 1909 pon-

1446 1922 1603 1966 tificem
1629 1922 1870 1966 Romanum
1893 1921 2119 1973 accedens,
2144 1924 2186 1966 in
2211 1931 2373 1979 partem
2398 1938 2519 1968 suam
2547 1928 2695 1971 inultis

1446 1995 1810 2050 promissionibus
1837 1995 2075 2039 inclinavit.
2102 1996 2195 2048 Quo
2233 1996 2396 2046 audito,
2425 1996 2537 2040 Otlio
2561 1998 2695 2054 impe·

1445 2075 1579 2121 rator,
1612 2069 1793 2113 dimissa
1817 2070 2060 2120 obsidione,
2085 2070 2266 2113 Romam
2291 2070 2408 2113 ducit
2426 2071 2661 2113 exercitum
2682 2087 2690 2123 ;

1443 2143 1518 2187 ubi
1552 2142 1727 2200 quidam
1756 2139 1940 2186 Romani
1976 2143 2194 2193 timentes,
2234 2155 2318 2186 una
2355 2155 2453 2186 cum
2493 2144 2694 2198 pontifice

1440 2215 1606 2260 Joanne
1640 2215 1842 2271 fugiunt:
1870 2215 1965 2266 alii,
1998 2216 2112 2259 datis
2130 2216 2369 2267 obsidibus,
2396 2215 2553 2260 Othoni
2588 2217 2692 2260 sub-

1442 2288 1617 2331 duntur.
1660 2286 1895 2343 Imperator
1927 2292 2077 2343 postea
2117 2289 2250 2331 missa
2288 2289 2502 2344 legatione
2538 2289 2694 2333 scribit

1440 2361 1595 2406 loanni
1610 2373 1730 2417 papae
1752 2361 1954 2405 utredeat
1976 2376 1986 2415 ;
2005 2358 2092 2417 quo
2107 2361 2248 2406 redire
2266 2362 2452 2415 nolente,
2468 2360 2580 2425 Otlio
2594 2373 2694 2406 eon-

1400 2427 1415 2445 *
1440 2439 1615 2492 gregata
1639 2436 1804 2491 synodo
1829 2435 2055 2478 substituit
2076 2432 2260 2478 Leonem
2280 2450 2288 2477 :
2318 2435 2432 2490 quod
2451 2435 2600 2479 videns
2621 2434 2693 2477 At-

1441 2511 1608 2559 lsertus‚
1652 2508 1767 2551 filius
1801 2507 2065 2562 Berengarii,
2107 2507 2261 2550 iterum
2302 2506 2524 2551 Corsicam
2547 2507 2687 2563 sugit.

1439 2580 1538 2624 Ilaec
1550 2581 1694 2623 omnia
1717 2585 1861 2623 utrum
1882 2580 1995 2623 licite
2018 2591 2072 2622 an
2097 2579 2245 2624 illicite
2259 2579 2370 2623 facta
2388 2583 2490 2622 tunc
2515 2578 2687 2632 fuerint,

1438 2656 1493 2699 ad
1517 2655 1600 2699 hoc
1622 2668 1732 2711 opus
1756 2667 1842 2698 non
1865 2654 2048 2712 pertinet
2080 2655 2322 2709 explicare3
2348 2655 2553 2710 proposui
2575 2656 2687 2698 enim

1438 2742 1508 2774 res
1531 2736 1675 2786 gestas
1699 2729 1962 2780 describere,
1987 2740 2074 2771 non
2097 2740 2240 2771 rerum
2265 2734 2481 2784 gestarum
2506 2726 2688 2771 reddere

1438 2805 1665 2848 rationem.
1686 2799 1918 2859 Imperator
1935 2802 2239 2858 Berengarium
2265 2802 2307 2843 in
2329 2799 2589 2844 deditionem
2614 2812 2688 2844 ac-

1437 2877 1565 2932 cepit,
1592 2889 1717 2932 quem
1743 2877 1785 2918 in
1807 2875 2030 2918 Bavariam
2053 2872 2207 2918 exsilio
2227 2875 2445 2931 relegavit.

1493 2949 1664 2994 Othone
1689 2955 1794 2994 tunc
1817 2949 1964 2993 Romae
1986 2954 2199 3001 manente,
2225 2947 2408 2990 Romani
2445 2948 2685 2991 communi·

1435 3030 1534 3068 cato
1563 3024 1747 3068 consilio
1767 3035 1864 3066 cum
1888 3023 2041 3065 vicinis
2064 3021 2255 3065 castellis
2280 3025 2474 3064 statuunt
2487 3020 2682 3063 occidere

1435 3110 1550 3142 eum.
1592 3095 1676 3141 Sed
1715 3095 1816 3138 dum
1843 3095 2028 3151 proditio
2058 3094 2240 3138 consilia
2264 3094 2558 3149 piznvenisset,
2601 3092 2681 3134 im—

1435 3174 1609 3226 perator
1651 3164 1831 3211 insidias
1857 3168 2013 3222 satagit
2045 3177 2302 3223 praecavere,
2329 3170 2370 3207 et
2402 3166 2453 3207 de
2476 3163 2682 3208 Romanis

1435 3242 1593 3284 multos
1616 3251 1720 3283 nece
1745 3239 1980 3295 prostravit
2002 3252 2014 3291 ;
2043 3237 2198 3280 deinde
2228 3244 2398 3280 centum
2420 3235 2592 3278 obsides
2627 3235 2681 3277 ab

1433 3315 1515 3367 eis,
1542 3313 1807 3368 interpositis.
1828 3311 2127 3359 sacrament-is,
2154 3309 2332 3364 accepit.
2359 3308 2511 3352 Postea
2537 3313 2679 3349 tamen

1435 3388 1487 3431 ad
1512 3387 1730 3444 Spoletum
1749 3398 1858 3442 papa
1875 3390 2067 3442 rogatus,
2086 3383 2256 3428 obsides
2281 3382 2498 3432 relaxavit,
2512 3379 2677 3423 Othone

105 3461 347 3514 exstitisse;
390 3473 517 3518 quem
560 3460 718 3517 Ungari
745 3466 947 3520 tanquam
978 3476 1075 3508 eum
1111 3465 1185 3521 qui
1207 3477 1282 3509 eos
1307 3465 1352 3509 in
1381 3467 1413 3514 D
1437 3461 1677 3505 recedente·

14 3547 30 3583 μ
106 3540 286 3579 mortem
308 3533 529 3592 eduxerat,
555 3527 807 3579 occiderunt
830 3549 839 3576 ε
861 3541 975 3581 terra
1001 3543 1143 3581 autem
1165 3538 1259 3594 eius
1283 3551 1352 3583 re-

92 3596 230 3646 dacta
253 3603 382 3650 estin
403 3605 568 3661 regium
595 3606 763 3650 liscum.

158 3674 219 3719 Eo
243 3681 433 3735 tempore
462 3679 515 3722 ab
537 3680 773 3736 apostolica
797 3679 899 3724 sede
922 3681 1101 3726 veniunt
1127 3682 1350 3740 legati,·de

106 3751 331 3804 tyrannide
345 3750 591 3808 Bereng-arii
614 3759 930 3810 conquerentes
945 3786 957 3804 ,
982 3760 1025 3798 et
1052 3754 1348 3801 defensionem

104 3818 286 3866 Othonis
310 3822 356 3866 in
390 3821 511 3867 italia
539 3826 823 3880 postulantes.
846 3825 1090 3871 Guabertus
1110 3827 1240 3870 etiam
1259 3829 1350 3884 epi-

104 3905 261 3950 scopus
285 3895 631 3949 Mediolanensi&
659 3897 824 3943 Gualdo
847 3898 1068 3944 Cumanus
1101 3900 1346 3956 episcopus,

104 3978 202 4010 cum
240 3969 335 4014 aliis
367 3967 498 4014 ltaliae
521 3971 805 4030 principibus,
842 3985 920 4029 pro
960 3974 1109 4018 eadem
1134 3974 1348 4019 causaad

105 4052 245 4097 regem
264 4046 490 4090 venerunt.
664 4031 666 4033 ’

158 4112 271 4158 Otho
303 4119 446 4158 autem
481 4114 741 4173 Aquisgrani
779 4117 823 4160 in
863 4117 1024 4173 palatio
1062 4117 1346 4163 liliumsuum

103 4182 314 4231 Othonem
332 4191 452 4237 vtunc
477 4187 521 4231 in
544 4200 726 4244 regnum
752 4189 1000 4243 sublimavit
1020 4205 1031 4234 z
1051 4189 1225 4241 deinde,
1256 4189 1349 4234 col-

104 4256 214 4302 lecto
240 4259 450 4311 exercitu,
476 4259 519 4303 in
547 4259 729 4314 ltaliam,
750 4269 828 4318 pei·
842 4262 996 4307 vallem
1028 4261 1345 4313 Tridentinam.

55 4382 62 4388 .
105 4330 298 4384 intravit,
338 4338 516 4390 totaque
560 4335 642 4379 sibi
672 4334 795 4386 ltalia
839 4335 1085 4392 subjugata,
1113 4335 1166 4380 ad
1190 4334 1349 4380 Urbem

9 4456 13 4470 .
51 4398 67 4437 j«
105 4417 385 4463 progressus,
408 4406 619 4452 aJoanne
648 4406 759 4466 papa
794 4414 837 4453 ct
875 4410 967 4460 toto
1002 4410 1164 4465 populo
1185 4409 1346 4465 dignis-

12 4471 19 4506 ἶ
79 4475 82 4478 “
107 4475 212 4522 sime
227 4487 445 4542 receptus,
467 4485 509 4525 et
535 4480 806 4539 imperatoris
832 4493 990 4527 nomen
1023 4493 1074 4526 ac
1095 4481 1346 4537 dignitatem

1490 3533 1673 3577 Romani
1693 3545 1845 3589 papam
1868 3531 2082 3595 Joannem,
2100 3529 2310 3584 recipiunt
2336 3527 2379 3573 in
2405 3526 2575 3575 Urbem,
2601 3537 2675 3569 ex-

1433 3607 1559 3663 pulso
1592 3605 1751 3651 Lconc.
1792 3605 1878 3648 Leo
1921 3604 2035 3659 apud
2059 3603 2334 3646 Camerinum
2372 3601 2673 3655 imperatorem

1431 3680 1637 3724 velociter
1653 3679 1772 3730 adiit,
1799 3679 1941 3733 ibique
1954 3690 2050 3719 cum
2074 3688 2124 3719 co
2149 3675 2312 3718 Pascha
2338 3673 2584 3716 celebravit.
2606 3671 2673 3714 ln-

1432 3757 1549 3796 terea
1578 3750 1768 3795 ,Ioannes
1808 3749 2006 3799 moritur,
2039 3747 2107 3794 cui
2131 3745 2392 3789 aRomanis
2417 3743 2671 3788 Benedictus

1431 3827 1496 3867 cst
1517 3822 1792 3878 subrogatus.
1820 3820 1946 3871 Otho,
1984 3824 2069 3860 tam
2108 3830 2185 3873 pro
2219 3816 2374 3859 Leonis
2404 3815 2669 3871 expulsione,

1430 3909 1557 3952 qnam
1582 3907 1660 3951 pro
1689 3894 1891 3949 Stephani
1909 3892 2228 3940 substitutione,
2266 3890 2415 3936 iratus,
2441 3889 2495 3931 ad
2514 3887 2671 3932 Urbem

1432 3969 1630 4013 festinat:
1656 3979 1782 4024 quam
1800 3965 2024 4010 obsidione
2042 3964 2316 4008 constrictam
2346 3969 2388 4007 et
2411 3962 2672 4005 sameincre-

1429 4043 1547 4086 dibili
1582 4042 1817 4098 fatigatam,
1845 4038 1897 4082 ad
1922 4039 2179 4083 deditionem
2204 4037 2371 4092 coegit,
2414 4037 2488 4078 tali
2511 4035 2670 4080 dunta-

1429 4122 1503 4160 xat
1525 4115 1771 4159 conditione
1795 4114 1969 4163 inserta,
2007 4117 2054 4155 ut
2076 4111 2234 4166 apertis
2267 4109 2404 4165 portis
2448 4120 2546 4153 eum
2573 4121 2671 4151 sus·

1429 4189 1638 4244 ciperem,
1677 4191 1721 4233 et
1744 4183 2029 4229 Benedictum
2054 4194 2143 4227 suae
2162 4180 2348 4237 jussioni
2385 4183 2670 4235 repracsenta-

1427 4267 1540 4305 rent.
1567 4259 1687 4305 Tunc
1710 4258 1944 4314 imperator
1976 4256 2162 4300 Leonem
2187 4255 2231 4298 in
2263 4253 2512 4314 cathedram
2542 4251 2669 4294 resti·

1429 4336 1526 4386 tuit,
1543 4333 1695 4379 etinde
1709 4332 1988 4378 Benedictum
2007 4331 2247 4387 depositum
2267 4341 2411 4373 secum
2431 4327 2663 4378 deducens,

1428 4408 1471 4451 in
1496 4415 1616 4453 suam
1636 4405 1861 4459 Francjam
1885 4404 2107 4448 remcavit.
2137 4401 2230 4447 Non
2261 4402 2395 4444 multo
2418 4406 2531 4456 post,
2557 4399 2660 4443 dcii-

1429 4482 1641 4527 cIentibus
1672 4493 1694 4526 a
1716 4493 1762 4525 se
1782 4477 1953 4534 italicis,
1980 4482 2211 4536 imperator
2234 4477 2361 4533 Alpes
2381 4474 2655 4525 transcendit
