2924 4588
248 138 386 198 tm
533 179 560 214 ⁸

1280 143 1439 189 PE‘TRl
1471 142 1824 189 COMESTORlS

271 242 319 277 ut
346 234 538 278 brexiter
573 234 783 289 dieamus,
820 236 980 283 omnia.
1003 236 1290 287 tabernaculi,
1310 246 1352 279 ct
1380 237 1509 288 utsii,
1534 240 1567 285 Α
1592 248 1692 292 pars
1730 239 1829 290 sati,
1865 251 1949 281 non
1991 237 2143 282 fundet
2174 239 2332 290 meunt,
2377 250 2459 283 nee
2492 235 2592 282 thus
2630 239 2839 296 imponet.

270 307 486 362 quaednra
510 314 661 360 erant,
687 308 883 352 tabulas
907 308 1051 360 bases,
1077 317 1241 360 vectes,
1262 310 1506 362 columnas,

269 380 470 434 paxiii'os,
510 387 638 432 etffla
682 353 883 424 serebant
906 381 1122 425 curribus.
1147 380 1323 425 Emeriti
1353 380 1511 425 Levitae

272 464 356 495 non
370 451 632 507 lservicbaut
651 456 713 495 sic
732 453 775 495 in
789 465 933 509 opere,
953 453 1028 497 sed
1051 454 1193 510 posito
1210 451 1508 507 tabernaculo,

267 525 470 568 sedebant
488 525 690 570 custodes

324 599 341 616 ·
368 598 541 641 Additio
562 600 601 642 t.
632 598 791 644 Omnes
836 612 858 644 a
899 600 1120 655 trigesimo
1149 612 1266 645 anno
1296 611 1435 656 usque
1453 598 1508 643 ad

263 670 621 727 quinquagesimo
641 675 868 730 portabant.
892 673 1236 725 tabernaculum,
1259 682 1303 717 et
1324 675 1511 719 colloca·

262 743 366 787 bant
388 757 437 788 ea
458 758 555 801 quie
571 747 825 791 attinebant.
842 747 983 803 Atqui
1002 755 1127 792 erant
1146 759 1275 804 supra
1295 749 1510 804 quinqua·

263 816 472 871 gesimum
492 819 658 863 enieriti
678 819 946 864 dicebantur.

319 891 348 905 ‘²
376 889 550 933 Additio
591 891 634 933 2,
678 890 761 935 Sed
785 893 883 949 quia
913 893 1001 949 ibi,
1027 901 1069 938 et
1090 895 1225 940 altare
1244 896 1510 940 mundabant

259 959 418 1013 cinere,
442 962 599 1005 dicitur
614 964 713 1019 quia
732 963 938 1009 Caatbitae
951 967 1179 1021 portabant
1202 968 1336 1012 altare
1358 967 1510 1012 hume·

261 1032 321 1075 ris
345 1038 382 1075 et
406 1045 506 1076 vasa
528 1033 638 1088 eius.
679 1034 824 1080 Potest
846 1036 928 1080 diei
954 1039 1115 1095 potius,
1135 1040 1250 1096 quod
1271 1039 1508 1084 Get-sonita:

260 1103 458 1149 ferebant
502 1119 603 1151 vasa
644 1108 869 1153 ministerii
892 1111 1057 1163 altaris,
1098 1124 1183 1155 nou
1220 1113 1370 1156 altaris
1387 1125 1506 1158 vasa.

259 1177 413 1233 Aliqua
448 1178 557 1224 torte
597 1181 639 1224 in
681 1182 838 1237 quibus
859 1184 1073 1239 ponebant
1096 1197 1144 1227 ea
1165 1197 1261 1240 quae
1280 1185 1509 1240 portabant

258 1252 515 1302 pertinentia
541 1253 592 1296 ad
610 1253 772 1307 altare,
797 1255 924 1299 stilla
951 1269 1049 1299 vasa
1075 1257 1345 1312 ponebantur
1375 1270 1507 1315 super

259 1335 428 1369 currus.

313 1395 417 1439 Car.
456 1410 493 1440 t.
519 1399 580 1442 fle
600 1400 779 1455 quodum
816 1403 937 1445 modo
965 1403 1166 1447 reddendi
1196 1418 1281 1447 rem
1302 1405 1502 1449 alienam.

311 1465 433 1511 Tum:
466 1473 665 1527 praecepit
698 1472 905 1518 Dominus
936 1475 1033 1531 ejici
1057 1489 1131 1532 pei·
1168 1490 1322 1522 manus
1363 1491 1508 1523 saeer-

253 1536 402 1583 dotum
421 1553 445 1584 a
468 1543 621 1588 castris
652 1545 861 1602 leprosoS,
895 1554 935 1591 ct
960 1550 1123 1594 semine
1150 1549 1334 1594 fluentes
1351 1549 1503 1608 (Num.

255 1612 316 1669 v).
341 1611 391 1657 Et
426 1614 586 1660 sactum
628 1625 696 1663 est
719 1619 793 1664 ita.
818 1620 993 1666 Addidit
1016 1635 1190 1679 quoque
1219 1623 1431 1669 Dominus
1451 1626 1506 1670 de

255 1684 504 1730 reductione
531 1689 680 1734 alienae
697 1691 776 1744 rei,
820 1699 867 1735 ut
900 1692 1051 1737 tierent
1090 1706 1189 1738 cum
1214 1696 1364 1751 quinta
1386 1704 1506 1753 parte

254 1759 408 1814 eapitis
428 1762 459 1804 ⁴.
502 1759 584 1805 Sed
615 1763 717 1819 quia
747 1765 788 1808 iu
811 1763 958 1815 Exodo
975 1765 1145 1810 videtur
1166 1767 1310 1812 dicere
1332 1774 1507 1812 coutra-

253 1831 384 1885 rium,
415 1834 580 1878 scilieet
613 1842 660 1879 ut
683 1836 725 1879 in
756 1836 1044 1894 quadruplum
1073 1838 1325 1883 redderetur
1343 1838 1502 1890 (Exod.

252 1908 408 1963 xxxii),
448 1908 544 1951 ideo
585 1909 669 1953 buc
709 1922 846 1965 usque
867 1909 1130 1964 distulimus,
1158 1912 1295 1956 utbic
1317 1914 1506 1957 solvere-

255 1992 370 2024 mus.
416 1979 469 2025 Et
503 1980 706 2036 dicimus,
746 1984 846 2039 quia
882 1984 1032 2028 alienae
1072 1986 1134 2029 rei
1176 1986 1396 2042 possessio
1425 1986 1506 2030 ali-

253 2055 426 2111 quando
463 2056 590 2101 fiebat
638 2071 690 2102 ex
726 2058 963 2112 industria,
1015 2058 1160 2114 furto,
1209 2061 1274 2104 vel
1318 2061 1502 2118 rapina,

253 2131 486 2186 aliquando
510 2130 636 2175 tiebat
669 2144 744 2187 per
766 2126 1362 2189 negtzgentian1,'aliquando
1382 2134 1501 2189 igno-

252 2214 399 2248 ranter
422 2206 472 2249 “.
503 2203 562 2249 De
599 2219 645 2250 re
687 2206 855 2250 sublata
890 2207 1075 2251 scienter
1098 2207 1139 2251 in
1167 2207 1318 2252 Exodo
1345 2209 1504 2253 dieitur

250 2277 367 2335 quod
412 2280 660 2322 restituatur
700 2278 741 2322 in
789 2279 1079 2337 quadruplum
1120 2281 1154 2323 si
1188 2282 1372 2334 perierat
1399 2294 1500 2336 res;

252 2352 366 2409 quod
410 2352 443 2396 si
481 2353 678 2397 exstabat
711 2354 754 2397 in
793 2348 989 2409 duplum.
1025 2354 1070 2400 Si
1104 2356 1161 2400 ini
1187 2357 1292 2414 legis
1309 2358 1503 2415 quinque

251 2425 384 2470 boves
409 2439 485 2483 pro
509 2439 622 2481 uno,
647 2428 730 2470 alia
762 2435 828 2472 est
850 2429 1075 2473 translatio
1110 2431 1348 2476 seeundum
1369 2444 1501 2489 quos·

251 2499 368 2552 dam,
403 2507 446 2543 ct
489 2501 603 2557 quod
643 2501 685 2545 in
723 2502 1011 2559 quadruplum
1054 2505 1199 2550 verius
1241 2506 1424 2557 dicatur,
1447 2519 1501 2550 ex

250 2571 394 2615 verbis
417 2571 586 2618 Zaehaei
609 2577 829 2641 protatur.
850 2573 908 2620 De
931 2577 1099 2622 sublata
1120 2591 1196 2635 per
1211 2580 1499 2637 ignorantiam

250 2645 340 2702 agit
369 2646 454 2701 uic,
482 2647 685 2692 reddatur
722 2657 867 2706 caput,
901 2657 944 2706 et
967 2652 1115 2707 quinta
1149 2666 1249 2709 pars
1282 2654 1498 2711 desupei·;

250 2720 317 2763 vel
338 2721 391 2763 de
415 2733 461 2763 re
482 2721 654 2774 stu-tiva,
696 2722 733 2766 si
775 2724 947 2780 penitus
965 2724 1083 2779 latet,
1109 2734 1152 2770 et
1182 2727 1250 2772 fur
1287 2729 1501 2784 poenitens

251 2801 403 2848 sponte
427 2794 653 2837 confitetur
675 2829 686 2848 ,
729 2803 771 2839 et
804 2797 960 2842 reddit.
987 2797 1031 2845 Si
1058 2812 1160 2844 vero
1190 2814 1274 2844 non
1295 2811 1410 2847 esset
1427 2805 1500 2860 qui

251 2866 474 2923 reciperet,
518 2868 768 2912 redderetur
804 2868 1006 2924 Domino,
1041 2879 1084 2916 et
1103 2881 1218 2917 esset
1244 2877 1499 2922 sacerdotis.

251 2938 334 2984 Pro
359 2950 533 2996 peccato
550 2954 651 2985 vero
673 2942 791 2995 furti,
813 2944 877 2987 vel
896 2944 1180 3002 negligentiae,
1206 2950 1334 2994 tiebat
1357 2952 1501 3009 aliqua

251 3016 414 3058 oblatio
452 3018 688 3060 secundum
722 3018 1006 3075 quantitatem
1036 3021 1114 3064 rei.
1139 3020 1355 3078 Josepbus
1379 3027 1500 3082 dicit,

251 3101 404 3132 autum
430 3097 472 3133 et
493 3097 715 3146 argentum
760 3090 881 3135 reddi
925 3093 969 3135 in
1006 3094 1182 3150 duplum
1202 3128 1216 3150 ,
1236 3098 1429 3152 ¹iumenta
1457 3101 1500 3149 in

255 3162 566 3218 quadruplum,
598 3163 737 3206 solum
787 3163 936 3208 bosen·
983 3167 1026 3209 in
1065 3170 1358 3225 quintuplum,
1397 3175 1499 3229 quia

250 3243 413 3291 quanto
456 3237 698 3292 possidetur
721 3239 891 3283 caeteris
935 3241 1101 3289 utilius,
1133 3250 1251 3287 tanto
1289 3246 1502 3311 amittitur

250 3308 519 3353 damnosius.

321 3380 605 3425 ‘Additioh
630 3380 738 3425 Cum
774 3383 924 3440 quinta
952 3387 1107 3442 eapitis
1140 3388 1397 3435 reddebatur
1428 3393 1497 3435 ilia

1593 307 1804 352 Sacerdos
1825 317 1966 352 ..utem
1986 314 2143 354 Statuet
2160 321 2259 373 ean}
2268 323 2414 354 cctam
2438 309 2639 364 Domino,
2653 319 2694 356 et
2713 319 2879 372 ponet

1590 379 1633 423 in
1650 380 1850 424 manibus
1883 382 1978 436 ejus
2000 381 2042 424 in
2065 391 2164 426 vase
2187 382 2301 426 tta-uti
2336 395 2472 438 aquas
2495 384 2631 435 vivas
2654 390 2698 428 et
2721 383 2841 428 obla·

1591 453 1748 496 tionem
1765 453 1913 497 farinae
1931 454 2134 510 pusillum
2160 468 2283 509 cusu:-
2311 457 2351 499 el
2370 458 2470 501 tlms
2493 456 2690 502 incendet
2711 464 2836 512 super
2875 452 2879 478 '-
2922 435 2924 438 Ι

1590 525 1740 578 altare,
1766 533 1807 568 et
1837 527 1975 570 mittet
1995 528 2038 570 in
2062 540 2219 582 aquam
2239 529 2474 583 pauxillum
2495 530 2839 586 pulver-isdem·

1590 604 1782 643 vimento
1816 599 2100 652 tabernaculi,
2122 607 2163 643 et
2184 600 2362 646 nudabit
2386 602 2631 658 capntejus,
2655 602 2838 646 scribet·

1590 681 1675 725 qne
1702 669 1743 712 in
1767 671 2037 723 membrana,
2080 677 2126 714 ut
2156 672 2260 715 dicit
2284 671 2517 730 Iosephus,
2547 671 2623 717 Dei
2648 675 2837 720 voeabu-

1589 740 1696 793 lum,
1719 742 1883 786 scilicet
1902 751 2302 799 tetragrammaton.

1647 814 1876 871 facietque
1893 829 1988 870 eam
2014 817 2164 872 jurare
2191 819 2306 876 quod
2333 819 2392 863 nil
2411 821 2507 864 viro
2531 832 2613 866 suo
2635 823 2836 868 nocuerit

1590 889 1632 930 iu
1664 888 1731 932 bis
1760 901 1856 943 quae
1889 890 1971 934 sibi
1995 891 2297 947 olq'iciuntur..
2323 892 2447 945 Quod
2471 894 2508 938 si
2533 894 2616 939 lioe
2637 895 2732 940 viro
2753 907 2836 941 suo

1590 973 1675 1005 non
1711 960 1908 1014 sufficiet,
1933 963 2090 1008 subdet
2122 966 2326 1010 sacerdos
2352 966 2678 1014 maledictiones
2701 969 2832 1014 etiam

1589 1034 1774 1090 scriptas
1798 1037 1840 1079 in
1868 1035 2135 1089 membrana,
2156 1045 2199 1081 rt
2219 1038 2333 1081 dicet
2356 1051 2368 1080 ε
2397 1037 2442 1082 Si
2470 1051 2556 1082 non
2580 1052 2627 1084 es
2650 1041 2832 1097 polluta,

1588 1105 1761 1150 deserto
1786 1106 1867 1150 viri
1909 1114 2004 1151 toro
2025 1139 2038 1158 .
2063 1121 2149 1152 non
2176 1115 2217 1152 te
2237 1117 2422 1155 noceant
2440 1112 2680 1170 aquaeistae
2709 1126 2832 1160 ama·

1587 1180 1791 1224 rissimae.
1833 1178 1878 1223 Si
1919 1187 2063 1224 autem
2102 1180 2328 1224 declinasti
2358 1194 2381 1226 a
2409 1182 2519 1237 viro,
2539 1182 2833 1240 ingrediantur

1588 1266 1711 1311 aquae
1731 1253 1969 1298 maledietae
1991 1261 2182 1299 ventrem
2208 1263 2346 1308 tuum,
2368 1263 2410 1300 et
2428 1256 2567 1314 ipsum
2594 1266 2833 1304 tumescere

1530 1319 1563 1364 Β
1586 1327 1766 1381 faciunt,
1787 1334 1830 1371 ct
1854 1335 2074 1383 putrescat
2093 1326 2234 1371 lemur
2250 1336 2373 1372 tuum
2398 1328 2617 1374 dextrum.
2644 1330 2697 1374 Et
2717 1331 2832 1377 dicet

1587 1401 1776 1446 mulier:
1801 1401 1956 1453 Amen,
1988 1413 2130 1445 amen.
2156 1399 2209 1444 Et
2234 1401 2394 1446 delebit
2424 1395 2627 1447 sacer-los
2658 1416 2845 1458 omnem·

1586 1475 1849 1519 membranae
1873 1475 2132 1531 scripturam
2166 1475 2208 1518 in
2231 1476 2374 1531 aquis,
2395 1483 2438 1521 et
2461 1476 2582 1520 dabit
2602 1477 2641 1521 ei
2666 1478 2829 1532 bibere,

1584 1555 1629 1593 et
1655 1555 1758 1592 tunc
1783 1550 1990 1593 sacerdos
2030 1548 2150 1593 tollet
2187 1548 2242 1591 de
2277 1560 2408 1593 mauu
2442 1549 2537 1606 ejus
2571 1551 2830 1596 sacrificium

1586 1620 1823 1678 zelotypiae,
1849 1627 1892 1664 et
1914 1619 2099 1666 elevabit
2119 1620 2224 1664 illud
2243 1632 2389 1665 eoram
2414 1620 2613 1676 Domino,
2639 1632 2680 1668 et
2702 1630 2834 1681 ponet

1585 1706 1716 1750 snper
1749 1695 1901 1738 auare.
1941 1691 2066 1746 Quod
2099 1694 2143 1739 si
2185 1705 2256 1736 rea
2294 1693 2379 1738 erit
2414 1694 2616 1740 adulterii
2657 1698 2830 1750 mulier,

1583 1774 1804 1824 putrescet
1822 1767 1964 1812 femur
1983 1769 2094 1823 ejus,
2113 1775 2156 1812 ct
2181 1775 2331 1813 uterus
2354 1770 2536 1814 tumebit
2555 1770 2599 1814 in
2621 1771 2831 1828 hydropi·
2875 1791 2877 1794 ⁴

1585 1844 1685 1895 sim,
1712 1855 1796 1888 uon
1835 1851 1976 1888 tamen
2004 1846 2149 1887 statim
2188 1845 2263 1888 sed
2298 1857 2437 1902 usque
2459 1844 2511 1889 ad
2537 1846 2685 1890 decem
2711 1859 2832 1891 meu·

1584 1927 1671 1960 ses.
1696 1914 1819 1968 Quod
1857 1915 1997 1959 sinon
2023 1916 2184 1971 polluta
2206 1916 2302 1966 erit,
2328 1915 2503 1960 innoxia
2528 1918 2610 1961 erit
2629 1917 2667 1960 ei
2698 1929 2833 1974 aqua,

1585 1990 1673 2034 imo
1710 2002 1824 2046 saepe
1862 1989 2107 2046 concipiet,
2143 1998 2186 2034 et
2227 1991 2365 2046 pariet
2402 1991 2643 2035 masculum
2682 2004 2832 2037 mense

1583 2064 1767 2107 decimo.
1807 2060 1882 2106 liae
1913 2075 2038 2119 aqum
2077 2063 2333 2108 dicebantur
2368 2072 2528 2108 sanctae
2557 2071 2729 2122 propter
2754 2076 2831 2109 uo-

1584 2149 1683 2183 men
1718 2136 1887 2182 Domini
1926 2137 2109 2181 dilutum
2149 2137 2191 2181 in
2227 2137 2306 2191 eis,
2328 2144 2372 2183 et
2407 2137 2664 2183 dicebantur
2695 2138 2831 2184 male-

1583 2211 1708 2257 dictae
1728 2219 1903 2270 propter
1930 2212 2158 2256 maledieta
2177 2220 2382 2270 congesta
2407 2213 2449 2256 in
2467 2211 2548 2266 eis,
2571 2219 2614 2257 et
2638 2214 2826 2258 amaris—

1583 2287 1704 2333 simae
1734 2294 1910 2346 propter
1928 2285 2125 2330 effectum
2159 2286 2233 2342 qui
2268 2287 2527 2343 quandoque
2547 2286 2826 2343 sequebatur.

1584 2359 1684 2407 llaec
1704 2368 1847 2405 antem
1871 2360 1939 2405 lex
1971 2360 2215 2405 introducta
2248 2359 2328 2404 suit
2354 2360 2409 2404 ad
2439 2360 2642 2404 duritiam
2677 2362 2822 2404 cordis

1582 2446 1734 2479 eorum
1776 2434 1890 2478 sicut
1923 2434 2164 2490 permissus
2198 2441 2264 2476 est
2304 2431 2476 2477 iibeiius
2516 2433 2699 2488 repudii,
2723 2434 2826 2489 quia

1579 2506 1765 2564 prompti
1787 2515 1911 2550 erant
1934 2506 1986 2549 ad
2006 2505 2310 2549 effundendum
2337 2505 2607 2561 sauguinem.

1719 2580 1822 2624 Car.
1856 2577 1943 2622 vlt.
1981 2579 2040 2622 De
2063 2580 2340 2622 sanctimonia
2362 2577 2681 2622 Nazerinorum,

1637 2652 1830 2715 Locutus
1872 2660 1940 2697 est
1979 2652 2189 2696 Dominus
2219 2652 2272 2695 ad
2307 2651 2480 2710 Moysen
2523 2652 2576 2695 de
2610 2652 2702 2707 lege
2737 2649 2824 2694 Na·

1581 2741 1818 2776 tartarorum
1849 2729 1999 2785 (Num.
2023 2731 2102 2787 vi).
2135 2729 2364 2773 Nazaraeus
2393 2735 2519 2773 sonat
2549 2735 2736 2782 suiectus,
2757 2729 2825 2774 vel

1580 2805 1749 2860 florens,
1774 2804 1840 2848 vel
1866 2805 2121 2860 ᾳενηιίηαηε.
2144 2801 2491 2859 Dicebanturque
2506 2801 2698 2846 Nazaraei
2728 2803 2825 2860 qui-

1579 2879 1678 2924 dam
1712 2877 1784 2934 qui
1819 2889 1870 2922 ex
1896 2878 1998 2920 voto
2031 2875 2222 2932 obligant
2258 2887 2306 2920 se
2340 2876 2653 2930 sanctimoniae,
2689 2888 2825 2933 usque

1582 2950 1632 2993 ad
1655 2958 1818 2994 certum
1842 2957 2027 3005 tempus,
2049 2947 2114 2992 vel
2132 2949 2295 3006 ingiter
2314 2956 2359 2991 ut
2381 2947 2574 3000 Samuel,
2602 2956 2644 2992 ct
2666 2960 2823 2992 conse-

1581 3024 1761 3067 crabant
1790 3034 1837 3067 se
1864 3018 2066 3074 Doniiiw,
2083 3028 2129 3068 et
2159 3023 2283 3078 quasi
2322 3022 2635 3078 separabantur
2654 3034 2678 3066 a
2699 3035 2821 3065 com-

1581 3098 1699 3141 muni
1724 3097 1812 3141 vita
1841 3097 2082 3149 bominum,
2109 3097 2223 3143 sic-nt
2257 3097 2356 3152 quis
2387 3096 2515 3139 niodo
2544 3108 2619 3151 per
2641 3109 2821 3150 annum,

1567 3170 1647 3214 sel
1676 3170 1802 3225 duos,
1843 3181 1896 3212 ex
1930 3177 2032 3212 voto
2075 3167 2207 3212 sei-tit
2249 3171 2288 3213 in
2333 3167 2819 3224 tiospitali'Jerusalem.

1581 3241 1836 3287 Sanctitatis
1877 3255 2028 3286 eorum
2072 3242 2137 3285 lex
2186 3241 2266 3285 fnit
2309 3244 2414 3285 bate.
2461 3239 2586 3285 Omni
2628 3248 2822 3298 tempore

1580 3317 1868 3371 separationis
1912 3329 2002 3360 suae
2046 3316 2254 3360 novacula
2300 3328 2386 3359 non
2433 3315 2647 3359 transibat
2690 3325 2820 3372 super

1580 3399 1709 3451 caput
1734 3388 1845 3446 ejus.
1872 3387 1994 3434 Unde
2021 3389 2130 3433 forte
2154 3389 2329 3445 quidam
2376 3389 2559 3446 pingunt
2598 3388 2819 3444 apostolos

251 3465 436 3510 res.quae
455 3455 820 3500 reddebatur-eum
839 3459 988 3514 quinta
1002 3468 1122 3516 parte
1137 3464 1261 3518 pretii
1284 3464 1494 3520 ejusdem.
1521 3467 1560 3515 D
1579 3471 1621 3508 et
1644 3464 1863 3508 Christum
1891 3463 2086 3514 crinitos,
2108 3474 2192 3506 non
2217 3463 2258 3505 in
2284 3476 2352 3512 re,
2374 3463 2446 3506 sed
2466 3475 2552 3518 pro
2576 3469 2814 3507 sani-ttate.

307 3530 340 3545 ··
361 3527 535 3570 Additio
573 3528 615 3573 2.
665 3529 774 3582 Quia
820 3537 1094 3588 praesumitur
1127 3547 1196 3580 res
1229 3545 1413 3594 exsuita,
1443 3541 1496 3583 ad

251 3599 560 3644 restituendum
580 3613 848 3647 conservata.

498 3675 601 3719 Cir.
640 3675 708 3721 Vi.
744 3676 806 3720 De
821 3679 984 3734 judicio
1016 3681 1246 3739 zelotypioe.

303 3747 477 3791 Addidit
493 3761 667 3804 quoque
687 3749 892 3795 Dominus
914 3753 967 3796 de
989 3754 1081 3809 lege
1100 3756 1324 3813 zelotypiae
1343 3791 1354 3810 ,
1378 3759 1498 3803 zelus

251 3821 423 3876 proprie
443 3821 599 3864 dicitur
618 3854 630 3874 ,
650 3835 773 3866 antor
789 3824 868 3866 vit-i
891 3825 932 3868 in
956 3837 1132 3870 uxorem
1155 3860 1166 3877 ,
1192 3840 1270 3883 pro
1292 3842 1378 3885 qno
1396 3844 1496 3875 sus-

253 3892 389 3935 tinere
409 3903 495 3934 non
521 3900 690 3947 potest,
710 3902 754 3938 ut
774 3895 845 3937 alii
871 3898 1103 3942 misceatur
1124 3898 1274 3953 (Num.
1297 3914 1356 3958 v).
1376 3901 1496 3947 Unde

251 3964 318 4005 vir
339 3963 494 4011 dieitur
537 3966 696 4010 zelotes
719 3980 731 4019 ;
755 3968 963 4025 zelotypia
1004 3983 1103 4014 tero
1143 3974 1408 4030 quandoque
1430 3975 1498 4018 di·

250 4035 363 4078 citur
385 4036 569 4078 moechia
584 4069 596 4088 ,
642 4045 685 4080 et
733 4040 966 4096 zelotypus,
1006 4043 1190 4087 adulter.
1214 4080 1216 4083 .
1235 4044 1352 4089 Solet
1393 4059 1496 4106 ergo

252 4107 461 4164 zelotypia
484 4108 566 4152 diei
591 4110 681 4153 sola
699 4113 889 4166 suspicio
915 4115 1135 4168 adulterii,
1160 4119 1212 4159 de
1235 4131 1320 4173 qna
1342 4120 1495 4175 legitur

253 4179 341 4228 liic,
366 4181 419 4223 ad
441 4181 555 4224 liuue
578 4182 770 4226 niodum.
810 4184 854 4227 Si
899 4186 1079 4241 spiritus
1109 4189 1328 4245 zelotypiae
1351 4194 1496 4235 conci-

253 4255 406 4296 taverit
429 4254 567 4297 virum
591 4263 740 4298 contra
761 4268 937 4299 uxorem
959 4271 1100 4311 suam,
1119 4274 1215 4316 quin
1233 4263 1392 4317 polluta
1412 4273 1493 4318 est,

251 4326 324 4368 sed
378 4326 546 4380 probari
600 4339 687 4369 uon
722 4335 876 4381 potest,
915 4330 983 4372 vel
1016 4332 1088 4385 qui
1116 4327 1223 4376 suisa
1249 4337 1495 4390 suspicione

253 4397 488 4452 impetitur,
521 4398 704 4442 adducet
743 4412 837 4443 eant
873 4401 929 4444 ad
969 4403 1253 4459 sacerdotem,
1282 4414 1326 4450 et
1345 4408 1494 4451 oll'eret

252 4483 330 4521 pro
349 4483 396 4512 ea
424 4485 470 4515 as
487 4474 633 4515 arium
660 4471 807 4517 furium
831 4475 1090 4528 hordeaceae,
1115 4480 1228 4535 quod
1246 4488 1308 4526 est
1328 4483 1493 4526 decima

1578 3537 1693 3581 Niliil
1714 3538 1828 3594 quod
1851 3536 2064 3583 inebriare
2080 3543 2260 3591 poterat,
2286 3536 2504 3589 bibebant,
2531 3548 2614 3579 non
2635 3536 2817 3580 edebant

1577 3612 1740 3669 aliquid
1777 3612 1892 3666 quod
1933 3618 2046 3654 esset
2066 3623 2120 3654 ex
2143 3612 2281 3663 vinea,
2310 3609 2365 3654 ab
2403 3621 2483 3654 uva
2513 3621 2655 3665 passa,
2679 3621 2817 3667 usquo

1577 3686 1629 3729 ad
1656 3687 1826 3728 acinum
1848 3689 1878 3735 ⁶,
1925 3683 1976 3727 ad
2015 3683 2178 3727 nullum
2202 3683 2417 3727 niurtuu'm
2450 3683 2814 3738 ingrediebantur.

1577 3755 1699 3810 Quod
1723 3758 1757 3800 si
1784 3762 1981 3800 mortuus
2015 3763 2129 3800 esset
2159 3757 2301 3800 subito
2333 3756 2546 3812 quispiam
2573 3768 2716 3799 coram
2744 3767 2813 3810 eo,

1578 3832 1850 3888 pelluebatnr
1891 3837 2019 3886 caput
2056 3830 2396 3874 consecrationis
2441 3841 2532 3874 suae
2550 3862 2562 3882 ,
2606 3836 2646 3874 et
2700 3830 2815 3874 illico

1576 3905 1750 3949 radebat
1774 3910 1903 3960 caput.
1923 3916 2070 3954 suuni,
2093 3910 2134 3946 ct
2154 3916 2326 3947 rursum
2353 3904 2422 3947 die
2452 3904 2634 3959 septimo
2662 3904 2815 3947 offere·

1576 3980 1649 4022 bat
1675 3991 1750 4034 par
1787 3986 2021 4031 turturum,
2063 3985 2136 4020 aut
2169 3977 2280 4020 dnos
2317 3977 2456 4032 pullos
2496 3977 2811 4032 columbarum,
2873 4039 2877 4041 Β
2922 4004 2924 4019 2

1575 4064 1759 4107 qnorum
1787 4065 1918 4095 unum
1943 4051 2144 4095 sacerdos
2168 4050 2351 4094 faciebat
2385 4062 2462 4105 pro
2491 4057 2679 4105 peccato,
2704 4052 2813 4094 alte-

1576 4135 1670 4166 rum
1715 4124 1756 4165 in
1796 4123 2113 4167 holocaustum.
2156 4122 2341 4177 Diesque
2379 4134 2489 4176 quos
2525 4121 2700 4172 fecerat,
2734 4134 2812 4178 pro

1574 4194 1747 4238 iniectis
1784 4203 1935 4245 erant,
1977 4202 2021 4238 ct
2054 4195 2142 4238 voti
2181 4194 2247 4237 sui
2285 4195 2615 4237 sanctimoniam
2657 4196 2810 4238 iterum

1574 4268 1816 4323 incipiebat.
1846 4267 1973 4311 Forte
1997 4279 2080 4309 nou
2102 4280 2180 4322 pro
2204 4268 2396 4323 quolibet
2416 4276 2605 4318 mortuo,
2633 4268 2705 4311 scd
2727 4281 2812 4324 pro

1574 4342 1720 4384 occiso
1739 4352 1886 4383 curam
1904 4353 1971 4391 eo,
1997 4341 2269 4396 polluebatur
2285 4341 2492 4397 quidquid
2518 4341 2615 4384 fecit
2637 4349 2811 4397 propter

1571 4413 1920 4456 sanctimoniam.
1963 4413 2197 4469 Completis
2237 4422 2378 4458 autem
2422 4415 2574 4459 dicbus
2607 4415 2690 4459 voti
2724 4410 2806 4461 sui.

1578 4481 1783 4526 offerebat
1835 4495 1991 4540 agnum
2054 4485 2303 4528 auunculum
2375 4487 2416 4529 in
2465 4487 2807 4533 holocaustum.
