2924 4588
375 99 475 146 ¹711

1372 90 1538 160 PETRI
1567 88 1914 142 COMEsTomS
1987 120 1991 124 »

2822 85 2924 136 ΓΕ

370 201 454 240 est.
490 208 504 235 ι
529 192 582 234 Et
619 200 829 234 accedens
870 189 1069 234 tribunus
1094 187 1150 232 ad
1183 158 1382 236 Paulum,
1412 184 1612 241 quaesivit
1636 191 1669 238 A
1691 181 1834 225 medio
1854 194 2024 233 eorum,
2049 193 2100 234 ac
2128 181 2375 233 deducere
2365 193 2410 225 in
2441 187 2602 237 castra,
2622 187 2664 241 et
2688 183 2761 235 sic
2774 181 2924 226 factum

371 266 429 310 ab
449 276 518 314 ec,
543 263 618 312 an·
634 262 852 305 Romanus
876 267 1007 306 esset.
1033 260 1086 303 Et
1113 260 1341 304 consessus
1364 264 1446 303 est.
1473 257 1539 303 Et
1553 258 1613 299 ait

372 337 574 381 tribunus
601 350 611 378 ε
644 335 733 390 Ego
766 334 900 377 rnolta
931 345 1099 377 sumum
1126 333 1317 387 pecuniae
1341 331 1451 373 lianc
1474 328 1615 373 civili·

374 415 504 453 tatem
538 408 638 452 emi.
668 406 773 463 Ego,
806 407 944 462 inquit
967 406 1143 454 Paulus,
1180 407 1221 448 in
1253 416 1302 448 ea
1342 410 1470 456 natus
1492 415 1611 453 suun

375 481 474 535 qnia
508 485 782 534 patei-suus,
811 486 855 521 ut
881 484 1161 533 praetaxatum
1186 482 1269 529 est,
1293 483 1529 530 antequam
1549 474 1614 530 gi-

375 556 522 606 gneret
560 563 683 599 cuin,
724 556 973 605 comparata
1011 549 1093 592 sibi
1134 549 1269 604 gratia
1301 547 1612 598 Romanorum,

373 622 575 664 civilitate
594 620 885 663 Romanorum
911 620 1094 664 ‹lonatus
1122 627 1190 663 est
1214 621 1268 662 ab
1290 621 1353 664 eis
1375 621 1417 662 in
1441 632 1487 664 se
1507 629 1549 663 et
1570 621 1614 662 in

372 693 614 737 haeredibus
640 693 748 736 suis.
783 692 836 734 Et
879 694 1023 736 statim
1055 693 1352 751 discesserunt
1390 691 1506 751 inde,
1538 695 1612 748 Qui

369 769 496 808 erant
532 776 628 808 cum
659 764 831 814 torturi,
857 764 959 819 qnia
1009 763 1152 806 timuit
1200 751 1430 818 tribunus,
1466 764 1614 807 audito

371 839 488 895 quod
515 844 629 891 esset
646 838 753 886 civis
782 837 1019 882 Romanus.

371 929 473 974 Cn.
498 926 602 974 cm.
627 927 689 972 De
727 928 949 971 schismate
973 934 1062 970 orto
1082 927 1188 971 inter
1218 925 1392 970 Judoeos
1414 938 1467 969 ex
1487 925 1611 969 indu·

859 986 965 1027 stria
992 983 1134 1027 Pauli.

425 1057 604 1102 Postera
623 1064 763 1101 autem
782 1057 850 1100 die
868 1057 1016 1100 volens
1039 1055 1152 1100 scire
1173 1054 1422 1111 diligentius
1439 1066 1614 1113 cansam

372 1129 665 1174 accusationis
688 1129 811 1172 Pauli
848 1129 961 1186 (Act.
989 1129 1117 1183 xxii),
1141 1129 1270 1172 solvit
1307 1141 1436 1179 eum,
1466 1137 1507 1171 et
1526 1128 1616 1182 jus-

371 1199 429 1243 sit
447 1199 679 1242 convenire
696 1198 942 1242 sacerdotes
960 1199 1012 1242 ad
1036 1199 1284 1250 concilium.
1305 1198 1356 1246 Et
1372 1199 1615 1255 producens

1693 261 1774 298 est.
1803 253 2008 310 Sequenti
2033 260 2175 304 autem
2199 258 2326 297 nocte
2347 232 2768 310 apparuitDominus
2784 253 2886 297 Ριιιι
2890 266 2924 308 ο,

1694 326 1842 375 dicens
1872 339 1883 367 :
1916 341 1930 366 ι
1955 325 2174 373 Constans
2194 330 2306 375 esto,
2331 325 2579 372 sicutenim
2604 326 2863 374 testificatus
2885 339 2924 375 et

1694 398 1747 441 de
1776 411 1844 441 me
1874 398 1917 445 in
1939 396 2195 460 Jerusalem.
2214 397 2278 441 sic
2305 403 2475 453 oportet
2500 403 2542 461 te
2578 403 2622 450 et
2653 398 2799 444 Romae
2816 399 2924 458 testi·

1694 469 1879 513 ficari.»
2196 482 2207 488 ·
2510 465 2512 468 ’
2537 465 2541 469 ’

1757 557 1860 601 Car.
1883 557 1972 602 GV.
1998 558 2105 611 Quo
2115 558 2530 659 ιιιοάοιξοηίιιναιαιη
2556 567 2618 611 est
2640 562 2683 604 in
2705 550 2882 606 mortem

2283 629 2336 657 au
2357 629 2372 655 ι

1752 685 1884 730 Facto
1916 693 2061 742 autem
2095 686 2182 739 die,
2208 688 2476 742 collegerunt
2505 701 2552 744 se
2581 689 2831 746 quidamex
2860 687 2924 734 διι-

1694 760 1797 804 daeis
1825 760 1936 816 (Act.
1961 761 2114 815 xxm).
2134 765 2178 804 et
2194 761 2460 806 devoverunt
2495 773 2543 817 se
2564 762 2876 814 maledictioni,
2901 776 2924 820 a

1695 833 1987 884 comederent,
2015 833 2083 876 vel
2107 833 2320 893 biberent,
2360 833 2500 885 donec
2543 835 2793 890 occiderent
2825 833 2924 881 Pate

1695 908 1782 951 lum
1799 938 1810 956 ‚
1838 918 1917 963 pro
1949 919 2037 962 quo
2059 906 2103 948 in
2131 905 2281 962 Graeco
2319 906 2524 958 habetur,
2549 909 2924 955 anathematizare

1695 987 1813 1022 runt.
1853 978 1906 1021 Et
1943 985 2068 1022 erant
2107 979 2205 1034 plus
2243 990 2372 1034 quam
2414 978 2700 1036 quadraginta
2737 979 2838 1033 viri,
2863 993 2920 1037 qu

1694 1053 1808 1097 haue
1847 1053 2192 1107 conjurationem
2232 1051 2441 1104 fecerant,
2489 1058 2532 1096 et
2571 1059 2858 1098 accesserunt
2886 1065 2924 1097 ιιι

1695 1126 1913 1182 principes
1944 1126 2217 1174 sacerdotum
2236 1130 2288 1168 et,
2307 1125 2520 1178 seniores,
2550 1124 2743 1170 dicentes
2769 1138 2779 1167 ι
2808 1123 2924 1171 Deru

1696 1201 1814 1242 tione
1837 1198 2089 1245 devovimus
2109 1209 2207 1246 nos.
2234 1197 2340 1240 uiliil
2368 1203 2619 1253 gustaturos
2635 1228 2646 1246 ‚
2666 1196 2804 1242 donec
2827 1197 2924 1245 occi

370 1273 567 1323 Paulum,
592 1272 742 1316 statuit
760 1284 856 1315 eum
885 1273 997 1315 inter
1018 1284 1109 1316 eos.
1130 1272 1182 1315 Et
1211 1273 1342 1328 coepit
1363 1271 1524 1321 Paulus
1543 1284 1617 1327 pa·
1644 1257 1674 1301 B
1699 1272 1852 1315 damus
1883 1270 2082 1326 Paulum.
2108 1268 2371 1325 Persuadcte
2393 1281 2496 1326 ergo
2526 1269 2718 1321 tribuno,
2737 1274 2782 1312 ut
2803 1269 2924 1313 adim«

371 1348 454 1391 lam
479 1347 597 1400 loqui
635 1345 818 1389 consilio
847 1344 957 1389 (Act.
986 1345 1110 1402 xxm)
1140 1361 1149 1388 ε
1179 1360 1193 1396 ι
1224 1344 1316 1395 Viri
1355 1344 1526 1394 fratres,
1551 1346 1616 1388 in—

371 1427 479 1477 qnit,
500 1424 582 1475 ego
617 1419 735 1474 omni
765 1418 1032 1469 conscientia
1071 1419 1184 1462 bona
1217 1423 1501 1471 conversatus
1519 1431 1615 1467 sum

371 1493 483 1549 apud
507 1493 656 1544 Deum,
682 1504 819 1547 usque
843 1492 888 1534 in
911 1491 1166 1536 hodiernum
1190 1491 1319 1537 diem.
1353 1507 1367 1533 i
1395 1490 1446 1537 Et
1469 1491 1615 1541 statim

372 1567 571 1622 princeps
594 1565 868 1610 sacerdotum
890 1564 1082 1609 Ananias
1125 1563 1327 1620 praecepit
1355 1563 1614 1620 astantibus,

372 1647 420 1684 ut
438 1644 710 1696 percuterent
728 1651 777 1683 os
798 1637 909 1694 ejus,
932 1637 1054 1693 quasi
1077 1637 1349 1692 impudenter
1371 1636 1613 1691 gloriantis.

372 1713 435 1756 Ad
460 1725 587 1768 quem
611 1711 805 1757 Paulnsz
836 1726 850 1751 ι
873 1710 1087 1754 Percutiet
1112 1716 1154 1754 te
1179 1709 1311 1760 Deus»,
1333 1710 1476 1766 paries
1497 1708 1618 1752 deal-

372 1788 485 1830 hate.
511 1784 678 1840 »Quasi
703 1785 816 1828 dicat
843 1800 852 1828 :
877 1784 1124 1828 vindicabit
1148 1784 1190 1827 in
1213 1789 1255 1830 te
1280 1783 1407 1833 Deus.
1432 1794 1459 1827 o
1479 1782 1618 1840 hypo-

371 1859 506 1910 crita,
539 1859 640 1915 quia
683 1871 780 1900 cum
819 1857 972 1902 sedeas
1012 1869 1142 1913 super
1175 1856 1425 1906 cathedram
1462 1854 1615 1912 Moysi,

369 1932 494 1988 quasi
517 1930 754 1976 seeundum
791 1930 927 1986 legem
962 1929 1124 1976 videris
1146 1929 1360 1983 iudicare,
1379 1933 1422 1972 et
1444 1927 1617 1983 iudicas

370 2010 521 2047 eontra
546 2004 706 2059 legem,
729 2002 828 2058 quia
856 2014 954 2045 cum
991 2014 1060 2050 me
1091 2009 1266 2059 reputes
1299 2001 1615 2058 blasphemum,

370 2091 456 2121 non
479 2090 548 2121 me
567 2075 738 2132 judicas
763 2076 868 2132 legis
890 2075 1059 2127 ordine,
1086 2088 1181 2131 quae
1203 2075 1396 2132 praecipit
1414 2075 1618 2132 blasphe-

371 2163 486 2206 mum
515 2156 638 2205 extra
661 2156 803 2202 castra
834 2149 975 2200 educi,
1007 2155 1050 2193 et
1079 2149 1280 2194 eductum
1318 2150 1372 2192 ab
1399 2150 1513 2192 omni
1542 2162 1619 2205 po-

370 2224 471 2279 palo
482 2222 685 2282 lapidari.
708 2221 786 2266 Vel
810 2221 918 2274 sorte
935 2222 1206 2278 prophetavit
1233 2221 1394 2274 Paulus
1424 2222 1479 2267 de
1513 2223 1616 2266 alio-

371 2298 519 2341 litione
543 2297 770 2341 sacerdotii
794 2295 1057 2346 ¹Indaeorum,
1078 2295 1228 2342 dicens
1255 2311 1268 2340 ι
1297 2310 1310 2345 ι
1336 2296 1554 2344 Percutiet
1577 2303 1616 2340 te

371 2371 502 2428 Deus,
533 2385 550 2411 ι
577 2370 700 2426 quasi
725 2369 841 2412 dicat
866 2382 877 2409 :
898 2368 1099 2420 Destruet
1121 2376 1164 2414 te
1186 2367 1318 2420 Deus,
1347 2375 1389 2414 et
1413 2369 1616 2415 sacerdo-

372 2443 477 2487 tium
505 2450 641 2493 tuum,
683 2442 973 2493 sacerdotium
1012 2441 1466 2494 scilicet-Iudaeorum.
1494 2440 1617 2485 Tunc

370 2516 444 2573 qni
471 2516 669 2559 astabant
691 2515 894 2567 dixerunt
919 2530 929 2558 z
954 2530 969 2562 ι
999 2514 1227 2564 Sunnnum
1255 2516 1523 2565 sacerdotem
1543 2514 1616 2559 Dei

374 2587 629 2648 maledicis?
666 2592 769 2629 tunc
790 2585 952 2648 Paulus
990 2586 1052 2631 ait
1076 2599 1099 2635 ι
1123 2586 1394 2638 Nesciebam‚
1441 2587 1614 2637 fratres,

373 2659 614 2718 principem
629 2670 725 2712 esse
748 2658 1022 2710 sacerdotum
1048 2674 1059 2714 ;
1091 2671 1240 2703 revera
1266 2648 1310 2704 'si
1333 2659 1416 2703 hoc
1439 2660 1615 2713 scirem,

371 2745 471 2783 reus
494 2743 651 2787 essem.
674 2730 891 2786 Scriptum
917 2739 982 2782 est
994 2732 1108 2791 enim
1135 2748 1144 2776 :
1167 2731 1446 2789 «Principem
1472 2735 1616 2790 populi

372 2806 432 2848 tui
459 2794 544 2858 non
564 2806 794 2866 male-„tices
813 2803 970 2862 (Exod.
995 2805 1122 2864 xxu).
1146 2822 1161 2848 ι
1181 2805 1256 2849 ΜιΙ
1286 2806 1409 2864 quasi
1436 2807 1618 2863 mystice

372 2880 431 2941 ait
456 2892 502 2922 se
519 2879 702 2930 nescire,
730 2878 771 2922 id
788 2884 855 2923 est
882 2878 1172 2923 sacerdotium
1198 2878 1445 2939 ludaeorum
1464 2892 1615 2936 repro

372 2954 520 2996 batum
544 2965 656 3003 esse,
678 2952 778 3008 qnia
810 2952 909 2996 licet
941 2964 1073 2995 never
1077 2953 1108 2993 t
1135 2952 1189 2995 Ιιιι
1181 2964 1251 2995 nc
1276 2965 1363 2995 non
1391 2964 1487 3003 esse
1516 2964 1618 2998 sere

373 3024 608 3081 principem
633 3023 922 3076 sacerdotum,
945 3030 1091 3068 tamen
1116 3030 1352 3082 temperate
1369 3024 1617 3084 respondet

375 3099 592 3141 instruens
615 3098 738 3147 alios,
763 3103 812 3139 ut
831 3096 1069 3157 modestius
1093 3109 1139 3144 se
1161 3097 1369 3158 haberent
1391 3109 1618 3154 ergaproe·

375 3170 486 3213 latos
524 3181 643 3213 suos.
681 3168 803 3213 Tunc
838 3169 995 3230 timens
1030 3167 1192 3213 Paulus
1225 3157 1620 3225 impetum-iudico·

373 3254 488 3294 rum,
518 3242 794 3297 excogitavit.
818 3242 1036 3297 quomodo
1073 3248 1263 3285 moveret
1293 3242 1481 3286 schisma
1507 3243 1620 3286 inter

374 3327 465 3364 eos,
492 3315 545 3379 Et
573 3328 670 3359 cum
703 3322 946 3373 praesentes
979 3321 1124 3372 essent
1147 3314 1362 3375 Pharisaei
1381 3322 1424 3359 et
1450 3315 1619 3360 Saddu-

374 3389 467 3446 caei,
491 3399 638 3433 coram
654 3389 857 3451 omnibus
882 3388 1103 3452 professus
1126 3395 1256 3433 estse
1291 3378 1387 3433 esse
1412 3389 1463 3433 de
1498 3397 1613 3433 secta
1641 3414 1674 3458 ο

372 3460 689 3506 Pharisaeorum
720 3461 922 3518 (Philipp.
958 3462 1045 3514 ιιι),
1085 3468 1132 3514 ιιι
1159 3462 1218 3505 ita
1249 3463 1500 3506 conciliaret
1534 3463 1616 3507 sibi

375 3532 542 3577 animos
565 3545 732 3583 eorum,
758 3540 799 3577 et
822 3545 970 3577 eorum
995 3533 1204 3577 beneficio
1239 3535 1437 3578 evaderet
1463 3547 1616 3580 manus

377 3603 572 3653 alioruin,
599 3604 648 3647 Et
670 3615 766 3647 cum
786 3606 1006 3659 professus
1023 3611 1154 3656 esset,
1181 3605 1292 3649 sacta
1315 3611 1381 3650 est
1405 3607 1617 3651 dissensio

375 3689 526 3734 magna
553 3678 664 3721 inter
685 3678 925 3722 Pharisaeos
946 3686 988 3722 et
1014 3677 1294 3725 Sadducaeos,

451 3750 551 3800 Cae,
575 3748 683 3793 clv.
700 3749 820 3801 Quod
846 3750 1045 3794 Dominus
1069 3750 1317 3805 confortat-it
1341 3751 1538 3796 Paulum.

437 3836 453 3863 ι
483 3821 532 3864 Et
570 3828 850 3874 exsurgentes
879 3822 1051 3876 quidam
1074 3813 1387 3888 Plrarisaeorum
1405 3855 1418 3875 ‚
1454 3837 1618 3880 pugna-

378 3894 481 3940 bant
509 3907 585 3948 pro
610 3895 742 3936 Panlo
765 3901 915 3941 contra
947 3895 1224 3945 Sadducaeos.
1251 3897 1444 3942 dieentes
1469 3914 1480 3942 ε
1504 3898 1616 3940 Nihil

382 3966 484 4010 mali
524 3968 765 4010 invenimus
804 3967 845 4008 in
886 3968 1058 4010 homine
1095 3970 1195 4012 isto,
1235 3968 1347 4020 Qunl
1378 3972 1413 4012 si
1438 3971 1617 4026 spiritus

381 4039 550 4082 locutus
581 4045 647 4082 est
673 4040 727 4089 ei,
759 4039 822 4081 vel
854 4039 1066 4095 Angelus?
1093 4056 1106 4079 »
1127 4041 1235 4095 (Act.
1261 4043 1405 4097 xxin.)
1431 4041 1520 4085 Hoc
1541 4055 1618 4085 au-

382 4117 464 4155 tem
491 4117 641 4154 contra
667 4109 925 4154 Sadducaeos
944 4111 1157 4163 (licebant,
1184 4122 1391 4166 negantes
1420 4113 1615 4168 angelum

382 4194 499 4232 esse,
539 4182 606 4225 rel
629 4183 844 4239 spiritum,
866 4184 931 4224 vel
953 4183 1155 4226 animam.
1181 4183 1232 4225 Et
1252 4197 1346 4228 cuin
1370 4184 1480 4228 sacta
1505 4170 1618 4228 esset

383 4260 502 4301 tanta
539 4254 768 4303 dissensio,
796 4255 954 4296 timens
989 4256 1184 4297 tribunus
1211 4269 1263 4299 nc
1302 4257 1619 4315 discerperetur

385 4322 544 4387 Paulus
578 4338 602 4367 a
626 4325 899 4375 Sadducaeis‚
933 4326 1097 4371 scilicet
1138 4327 1378 4374 volentibus
1405 4342 1503 4374 eum
1547 4342 1620 4372 ra-

380 4411 501 4457 pere,
539 4399 662 4455 {ussit
691 4398 848 4444 milites
873 4399 1133 4445 descendere
1167 4407 1208 4445 et
1247 4413 1398 4458 rapere
1426 4415 1531 4463 ,eum
1567 4403 1619 4447 de

1697 1345 1902 1400 perducat
1927 1354 2023 1389 eum
2049 1343 2091 1384 in
2123 1340 2310 1387 medium
2345 1340 2397 1384 ad
2421 1353 2515 1391 vos,
2549 1347 2752 1398 tanquam
2781 1342 2924 1399 aliqui:

1697 1418 1793 1468 sitis
1810 1416 1972 1460 certius
1990 1415 2206 1474 cognituri
2223 1415 2277 1458 de
2294 1427 2360 1459 eo.
2378 1414 2466 1460 Nos
2482 1428 2585 1459 vero
2605 1417 2742 1472 parati
2781 1418 2924 1462 erimu2

1697 1489 1939 1533 interlicere
1974 1501 2089 1534 eum.
2136 1487 2262 1532 Forte
2296 1488 2378 1531 lioc
2419 1487 2600 1534 audiens
2627 1501 2762 1544 nepos
2797 1488 2918 1534 Pauli

1695 1563 1811 1607 tilius
1855 1563 2018 1607 sororis
2055 1562 2167 1616 «fios,
2190 1561 2366 1620 intravit
2389 1561 2432 1603 in
2466 1566 2634 1620 castra,
2663 1572 2705 1605 et
2729 1561 2924 1607 nuntiavi

1697 1635 1778 1678 hoc
1806 1635 1959 1678 Paulo.
1986 1634 2037 1676 Et
2061 1634 2281 1692 advocans
2304 1631 2466 1679 Paulus
2493 1646 2625 1677 unum
2645 1633 2700 1678 de
2724 1634 2924 1679 centurio

1697 1709 1826 1755 nibus
1850 1709 1943 1750 ait:
1969 1723 1982 1748 ‹
2012 1706 2339 1750 Adolescentem
2378 1711 2494 1750 hunc
2527 1708 2690 1764 produc
2729 1707 2783 1764 ad
2807 1707 2920 1754 tribu

1697 1792 1819 1829 niun,
1840 1779 1969 1822 habet
1993 1779 2107 1821 enim
2129 1778 2291 1832 aliquid
2329 1777 2523 1822 indicare
2545 1779 2601 1841 ei.
2628 1795 2642 1821 ι
2671 1778 2723 1840 Et
2745 1792 2842 1823 cnm
2867 1792 2919 1825 ve

1696 1850 1834 1893 nisset
1857 1850 2111 1893 adolescens
2151 1850 2202 1893 ad
2230 1849 2451 1893 tribunum
2489 1839 2691 1907 exposuit
2726 1851 2924 1902 delos,e

1696 1923 1879 1966 insidias
1902 1922 2146 1966 Judaeornm
2174 1927 2325 1966 contra
2355 1922 2549 1969 Paulum.
2576 1923 2699 1967 Tunc
2722 1923 2824 1970 dini}
2831 1931 2924 1968 tten

1704 1995 2020 2038 adolescentem
2059 1994 2262 2039 tribunus
2309 1994 2575 2050 praecepitei
2611 2007 2666 2050 ne
2699 1995 2830 2039 alicui
2861 1995 2924 2039 tto«

1697 2067 1918 2111 revelaret.
1954 2067 2005 2127 Et
2030 2068 2282 2112 convocatis
2313 2068 2483 2128 duonus
2521 2069 2856 2130 centurionibus
2882 2068 2922 2113 ai

1697 2141 1783 2183 illis
1811 2155 1820 2183 :
1841 2139 2005 2203 Parate¹
2019 2141 2178 2193 milit-es
2200 2141 2426 2202 ducentos,
2449 2147 2495 2184 ut
2520 2148 2620 2192 eant
2640 2154 2778 2202 usque
2799 2141 2924 2195 Caesa

1697 2225 1813 2256 ream
1839 2202 2075 2270 pedestres,
2094 2220 2136 2258 et
2159 2215 2325 2270 equites
2345 2215 2635 2271 septuaginta,
2675 2215 2841 2259 scilicet
2867 2228 2922 2272 qu

1699 2301 1783 2332 non
1808 2295 1907 2333 eant
1926 2288 2164 2344 pedestres,
2189 2294 2231 2332 et
2259 2289 2502 2347 lancearios
2524 2288 2734 2334 ducentos
2769 2302 2792 2350 a
2815 2295 2882 2334 tei
2886 2290 2924 2334 ιι

1699 2362 1803 2404 hora
1843 2364 2259 2424 noctis,etpa1ate
2301 2362 2498 2417 jumenta
2534 2362 2682 2425 decem
2730 2347 2866 2407 Paulo
2898 2374 2924 2410 c.

1697 2433 1931 2476 comitibus
1956 2434 2063 2483 suis
2085 2441 2127 2476 ct
2150 2432 2375 2488 perducite
2398 2446 2496 2477 eum
2534 2446 2685 2478 sanum
2711 2440 2755 2478 et
2774 2435 2924 2482 incotu

1697 2519 1807 2550 mem
1831 2507 1881 2550 ad
1913 2505 2095 2550 Felicem
2115 2507 2359 2570 praesidem.

1752 2598 1854 2642 Cae.
1874 2597 1982 2642 Ct't.
2001 2597 2121 2651 Quod
2143 2606 2237 2641 ante
2252 2598 2470 2653 proesidem
2487 2606 2632 2642 contra
2656 2599 2690 2643 T
2690 2598 2894 2646 “tullum

2086 2665 2294 2702 oratorem
2324 2655 2550 2701 contendit.

1754 2728 1937 2784 scripsit
1974 2742 2013 2784 q
2007 2741 2146 2784 ioque
2189 2729 2392 2773 tribunus
2428 2729 2602 2792 praesidi
2639 2728 2866 2786 epistolam
2896 2728 2924 2774 ii

1695 2803 1810 2846 hunc
1833 2803 2005 2851 modun)
2031 2802 2144 2857 (Act.
2171 2803 2316 2860 xxiii)
2336 2817 2352 2844 ι
2376 2802 2436 2846 Ct.
2445 2816 2594 2848 tumus
2610 2803 2759 2866 Lysias
2779 2805 2924 2861 optinu

1696 2889 1820 2933 pices:
1813 2876 1888 2927 di,
1914 2875 2059 2940 Fame:
2080 2877 2277 2921 salntem.
2301 2875 2420 2926 »Nec
2447 2875 2792 2932 servavitquod
2784 2891 2826 2919 m
2849 2877 2918 2933 cpi

1697 2951 1821 2994 stolis
1857 2950 2027 2994 nostris.
2062 2962 2303 2995 servamus.
2342 2949 2436 3003 Non
2475 2951 2587 2994 enim
2626 2949 2924 3002 excellentioris

1696 3035 1892 3085 personae
1933 3024 2142 3079 praemisit
2175 3036 2352 3081 nornen,
2391 3023 2479 3068 imo
2516 3036 2673 3071 nomen
2696 3036 2839 3084 suum,
2865 3036 2924 3080 qu

1696 3103 1789 3140 erat
1828 3096 2023 3140 interior
2034 3108 2218 3153 persona
2253 3095 2449 3158 piaeside
2482 3095 2636 3159 Postta
2669 3096 2870 3154 exposuit
2894 3095 2924 3140 ii

1697 3167 1878 3223 epistola
1903 3180 2079 3212 causam
2112 3170 2406 3217 accusationis
2439 3167 2579 3219 Pauli,
2604 3175 2647 3211 et
2678 3168 2924 3218 medanae

1696 3242 1892 3284 ordinem
1937 3243 2137 3286 actionis.
2190 3229 2387 3298 Cumque
2433 3241 2653 3290 venissent
2698 3240 2924 3297 Caesareau

1697 3314 1838 3356 nuntii
1865 3326 1962 3356 cum
1994 3314 2147 3368 Paulo,
2181 3314 2340 3358 tradita
2379 3300 2560 3369 epistola
2598 3313 2770 3368 praesidi
2802 3303 2922 3357 statu

1698 3384 2014 3430 eruutl’aulum
2036 3395 2263 3440 antceum,
2279 3393 2321 3430 et
2339 3387 2519 3442 epistota
2538 3387 2744 3441 perlecta,
2767 3386 2924 3452 cogniti

1697 3452 1810 3526 qnod
1833 3470 1947 3503 esset
1963 3460 2016 3503 dt²
2037 3449 2205 3508 Cilicia,
2229 3461 2486 3515 aitpraeses:
2513 3473 2526 3499 ι
2558 3458 2740 3501 Audiam
2770 3463 2810 3502 tc
2839 3470 2920 3502 cun

1696 3538 1973 3576 accusatores
1997 3532 2057 3576 tui
2079 3534 2293 3583 tencrint,
2315 3538 2358 3576 et
2379 3532 2512 3588 jussit
2537 3544 2633 3576 enm
2658 3531 2863 3574 custodiri
2896 3531 2920 3573 ii

1697 3604 1897 3659 praetorio
1933 3598 2128 3655 liei-odis.
2160 3619 2175 3645 ι
2211 3602 2316 3647 Post
2346 3604 2537 3660 quinque
2574 3610 2715 3646 antem
2750 3602 2842 3666 dies
2863 3601 2916 3664 de

1697 3666 2082 3735 scenditpriuceps
2120 3679 2388 3745 sacerdotum
2434 3679 2545 3736 (Αει.
2574 3678 2693 3733 xxiv)
2730 3677 2919 3737 Aiianias

1696 3764 1794 3794 cnm
1838 3751 2083 3794 senioribus
2105 3758 2143 3794 et
2169 3763 2267 3794 cuin
2299 3755 2474 3802 oratore
2511 3751 2695 3811 quodam
2730 3741 2921 3794 Tertullo

1696 3822 1769 3877 qni
1793 3828 1906 3864 essct
1947 3823 2187 3881 adsocatus
2206 3834 2373 3867 eorum.
2406 3821 2458 3864 Et
2486 3822 2701 3877 peroraxit'
2720 3820 2924 3865 Tertullo

1697 3899 1794 3938 ante
1813 3892 2014 3947 Felicem,
2039 3902 2080 3935 et
2106 3894 2311 3938 tumultis
2327 3895 2545 3937 accusarit
2569 3893 2762 3937 Paulum.
2785 3877 2924 3938 Poste

1697 3974 1912 4010 annuente
1952 3966 2451 4022 pr2nside‚1espondit
2493 3965 2663 4028 Paulus
2708 3949 2924 4020 ostendent

1696 4040 1797 4094 quia
1819 4040 1926 4081 nihil
1951 4040 2124 4094 dignuin
2149 4046 2286 4097 morte
2310 4040 2608 4090 commiserat,
2635 4026 2677 4082 et
2699 4038 2812 4096 quud
2845 4051 2917 4095 per

1699 4112 1882 4169 sequiln
1875 4120 1988 4154 ntur
2013 4126 2108 4155 enm
2129 4110 2264 4155 Judaei
2290 4124 2367 4168 pro
2401 4113 2596 4162 veritate,
2625 4113 2789 4156 scilicet
2802 4125 2916 4185 quoi

1698 4186 1958 4240 praedicabat
1997 4186 2373 4229 resurrectionem.
2407 4182 2457 4225 Et
2495 4188 2642 4238 audito
2679 4183 2794 4242 quod
2824 4197 2895 4237 ess

1698 4265 1926 4301 controvei
1931 4258 1993 4301 sia
2017 4258 2069 4301 de
2092 4259 2182 4319 lege
2202 4269 2276 4300 eoi
2281 4269 2370 4305 um
2388 4250 2698 4322 parvipendens
2718 4255 2831 4301 Felix
2851 4258 2910 4300 ait

1698 4331 1881 4375 Audiam
1922 4343 1998 4375 vos
2040 4341 2137 4374 cum
2178 4313 2376 4373 tribunus
2396 4318 2555 4386 Lysias
2585 4319 2904 4392 descenderit,

1697 4403 1829 4459 jussit
1869 4400 2051 4457 Paulum
2089 4414 2184 4467 esse
2210 4403 2255 4458 in
2280 4383 2431 4464 libera
2465 4401 2680 4458 custodia,
2700 4448 2705 4458 ,ι
2722 4406 2768 4443 ιιι
2791 4385 2914 4474 liber
