2924 4588
139 147 221 191 ⁷17
801 143 873 188 ns
902 139 1235 217 murmuro
1267 141 1686 190 namucum.
1718 166 1779 177 -
1804 142 1950 190 rans
1977 140 2030 189 u.
2624 142 2704 190 ἠε

137 241 280 286 clesiis
297 236 589 297 apostolorum
607 239 770 292 Romae,
789 246 832 284 et
850 253 1029 286 summae
1045 242 1162 288 sedis
1175 244 1381 303 episeopo
1404 251 1440 298 Α
1463 243 1655 289 scholam
1680 242 1901 288 Saxonum
1923 243 1978 288 ab
1999 243 2115 289 omni
2139 241 2301 288 tributo
2321 247 2364 288 et
2385 240 2544 287 telonio
2563 240 2708 287 absol?

135 314 368 370 delegavit;
389 320 432 358 et
465 314 528 358 sic
551 314 596 357 in
618 305 839 358 senectute
865 313 977 358 bona
999 316 1208 361 colleetus
1239 323 1306 362 est
1326 318 1380 362 ad

135 390 277 444 patres
310 399 428 438 suos,
450 399 627 444 regnum
659 393 776 431 certe
813 398 900 431 uon
933 389 1149 441 amittens,
1176 389 1251 434 sed
1285 403 1383 435 mu-

133 465 232 504 tans
250 474 261 502 :
282 459 514 514 temporale
536 459 756 509 deserens,
781 466 823 502 et
855 459 1100 516 adipiscens
1123 468 1348 506 aeternum.

187 530 333 576 cxlv.
364 530 502 586 Hujus
525 530 636 575 [ilius
660 531 740 574 suit
760 532 866 575 illud
889 533 1123 589 Anglorum
1148 535 1298 587 decus,
1315 549 1381 580 re-

131 617 235 661 gum
268 616 450 661 gemma,
481 604 687 647 virtutum
721 606 938 661 exemplar
961 607 1186 660 Alvredus,
1211 605 1379 653 caeteris

131 676 337 721 fratribus
378 678 470 722 suis
497 682 622 721 aetate
658 677 814 728 minor,
841 678 918 722 sed
958 681 1164 724 annosior
1199 682 1373 726 virtute.

132 748 253 794 Unde
287 763 311 792 a
332 755 454 806 patre
486 751 653 794 cunctis
685 749 893 795 fratribus
925 752 1022 807 plus
1057 753 1297 804 amabatur,
1322 754 1377 796 ob

129 835 298 866 morum
330 835 505 867 suorum
540 823 882 875 similitudinem,
919 830 964 867 et
987 825 1187 880 specialis
1227 826 1377 882 cujus-

127 892 228 937 dam
262 894 410 950 gratiae
443 893 739 949 privilegium,
776 906 871 949 quae
907 894 951 937 in
981 907 1032 938 eo
1065 895 1207 940 adhuc
1241 909 1375 953 puero

126 964 381 1021 mirabiliter
415 962 698 1019 refulgebant.
727 961 848 1006 Unde
873 976 969 1007 eum
1004 971 1141 1020 pater,
1165 978 1264 1010 cum
1299 967 1374 1010 ad-

125 1035 210 1080 buc
233 1036 438 1093 puerulus
460 1044 590 1088 esset,
612 1050 712 1081 cum
737 1038 884 1083 multis
902 1039 1127 1090 militibus,
1151 1040 1373 1084 maximis·

125 1124 208 1167 que
237 1111 430 1156 donariis
463 1110 646 1154 Romam
670 1111 803 1163 misit,
828 1118 875 1155 ut
909 1118 1158 1156 sanctorum
1193 1118 1375 1168 aposto-

125 1185 266 1229 lorum
283 1185 484 1240 precibus
507 1185 898 1236 commendaretur,
926 1191 968 1228 et
992 1197 1015 1227 a
1040 1196 1210 1229 summo
1233 1187 1375 1241 punti-

123 1256 202 1300 fice
234 1257 574 1301 benediceretur.
601 1256 866 1301 Venerabilis
897 1264 1039 1300 autem
1071 1248 1268 1319 summus
1300 1271 1372 1303 sa·

122 1328 275 1374 cerdos
311 1328 415 1381 Leo,
452 1329 526 1385 qui
563 1334 665 1372 tunc
702 1329 908 1374 Romanae
945 1329 1149 1373 Ecclesiae
1186 1330 1372 1386 praefuit,

121 1401 284 1444 vultum
319 1406 362 1444 et
392 1406 550 1444 statum
582 1401 701 1456 pueri
733 1401 1065 1456 contemplatus,
1112 1413 1212 1445 cum
1247 1402 1292 1445 iu
1321 1391 1372 1447 eo

120 1472 277 1515 divinae
299 1463 572 1528 praesentiam
606 1472 845 1528 majestatis
868 1473 1197 1517 scintillantium
1232 1474 1373 1518 virtu-

120 1551 211 1589 tum
248 1544 419 1589 indiciis
443 1546 760 1602 praesensisset,
799 1553 987 1602 tempus,
1023 1553 1066 1590 et
1098 1552 1269 1591 aetatem
1301 1561 1372 1593 re-

118 1605 276 1675 ssnandi
302 1619 427 1674 regiae
443 1618 660 1661 unctionis
683 1624 955 1663 sacramento
978 1620 1261 1675 praeveniens,
1285 1621 1372 1666 sic·

118 1698 165 1734 ut
202 1691 420 1747 quondam
461 1696 637 1735 sauctus
679 1689 854 1735 Samuel
889 1704 1069 1749 puerum
1104 1692 1269 1744 David,
1310 1695 1370 1737 ita

116 1775 214 1809 eum
237 1764 281 1807 in
303 1776 446 1820 regem
469 1763 770 1807 sanctissimus
797 1766 955 1820 praesul
975 1764 1250 1810 devotissime
1271 1778 1372 1811 con·

117 1837 316 1881 secravit.
342 1836 500 1882 Verum
527 1837 801 1892 postmodum
826 1849 923 1880 cum
947 1845 1069 1893 patre
1089 1837 1270 1881 Romam
1300 1851 1369 1884 re-

115 1916 282 1966 petens,
309 1916 586 1966 paternorum
610 1910 824 1954 bonorum
861 1910 907 1954 in
927 1911 1128 1956 ominbus
1162 1923 1369 1968 coopera-

115 1985 198 2028 tor,
221 1987 264 2025 et
288 1981 459 2038 adJutor
480 1994 577 2026 esse
601 1983 855 2037 promeruit.
882 1981 957 2026 Hic
979 1983 1033 2026 ab
1058 1983 1151 2039 ipsa
1174 1996 1282 2041 pene
1307 1985 1369 2029 in-

115 2054 250 2098 fantia
292 2066 372 2099 sua
407 2054 562 2111 legere,
590 2068 639 2098 ac
675 2055 843 2099 discere
881 2054 1006 2099 dulce
1041 2056 1208 2108 habuit,
1249 2058 1366 2101 circa

114 2127 321 2171 ecclesias
347 2127 565 2178 assiduus,
591 2129 635 2170 in
659 2128 928 2172 orationibus
962 2128 1359 2185 frequentissimuS,

114 2200 318 2245 obediens
345 2201 608 2257 parentibus,
635 2202 764 2245 sociis
790 2201 963 2245 humilis
994 2207 1036 2245 et
1072 2202 1266 2247 devotus.
1302 2202 1365 2246 lta

114 2273 404 2317 meditabatur
437 2274 482 2317 in
514 2279 638 2317 aetate
672 2274 844 2330 puerili,
877 2273 993 2330 quod
1023 2279 1154 2318 senex
1186 2275 1365 2319 devotus

114 2347 324 2402 impleret.
348 2346 541 2403 Denique
564 2347 794 2402 quamdam
818 2347 1060 2403 portionem
1084 2346 1298 2400 Psalterii,
1320 2349 1363 2395 in

113 2430 200 2475 qua
223 2419 408 2462 maxime
429 2418 739 2470 delectabatur,
763 2430 897 2475 parvo
919 2419 1135 2463 volumine
1159 2420 1365 2475 scriptam

113 2491 158 2535 in
179 2492 276 2536 sinu
296 2480 468 2549 semper
491 2491 836 2546 circumferebat,
861 2497 908 2534 ut
943 2493 1057 2548 quod
1079 2499 1228 2548 pectus
1261 2493 1366 2537 illud

113 2566 294 2610 interius
327 2563 586 2616 ruminabat,
623 2565 676 2607 ab
711 2561 936 2609 exteri-oris
970 2565 1157 2610 hominis
1192 2566 1260 2610 sui
1290 2579 1366 2623 pe-.-

111 2644 231 2683 ctore
247 2651 334 2682 non
358 2637 592 2682 recederet.
614 2636 722 2681 Cum
741 2649 840 2680 vero
857 2643 955 2694 post
979 2643 1161 2682 mortem
1181 2638 1363 2683 fratrum

110 2724 304 2763 suorum,
331 2723 429 2755 cum
462 2710 622 2767 quibus
655 2711 802 2767 aliquo
835 2717 1027 2768 tempore
1060 2714 1272 2768 regnavit,
1308 2713 1363 2757 ad

111 2800 208 2830 eum
234 2793 371 2830 totum
394 2797 573 2842 regnum
596 2784 870 2828 haereditario
888 2785 989 2839 jure
1018 2787 1263 2838 transisset,
1289 2800 1363 2831 su·

38 2860 40 2862 ’
110 2858 282 2902 blimior
305 2858 523 2907 omnibus,
547 2856 688 2899 sactus
707 2861 772 2900 est
797 2858 988 2899 omnium
1010 2869 1178 2909 servus,
1199 2863 1246 2900 ut
1267 2869 1364 2913 pos-

111 2938 176 2978 set
204 2933 347 2975 dicere
370 2943 466 2975 cum
499 2930 744 2985 Propheta:
772 2927 995 2972 Eaeatz-am's
1020 2937 1158 2972 autem
1191 2929 1358 2974 humitis

111 3012 221 3047 tatus
245 3017 353 3054 sum,
379 3008 418 3044 et
441 3000 708 3043 conturbatus
733 2998 872 3055 (Psal.
898 3011 1088 3050 cxxxvii,
1115 2997 1204 3056 16).
1228 2997 1290 3042 lta
1314 3011 1361 3044 se

37 3089 41 3092 ’
108 3076 232 3120 bonis
283 3074 535 3125 aniabilem‚
580 3072 722 3128 impiis
764 3072 1015 3123 terribilem,
1067 3071 1360 3118 Ecclesinmm

110 3150 318 3211 ministris
338 3147 558 3205 pavidum,
583 3146 733 3189 amicis
755 3152 797 3190 et
820 3147 949 3189 sociis
967 3146 1225 3201 jucundum,
1248 3160 1357 3204 pau-

56 3247 58 3249 ·
111 3223 286 3279 peribus
326 3221 489 3271 mitem,
524 3225 566 3262 et
599 3220 764 3274 largum
805 3219 1022 3271 exhibuit,
1055 3225 1101 3262 ut
1138 3220 1358 3265 videretur

111 3296 299 3338 oninium
334 3294 554 3336 hominum
585 3292 778 3335 moribus
812 3298 908 3347 apt-e
941 3304 1192 3347 congruere,
1219 3294 1359 3337 omni-

110 3368 191 3411 bus
227 3367 359 3417 utilis,
387 3378 435 3408 ac
470 3365 740 3409 necessarius
760 3377 877 3418 esse;
903 3371 945 3408 et
968 3365 1081 3420 quod
1106 3378 1223 3408 nuuc
1255 3379 1356 3410 raro

113 3659 150 3702 si
179 3673 220 3702 se
245 3660 289 3701 in
322 3672 444 3713 regno
469 3656 641 3705 Christi,
667 3669 774 3718 qiam¹
790 3663 851 3699 est
874 3656 1076 3708 Ecclesia,
1099 3671 1180 3700 non
1202 3671 1352 3713 reqem,

113 3734 182 3777 sed
203 3734 328 3776 civem
351 3737 592 3787 οορηοεεακ
619 3731 656 3773 ai
681 3743 762 3773 non
782 3730 824 3773 in
847 3729 1078 3773 sacerdotes
1103 3730 1257 3787 legibus
1279 3729 1356 3772 do—

52 3853 56 3856 ,
113 3805 304 3856 minetur,
328 3799 407 3857 sed}
423 3801 579 3846 Christi
600 3801 754 3856 leqibua
781 3814 885 3857 quas
902 3795 1267 3858 promnion-verunt
1285 3815 1355 3844 sa-

113 3878 311 3928 cerdotes,
335 3876 546 3920 humiliter
567 3874 831 3930 subjiciatur.
854 3873 1168 3919 permaximam
1201 3880 1354 3931 prsete-

116 3962 187 3994 rea
199 3961 353 3996 ,curam
378 3947 575 4005 gerebat,
600 3959 654 3991 ne
679 3958 702 3990 a
723 3946 1110 3992 vicecomitibuset
1142 3948 1353 3992 ministris

100 4013 320 4078 {pauperes
354 4021 717 4076 opprimerentur,
753 4025 795 4063 et
827 4018 1028 4065 indebitis
1054 4019 1352 4063 exactionibus

115 4100 407 4150 gravarentur.
439 4092 561 4137 Unde
589 4093 756 4136 celebre
788 4091 1043 4136 factumest
1078 4104 1235 4151 nomen
1257 4093 1350 4149 ejus

114 4179 188 4222 per
211 4169 456 4211 universum
479 4166 642 4217 orbem,
665 4165 795 4209 etiam
817 4165 859 4208 in
884 4177 1038 4221 magna
1061 4167 1168 4209 urbe
1188 4165 1348 4220 Roma;

113 4238 210 4292 quia
250 4237 429 4282 donaria
467 4237 631 4286 multa,
670 4248 720 4278 ae
756 4235 1021 4293 largissimas
1056 4236 1350 4294 eleemosynas

114 4322 223 4364 saepe
243 4310 436 4353 mittebat
453 4308 755 4364 Apostolorum
777 4307 996 4362 Ecclesiis,
1015 4314 1058 4351 et
1079 4310 1162 4364 ipsi
1181 4322 1349 4353 summo

115 4382 313 4426 pontifici.
335 4381 538 4425 Summus
561 4393 662 4423 vero
680 4379 871 4437 pontifex
897 4387 1060 4423 tantam
1079 4381 1347 4426 devotionem

111 4461 327 4512 gratanter
349 4455 627 4512 amplectens,
655 4454 736 4510 piis
759 4455 853 4510 ejus
877 4454 1075 4512 precibus
1098 4455 1344 4508 inclinatus,

1461 317 1539 368 vit,
1564 315 1639 361 sed
1661 323 1704 360 et
1724 316 1903 359 donaria
1924 316 2124 372 plurima,
2154 316 2330 372 insuper
2351 320 2395 359 et
2415 319 2580 371 partem
2602 314 2708 371 ligni

1461 387 1674 434 Dominici
1714 388 1806 445 regi
1842 388 2096 433 transmisit.
2138 389 2327 433 Audiens
2366 393 2508 432 autem
2550 387 2709 431 samam

1460 461 1555 517 ejus
1577 459 2228 518 lerosolymitanuspatriarcha
2273 462 2364 516 ipse
2385 472 2527 516 regem
2551 459 2712 516 pretio-

1460 535 1519 578 sis
1542 533 1681 578 xeniis
1715 534 1971 578 muneravit.
2001 533 2113 579 Sane
2144 534 2271 590 399
2296 534 2347 578 de
2379 546 2525 577 annuo
2555 545 2704 587 censu,

1458 607 1531 663 qui
1548 607 1588 650 ei
1604 607 1885 662 pendebatur,
1901 605 2141 661 justissima
2158 606 2460 650 distributione
2477 606 2704 659 ordinavit,

1456 679 1514 722 ita
1530 685 1576 722 ut
1594 692 1695 736 pars
1722 680 1848 724 tertia
1873 679 2129 723 bellatorum
2155 680 2435 735 deputaretur
2461 679 2705 735 stipendiis,

1455 765 1556 808 pars
1578 755 1704 796 tertia
1739 754 1784 796 in'
1809 753 2053 797 mercedem
2075 752 2285 808 principis
2316 752 2581 806 redderetur,
2605 764 2707 811 pars

1456 824 1581 867 tertia
1602 824 1731 880 regiis
1760 824 2028 876 muneribus,
2048 836 2142 880 quae
2158 823 2557 869 munificentissime
2578 825 2707 868 adve-

1454 896 1674 941 nientibus
1686 903 1773 940 tam
1792 896 2013 950 divitibus,
2025 909 2152 954 quam
2168 897 2429 953 pauperibus
2442 897 2588 953 largiri
2602 909 2707 941 con-

1453 975 1670 1021 sueverat,
1683 977 1942 1014 servaretur.
1956 969 2048 1014 Rex
2060 971 2190 1026 igitur
2204 969 2416 1014 Alvredus
2427 983 2525 1014 cum
2535 982 2708 1026 regnas-

1452 1046 1517 1086 set
1531 1042 1657 1087 annis
1669 1043 1820 1098 viginti
1834 1055 2005 1093 novem,
2019 1048 2061 1086 et
2073 1043 2291 1089 mensibus
2305 1054 2396 1095 sex,
2406 1055 2458 1086 ex
2473 1053 2603 1099 regno
2616 1049 2705 1087 ter-

1450 1115 1618 1171 rendad
1630 1127 1810 1171 regnum
1823 1115 1998 1160 coeleste
2009 1116 2271 1160 transcendit
2280 1114 2553 1167 ,Edwardum
2569 1114 2706 1160 tilium

1451 1200 1577 1232 suum
1597 1188 1720 1245 regni
1747 1200 2003 1245 morumque
2015 1200 2191 1233 suorum
2205 1188 2451 1244 relinquens
2471 1188 2700 1234 haeredem.

1506 1258 1632 1304 CXV.
1666 1259 1771 1303 Erat
1806 1267 1950 1305 autem
1995 1262 2038 1304 in
2079 1260 2258 1304 scientia
2302 1261 2542 1304 litterarum
2579 1267 2705 1318 patre

1401 1326 1435 1370 Β
1456 1333 1616 1384 minor,
1647 1334 1876 1377 sanctitate
1907 1346 2010 1378 vero
2049 1346 2136 1378 non
2172 1334 2355 1377 multum
2396 1333 2590 1385 inferior,
2626 1333 2704 1378 sed

1455 1405 1654 1461 superior
1692 1410 1922 1461 potestate.
1965 1405 2097 1449 Multo
2124 1407 2239 1450 enim
2264 1404 2392 1448 latius
2415 1405 2537 1461 regni
2561 1405 2628 1449 sui
2652 1406 2702 1449 fi·-

1453 1490 1531 1522 nes
1570 1491 1698 1534 quam
1739 1485 1862 1534 pater
1897 1479 2108 1530 dilatavit,
2151 1478 2282 1523 urbes
2320 1490 2454 1523 noras
2490 1478 2699 1532 condidit,

1452 1549 1621 1595 dirutas
1649 1551 1889 1596 renovavit.
1924 1550 2230 1607 lmpiissimam
2263 1550 2478 1596 Dacorum
2512 1557 2698 1608 gentem,

1452 1634 1581 1676 quam
1608 1627 1732 1677 pater
1766 1622 1861 1678 ejus
1896 1635 1984 1665 non
2019 1623 2253 1678 repulerat,
2283 1624 2563 1668 rebellantem
2598 1625 2699 1678 sibi,

1450 1695 1601 1739 multis
1637 1696 1870 1739 contritam
1908 1696 2068 1752 praeliis
2104 1697 2172 1740 vel
2209 1696 2376 1754 fugavit
2409 1700 2596 1754 penitus,
2632 1699 2701 1743 vel

1451 1767 1611 1812 misera
1642 1770 1850 1813 servitute
1877 1771 2151 1828 compressit,
2196 1776 2239 1814 et
2274 1776 2408 1815 totam
2451 1772 2603 1816 insulae
2635 1771 2700 1816 fa·

1450 1839 1560 1882 ciem
1586 1840 1630 1883 in
1666 1840 1889 1896 antiquam
1918 1840 2254 1902 pulchritudinis
2278 1844 2464 1899 speciem
2490 1843 2699 1889 reforma-

1448 1912 1526 1957 vit.
1546 1912 1682 1957 Tanta
1703 1914 1858 1958 debinc
1883 1915 2092 1959 modestia
2114 1916 2336 1971 regnabat,
2362 1904 2556 1962 subditos
2581 1925 2698 1965 tanta

1445 1986 1618 2042 ⁸iustitia
1652 1987 1766 2031 inter
1805 1987 2050 2043 proximum
2087 1994 2128 2032 et
2165 1990 2406 2044 proximum
2442 1990 2693 2046 judicabat,

1450 2065 1670 2103 utcontra
1699 2061 1923 2105 veritatem
1958 2073 2046 2104 non
2086 2060 2184 2105 dico
2220 2062 2328 2105 nihil
2361 2063 2484 2117 velle,
2516 2064 2591 2107 sed
2616 2076 2697 2109 nec

1448 2146 1577 2189 posse
1612 2134 1775 2190 aliquid
1813 2135 2049 2179 videretur.
2098 2134 2220 2180 Unde
2258 2136 2396 2180 fertur
2437 2137 2697 2193 quibusdam

1447 2207 1586 2251 iratus
1611 2207 1773 2252 dixisse
1805 2224 1814 2250 ε
1853 2208 1958 2252 Dico
1980 2209 2110 2259 vobis,
2147 2209 2182 2251 si
2205 2223 2383 2265 possem,
2408 2212 2533 2255 vicem
2555 2211 2696 2255 reddi·
2738 2259 2740 2261 μ

1445 2279 1614 2324 dissent.
1646 2279 1757 2333 Quid
1778 2293 1865 2324 non
1888 2287 2035 2337 posset
2070 2295 2146 2328 rex
2171 2284 2216 2327 in
2239 2284 2448 2331 subditos.
2492 2285 2694 2330 dominus

1446 2352 1491 2395 in
1515 2364 1680 2404 servos,
1707 2359 1858 2410 potens
1894 2353 1939 2397 in
1970 2352 2183 2407 infirmos,
2218 2355 2304 2398 dux
2335 2356 2378 2399 in
2401 2356 2584 2401 milites?
2610 2356 2695 2403 Sed

1446 2425 1657 2481 quidquid
1683 2438 1769 2470 non
1801 2426 1992 2470 dictabat
2019 2429 2216 2484 aequitas,
2253 2429 2461 2486 quidquid
2485 2443 2569 2473 non
2595 2443 2694 2486 per·

1449 2499 1645 2542 mittebat
1677 2500 1880 2556 Justitia,
1939 2501 2150 2558 quidquid
2186 2503 2355 2546 veritati
2392 2504 2690 2560 repugnabat,

1443 2572 1655 2628 quidquid
1679 2574 2239 2633 regiam³mansuetudinem
2262 2590 2349 2620 non
2373 2578 2565 2630 decebat,
2608 2579 2692 2623 sibi

1444 2645 1645 2694 credebat
1669 2646 1949 2702 impossibile.
1969 2647 2064 2704 ipse
2084 2661 2243 2692 novum
2267 2652 2575 2699 monasterium
2598 2652 2692 2698 sun-

1443 2713 1586 2766 dra-it,
1621 2721 1663 2759 et
1696 2723 1833 2760 mater
1872 2717 1965 2772 ejus
2002 2719 2274 2762 sanctissima
2315 2719 2473 2764 semina
2508 2721 2689 2767 Eli‘wiba

1442 2787 1755 2831 monasterium
1779 2788 1992 2844 virginum
2012 2789 2058 2833 in
2075 2791 2222 2835 eadem
2240 2792 2410 2837 civitate
2428 2794 2685 2844 construxit.

1443 2858 1560 2901 Vixit
1591 2867 1735 2905 autem
1763 2860 1856 2906 Rex
1891 2862 2129 2908 Edwardus
2167 2865 2212 2908 in
2240 2878 2374 2923 regno
2403 2867 2556 2923 viginti
2580 2881 2688 2924 qua·

1442 2939 1539 2976 tuor
1559 2935 1706 2998 annis,
1735 2942 1778 2978 et
1809 2937 1959 2992 genuit
1994 2935 2105 2982 tilios
2139 2943 2181 2987 et
2206 2937 2315 2988 {ilias
2338 2952 2388 2984 ex
2417 2941 2685 2990 nobilissima

1443 3004 1599 3048 femina
1625 3006 1802 3052 Edwina
1828 3023 1837 3051 :
1878 3008 2012 3053 tilium
2041 3022 2167 3058 suum
2201 3011 2533 3072 primogenitum
2559 3014 2686 3060 Ebel-

1440 3082 1625 3122 stamum
1645 3092 1697 3123 ex
1721 3082 1867 3136 regina
1890 3080 2100 3139 Edguina,
2127 3083 2370 3137 Edwinum,
2391 3086 2681 3143 Edmundum,

1438 3149 1651 3195 Edredum
1668 3185 1679 3204 ,
1702 3161 1744 3197 et
1763 3162 1948 3210 quatuor
1969 3155 2095 3209 filias,
2119 3170 2300 3214 quarum
2322 3159 2460 3218 prima
2481 3160 2682 3219 Edburga

1437 3224 1486 3271 in
1509 3224 1583 3268 Dei
1614 3239 1817 3282 ,sponsam
1849 3229 2023 3286 eligitur
2060 3236 2103 3274 et
2128 3239 2410 3279 consecratur
2433 3248 2444 3276 ε
2471 3235 2603 3283 altera
2628 3237 2681 3279 ab

1438 3299 1624 3344 Otthone
1658 3298 1951 3343 Romanorum
1989 3301 2246 3359 imperatore
2279 3304 2321 3346 iu
2360 3308 2680 3351 matrimonium

1437 3374 1624 3417 sumitur
1652 3386 1661 3415 ε
1698 3372 1824 3416 tertia
1847 3373 1901 3415 ad
1921 3372 2122 3416 Carolum
2151 3387 2291 3430 regem
2313 3375 2595 3431 Francorum,
2626 3381 2679 3424 ab

53 3475 56 3478 .
111 3440 325 3483 invenitur
361 3438 571 3485 interris,
606 3437 723 3479 illam
761 3437 990 3480 maximam
1029 3438 1141 3491 regis
1174 3437 1355 3481 credidit
1380 3455 1415 3498 D
1437 3458 1488 3488 00
1524 3445 1723 3491 ducenda
1760 3445 1999 3489 destinam„
2029 3459 2040 3493 :
2084 3453 2283 3502 quartam
2318 3461 2396 3497 rex
2431 3449 2679 3497 Nor‘haim·

83 3557 88 3561 ,
112 3512 376 3569 dignitatem.
401 3511 562 3554 nullam
594 3510 639 3553 in
672 3509 877 3554 Ecclesiis
900 3509 1060 3555 Christi
1088 3510 1246 3555 habere
1274 3523 1355 3567 po·-

49 3577 78 3594 ⁷
113 3590 326 3630 testatem.
367 3583 453 3627 Illa
485 3590 563 3635 est,
589 3583 745 3638 inquit,
780 3596 878 3641 vera
910 3583 1121 3639 reqnamis
1155 3583 1352 3640 dignitas,

1435 3518 1611 3563 brorum
1635 3519 1679 3562 in
1715 3519 2038 3567 matrimonium
2073 3521 2267 3569 sortitur,
2302 3520 2511 3572 Dormivit
2533 3533 2676 3571 autem

1437 3604 1534 3634 cum
1558 3592 1751 3648 patribus
1773 3594 1864 3637 suis
1890 3605 1965 3637 rex
1988 3593 2239 3647 Edwardus,
2266 3601 2308 3642 et
2330 3600 2522 3655 regnavit
2547 3601 2675 3646 Ebel-

1436 3671 1587 3708 stanus
1613 3663 1726 3708 tilius
1749 3664 1843 3719 eius
1866 3677 1943 3721 pro
1964 3677 2016 3708 eo
2056 3681 2066 3710 ε
2093 3667 2411 3725 Ambulavitque
2435 3672 2478 3714 in
2499 3674 2575 3717 viis
2598 3688 2674 3731 pa..

1436 3742 1550 3779 trum
1576 3748 1771 3786 suorum,
1796 3750 1877 3780 uon
1908 3732 2128 3784 declinavit
2161 3739 2215 3781 ad
2238 3739 2444 3797 dextram,
2470 3757 2596 3801 neque
2618 3750 2673 3792 ad

1433 3809 1647 3853 sinistram
1684 3806 1752 3864 (11
1770 3807 1873 3856 Par.
1893 3820 2024 3851 xxxiv
2042 3840 2053 3860 ,
2073 3807 2116 3865 2)
2139 3823 2149 3861 ;
2176 3811 2366 3858 eamdem
2391 3813 2503 3857 idem
2525 3817 2669 3872 fidem,

1434 3881 1477 3923 in
1512 3879 1710 3924 subditos
1746 3878 1947 3935 gratiam,
1980 3879 2094 3924 circa
2131 3879 2347 3927 Ecclesias
2383 3884 2668 3943 devotionem,

1432 3953 1548 3995 circa
1574 3963 1781 4007 pauperes
1802 3950 2158 4003 miseritam-diam,
2183 3953 2299 3996 circa
2322 3953 2397 3999 Dei
2423 3961 2668 4007 sacerdotes

1431 4026 1622 4069 retinens
1660 4023 1961 4069 reverentiam.
2003 4023 2110 4069 Cum
2151 4031 2291 4070 autem
2329 4028 2506 4075 vixisset
2543 4035 2667 4079 annis

1432 4098 1617 4142 sedecim
1642 4102 1838 4140 mortuus
1861 4100 1942 4146 est,
1983 4103 2024 4142 et
2048 4100 2240 4153 regnavit
2263 4099 2514 4148 Edmuudus
2534 4101 2667 4150 frater

1430 4170 1523 4224 ejus
1547 4180 1624 4223 pro
1649 4180 1715 4212 eo.
1740 4166 1842 4210 Erat
1868 4172 2010 4211 autem
2031 4169 2166 4223 patris
2194 4170 2260 4215 sui
2285 4171 2480 4220 Edwardi
2507 4177 2549 4219 in
2574 4190 2667 4221 om·

1430 4242 1556 4286 nibus
1581 4240 1786 4291 imitator,
1822 4239 1942 4283 homo
1978 4241 2169 4296 simplex,
2204 4250 2244 4286 et
2279 4250 2663 4297 rectus,ec1imens

1431 4312 1559 4354 Deum
1586 4311 1692 4368 (Job
1729 4322 1760 4353 ιι
1777 4343 1787 4362 ,
1814 4311 1885 4368 5,),
1904 4315 1906 4318 ’
1923 4318 1964 4354 et
1987 4324 2123 4367 usque
2147 4314 2199 4357 ad
2224 4315 2350 4358 smem
2374 4317 2471 4360 vitae
2491 4330 2664 4372 perma-

1428 4398 1536 4429 nens
1560 4385 1604 4427 in
1625 4385 1869 4428 innocentia
1903 4396 1996 4429 sua.
2031 4383 2258 4431 Promotus
2289 4390 2456 4432 veroin
2484 4403 2662 4446 regnum

1427 4463 1519 4504 zelo
1559 4458 1721 4501 zelatus
1755 4465 1821 4502 cst
1856 4472 1948 4514 pro
1972 4460 2132 4505 Ghristi
2173 4460 2269 4514 fide,
2308 4462 2521 4520 nimisque
2549 4478 2661 4524 aegre
