2924 4588
298 166 408 215 issa

1299 150 1463 204 rffl'm
1491 157 1840 203 coutzsrorus

2762 154 2865 204 ¹588

295 255 386 304 mm
427 257 747 306 sublimaret-is,
786 260 830 296 ut
865 251 993 297 etiam
1026 250 1245 295 invideant
1278 251 1352 291 tibi
1393 261 1544 295 onmes
1569 255 1602 297 Λ
1628 260 1758 295 mum.
1783 254 1826 290 et
1865 243 2064 302 sept-tivit>
2086 240 2304 293 Tiberium
2332 245 2583 298 honorilice,
2611 254 2651 291 et
2681 247 2777 303 ipsa
2801 248 2869 292 dio

297 333 424 378 amici
449 333 508 373 tui
537 336 579 373 ct
602 328 708 378 noti,
745 335 785 370 ct
810 329 864 371 όιι
901 324 983 368 hac
1014 323 1299 380 prosperitate
1324 322 1542 367 morieris.

296 407 545 460 relinquens
580 402 691 444 bona
718 406 791 442 tua
833 398 932 441 liliis
969 398 1070 442 tuis.
1111 397 1246 449 Quam
1281 395 1366 437 cito
1402 401 1543 437 autem

295 478 425 533 liujus
444 475 784 533 generis-litem
816 471 968 517 rideris
990 472 1174 527 amplius
1197 481 1329 524 super
1355 475 1413 518 tc,
1452 467 1543 511 scio

294 550 395 611 qnia
422 550 572 602 quinta
590 546 659 590 die
679 545 893 589 morieris.

294 623 396 668 Cu.
421 619 563 667 LVlll.
594 618 809 674 Quomodo
839 617 1038 661 liberatus
1060 623 1121 660 est
1143 615 1325 659 Herodes
1354 618 1391 656 in
1416 621 1544 656 nnn-:e

841 673 1010 717 Tiberii.

349 767 456 816 Cum
490 777 630 813 autem
678 771 792 811 esset
836 763 1025 808 lierodcs
1061 763 1103 807 in
1142 772 1331 811 carcere,
1378 761 1544 805 ‹lescro-

294 838 369 882 bat
395 839 434 883 ei
456 838 664 881 honorem
700 834 903 878 dominus
925 831 1132 880 carceris.
1155 831 1299 874 sciens
1324 842 1422 872 eum
1446 843 1543 873 esse

294 909 438 952 virum
477 907 684 956 nobilem,
709 910 752 948 et
779 903 1035 947 familiarem
1069 901 1181 954 Gaii,
1210 909 1252 945 et
1276 902 1536 951 sustinebat,

294 988 496 1038 tanquam
511 982 733 1038 ignoraus,
748 978 907 1021 multas
926 976 1256 1034 commoditates
1277 977 1359 1020 sibi
1394 976 1484 1020 lieri
1499 977 1541 1019 in

294 1066 471 1097 carcere
497 1053 551 1095 ab
576 1050 730 1094 amicis
762 1049 870 1099 suis,
903 1054 944 1091 et
983 1047 1064 1091 suit
1095 1047 1139 1090 in
1166 1059 1342 1091 carcere
1367 1059 1442 1102 pcr
1465 1059 1541 1090 sex

296 1139 487 1170 menses.
511 1124 667 1168 Postea
701 1135 799 1167 cum
835 1129 950 1166 esset
979 1119 1178 1165 Tiberius
1207 1120 1317 1176 apud
1337 1119 1539 1176 (lampas,

294 1199 427 1254 roepit
469 1197 678 1240 iulirmari
731 1194 981 1239 infirmitate
1022 1206 1108 1250 qua
1148 1199 1296 1248 postea
1343 1198 1541 1237 mortuus

293 1270 493 1315 cst.1?·tsi
525 1270 566 1312 in
591 1269 821 1312 Clironicis
860 1267 962 1311 alibi
1001 1267 1167 1323 legatur
1202 1271 1416 1315 mortuus,
1453 1278 1540 1310 non

295 1347 361 1388 est
398 1342 641 1386 curandum
678 1341 753 1385 ubi
781 1345 980 1383 mortuus
1011 1339 1082 1383 sit.
1106 1336 1270 1381 videns
1308 1344 1448 1381 autem
1494 1348 1541 1382 se

292 1416 571 1464 moriturum,
616 1414 871 1458 convocatis
923 1411 1141 1457 nobilibus
1178 1411 1346 1466 imperii
1391 1411 1460 1454 sui
1498 1416 1541 1453 et

294 1493 467 1536 duobus
505 1490 734 1546 nepotibus
768 1487 874 1532 Gaio
921 1493 962 1530 ct
1003 1485 1195 1536 Tiberio,
1232 1487 1400 1536 statuit,
1428 1485 1541 1530 utin

298 1563 495 1608 crastino
533 1562 815 1606 substitueret
840 1559 922 1604 sibi
959 1570 1273 1602 successorem.
1301 1555 1386 1600 Sed
1417 1557 1541 1613 prius

295 1635 433 1679 voluit
471 1634 701 1678 consulere
746 1636 931 1676 mentem
965 1630 1162 1681 deorum,
1195 1635 1237 1673 et
1266 1630 1407 1672 oravit
1436 1629 1540 1674 deos

294 1721 416 1758 suos,
437 1715 484 1751 ut
508 1706 758 1750 intimarent
782 1704 840 1754 ei,
866 1715 992 1757 quem
1018 1707 1220 1758 nepotum
1247 1714 1425 1746 suorum
1450 1702 1540 1746 vel·

293 1781 381 1823 lent
423 1779 460 1823 ei
488 1777 692 1823 substitui
729 1775 772 1818 in
811 1775 1018 1830 imperio,
1055 1772 1106 1815 Et
1145 1772 1296 1816 statuit
1335 1770 1448 1828 apud
1474 1783 1536 1824 se,

293 1851 478 1896 utillum
494 1851 565 1908 qui
594 1849 712 1906 prius
729 1848 894 1893 veniret
917 1847 967 1891 ad
993 1859 1093 1891 cum
1122 1846 1167 1890 in
1191 1845 1407 1898 crastino,
1432 1856 1536 1889 con·

293 1926 493 1972 stitucrct
520 1925 838 1977 imperatorem,
864 1926 910 1964 ut
934 1923 990 1964 {ta
1017 1919 1140 1980 quasi
1163 1931 1240 1975 per
1271 1925 1431 1963 sortem
1457 1918 1539 1962 eli-

291 2006 427 2055 geret,
455 2003 496 2039 ct
527 2002 669 2038 tamen
701 1994 964 2049 significavit
986 1991 1177 2043 Tiberio,
1204 1999 1252 2036 ut
1276 1991 1398 2048 prior
1419 1990 1541 2036 veni·

292 2076 375 2115 ret,
402 2069 482 2123 Qui
515 2080 642 2112 mane
676 2069 815 2111 noluit
846 2066 995 2110 venire
1018 2066 1102 2110 nisi
1137 2078 1341 2122 pransus.
1366 2064 1538 2110 Etcum

292 2145 481 2188 mitteret
503 2142 700 2187 Tiberius
732 2142 906 2186 nuutios
926 2141 977 2184 ad
1004 2147 1186 2196 nepotes·
1208 2153 1328 2194 suos,
1356 2152 1443 2184 non
1468 2142 1538 2182 in-

295 2222 507 2262 venerunt
527 2216 611 2260 nisi
635 2215 804 2260 Gaium.
828 2214 877 2256 Et
903 2215 1019 2258 venit
1041 2212 1173 2257 Gaius
1197 2214 1315 2270 prior
1337 2214 1389 2256 ad
1409 2213 1543 2258 Tibe·

291 2292 419 2334 rium.
451 2290 586 2343 Quem
620 2289 771 2334 videns
795 2286 1013 2338 Tiberius,
1046 2286 1161 2330 flevit
1186 2298 1349 2337 amare,
1386 2286 1539 2330 dolens

293 2364 395 2420 quia
422 2363 530 2406 alter
554 2375 640 2406 non
673 2367 867 2412 venerat,
894 2373 1019 2417 quem
1051 2361 1218 2404 volebat
1256 2359 1536 2408 substituere.
1559 2388 1594 2434 c

293 2437 394 2492 quia
425 2435 619 2480 tenerius
648 2447 744 2478 cum
775 2434 997 2490 diligebat,
1031 2433 1106 2477 scd
1139 2433 1456 2477 dissimulabat.
1485 2432 1537 2477 Et

293 2511 467 2553 locutus
488 2514 553 2553 est
582 2508 634 2550 ad
660 2520 756 2551 eum
778 2506 1008 2550 Tiberius:
1032 2506 1129 2556 Fili,
1155 2513 1199 2549 tu
1225 2505 1432 2550 succedes
1454 2505 1537 2549 mi·

295 2582 337 2633 lii
361 2583 404 2626 in
425 2581 603 2636 irnperio
619 2596 630 2634 ;
649 2580 762 2636 quod
791 2580 935 2635 potius
951 2576 1188 2624 debebatur
1211 2577 1402 2630 Tiberio,
1431 2591 1538 2636 qua·

294 2655 331 2698 si
370 2648 475 2710 jure'
488 2653 776 2706 haereditario,
825 2661 1013 2710 tanquan
1043 2652 1131 2698 lilio
1155 2651 1245 2695 liiii.
1274 2651 1355 2698 Sed
1376 2665 1456 2711 ego
1473 2653 1538 2696 vi·-

298 2727 380 2773 deo
399 2733 442 2772 tc
461 2728 613 2771 utilem
641 2726 836 2782 imperio,
862 2730 903 2768 et
927 2726 1027 2769 nevi
1045 2727 1212 2770 mentes
1233 2726 1430 2772 deorum.
1455 2726 1538 2771 Ca-

296 2814 347 2846 ve
366 2814 468 2858 ergo
502 2813 558 2844 nc
590 2801 795 2844 molestes
819 2811 936 2850 eum,
962 2799 1038 2859 scd
1064 2811 1237 2856 semper
1259 2801 1418 2845 habeas
1438 2813 1535 2845 cum

294 2882 499 2928 tanquam
534 2871 727 2916 fratrem.
768 2870 938 2928 Satage,
982 2878 1029 2914 ut
1063 2873 1238 2930 nrgotia
1274 2874 1442 2931 imperii
1467 2887 1537 2919 sa-

296 2952 462 3003 pienter
479 2945 700 3001 disponas,
727 2950 767 2988 ct
787 2943 1014 2999 exsequias
1038 2942 1200 2988 funeris
1222 2947 1305 2989 mei
1328 2947 1536 3000 imperiali

295 3020 461 3064 bonore
487 3017 704 3075 perficias.
727 3016 794 3069 Et,
822 3019 1070 3062 convocatis
1101 3011 1336 3068 nobilibus,
1369 3019 1538 3063 denun-

295 3091 416 3135 tiavit
445 3104 540 3135 eum
569 3091 869 3145 imperatorem
911 3096 957 3135 et·
978 3096 1176 3134 mortuus
1194 3098 1276 3135 est.
1309 3091 1361 3135 Et
1391 3094 1535 3138 statim

296 3163 611 3218 aliquantulum
637 3160 828 3205 insonuit
852 3159 963 3203 lama
997 3162 1039 3203 in
1065 3160 1240 3205 civitate
1261 3159 1454 3206 Romana
1483 3165 1538 3208 de

296 3247 435 3282 morte
475 3234 656 3286 Tiberii,
688 3240 730 3278 et
765 3233 1080 3290 venitquidam
1117 3234 1331 3279 Hebraeus
1369 3236 1536 3281 amicus

295 3309 478 3355 liet-odis
503 3307 700 3364 Agrippae
722 3307 775 3351 ad
798 3319 1038 3359 carcerem,
1065 3313 1108 3351 ct
1123 3307 1332 3353 liebraice
1350 3309 1459 3353 dixit
1477 3312 1541 3355 ei:·

296 3387 489 3430 Mortuus
510 3388 578 3428 cst
602 3384 683 3427 leo.

351 3453 403 3502 Et
421 3458 552 3514 coepit
586 3456 774 3513 Agrippa
811 3456 1070 3500 mirabiliter
1102 3458 1327 3513 gratulari,
1352 3458 1460 3502 adeo
1486 3464 1533 3502 ut
1556 3457 1591 3501 D

293 3536 504 3589 quaereret
533 3531 586 3574 ab
611 3542 662 3573 eo
691 3529 894 3573 dominus
916 3530 1120 3579 carceris,
1146 3542 1242 3585 quae
1267 3536 1382 3574 essct
1400 3544 1531 3576 causa

293 3611 423 3648 tantae
454 3601 770 3647 exsultationis.
803 3600 855 3643 Et
883 3602 1113 3646 consessus
1135 3608 1217 3651 est,
1242 3602 1342 3658 quia
1373 3603 1446 3647 ille
1471 3604 1534 3647 si·

292 3678 569 3735 gnfficaverat
596 3675 635 3719 ei
659 3674 870 3718 Hebraice
902 3682 1082 3718 mortem
1110 3674 1286 3719 Tiberii.
1310 3675 1361 3719 Et
1385 3677 1531 3721 statim

292 3750 491 3794 dominus
517 3748 706 3791 carceris
732 3746 928 3790 liberavit
952 3748 1068 3798 eum,
1090 3754 1131 3790 et
1156 3749 1307 3791 statuit
1333 3747 1414 3791 sibi
1438 3749 1531 3791 col-

294 3819 512 3863 lateralem
550 3820 594 3862 in
629 3831 793 3862 mensa.
827 3817 873 3860 ln
909 3818 1102 3861 crastino
1139 3819 1428 3862 insonuerunt
1458 3812 1531 3864 alii

293 3904 512 3942 rumores,
561 3892 727 3935 scilicet
746 3892 860 3947 quod
914 3890 1115 3934 Tiberius
1154 3892 1447 3943 convaluerat,
1488 3899 1532 3936 et

294 3964 418 4006 tertia
444 3965 514 4007 die
540 3962 720 4006 Romam
744 3970 955 4008 venturus
979 3970 1087 4008 crat.
1120 3963 1241 4007 Tunc
1263 3966 1404 4021 arguit
1431 3978 1528 4010 eum

294 4036 495 4080 dominus
523 4036 727 4086 carceris,
761 4037 860 4090 quia
880 4036 1105 4091 deceperat
1134 4047 1249 4087 eum,
1276 4038 1452 4089 timens,
1479 4050 1533 4082 ne

294 4107 338 4150 in
361 4111 489 4162 caput
518 4106 612 4160 ejus
636 4106 912 4155 redundaret,
949 4106 1063 4162 ‹piod
1102 4107 1300 4150 liberavit
1337 4120 1452 4159 eum,
1488 4114 1533 4151 et

294 4178 549 4221 mirabiliter
573 4178 813 4221 verberavit
841 4189 957 4228 eum,
982 4184 1024 4221 et
1050 4179 1225 4222 retrusit
1248 4190 1345 4221 eum
1373 4179 1418 4222 in
1441 4190 1535 4222 car-

295 4261 453 4293 cerem.
473 4248 627 4293 Postea
650 4249 956 4293 increbuerunt
980 4251 1084 4294 certi
1110 4262 1306 4295 rumores
1327 4250 1380 4295 de
1395 4258 1533 4295 morte

296 4321 476 4374 Tiberii,
514 4329 558 4365 et
586 4322 893 4366 substitutione
923 4321 1033 4365 Gaii.
1062 4321 1113 4365 Et
1137 4323 1249 4367 venit
1278 4321 1411 4368 Gaius
1445 4321 1533 4368 no-

356 4459 445 4514 (76)
473 4459 707 4504 incidentia
732 4470 848 4529 sunt,
872 4466 914 4505 rt
932 4474 1014 4504 non
1037 4461 1086 4505 de
1104 4461 1270 4507 Bibliis.

1630 320 1764 362 voluit
1787 320 1972 363 liberare
1998 321 2247 375 Agrippam.
2274 321 2347 365 sed
2371 317 2616 364 dismasum
2641 319 2706 360 est
2728 319 2769 361 ei
2777 351 2788 374 ,
2814 332 2868 364 ne
2913 369 2924 379 ¹

1626 394 1849 437 videret-ut·
1874 394 1985 438 sacta
2008 393 2166 437 Tiberii
2186 392 2330 436 subito
2356 395 2398 434 in
2423 395 2597 436 irritum
2618 394 2727 435 velle
2746 404 2870 436 tero·

1625 478 1741 510 rare.
1771 466 1926 510 Postea
1955 480 2029 522 per
2053 471 2216 521 aliquot
2250 467 2342 510 dies
2367 466 2563 510 liberavit
2583 476 2698 516 eum,
2726 467 2767 508 el
2794 477 2869 508 su·

1626 539 1818 582 lilimavit
1843 552 1958 589 cum,
1998 534 2039 582 ct
2065 537 2180 582 dedit
2205 539 2243 582 ei
2271 536 2381 582 duas
2406 538 2676 582 tetrarchias.
2706 535 2871 583 seilicet

1626 611 1907 654 tetrarchiam
1937 611 2142 664 Philippi,
2163 611 2243 666 uui
2266 613 2360 652 erat
2387 610 2604 653 tetrarcha
2633 608 2871 660 lturaeaefflt
2904 607 2907 654 Ῑ

1624 680 1916 727 Traconitidis
1938 685 2142 738 regionis,
2155 688 2196 725 et
2208 683 2487 726 tetrarchiam
2501 682 2696 741 Arbilinae.
2717 682 2756 726 et
2789 681 2878 724 im-

1624 759 1768 816 posuit
1788 761 1826 807 ei
1847 757 2062 805 diadema,
2087 765 2130 799 ct
2150 757 2430 800 sublimatum
2465 755 2507 799 in
2532 766 2675 812 regem
2701 755 2871 800 remisit

1627 836 1668 876 in
1692 831 1902 880 sudu-am,
1925 838 1967 874 ct
2000 830 2248 874 inviderunt
2282 827 2321 872 ci
2341 842 2491 873 omnes
2510 829 2738 885 propinqui
2758 828 2877 884 ejus,

1622 909 1752 951 etiam
1787 918 1914 950 soror
1937 906 2034 960 ejus
2058 903 2284 955 llc‘rodias,
2316 912 2416 959 quae
2433 903 2636 954 miserata
2657 901 2735 943 suit
2755 900 2870 946 info-

1623 981 1712 1031 lrci,
1736 979 1865 1022 modo
1884 978 2041 1022 invidit
2062 976 2193 1026 sclici,
2222 976 2440 1033 praecipue
2462 975 2563 1030 quia
2589 974 2772 1018 habebat
2791 985 2876 1017 rto-r

1624 1067 1720 1096 men
1746 1053 1874 1108 regis,
1895 1052 1996 1107 quia
2017 1051 2082 1094 vir
2103 1062 2209 1094 suus
2233 1055 2327 1092 erat
2346 1050 2483 1103 major
2502 1052 2606 1090 natu
2630 1047 2759 1096 lilius,
2782 1045 2871 1090 Μία

1621 1126 1692 1181 gui
1714 1123 1916 1171 Herodis,
1954 1128 1996 1165 rt
2030 1133 2250 1176 nunquam
2275 1122 2431 1164 meruit
2448 1133 2521 1164 rex
2546 1120 2768 1176 appellari,
2793 1110 2877 1167 sed-

1622 1197 1857 1240 tetrarcba.
1895 1193 2205 1250 Persuadebat-
2235 1194 2382 1249 itaque
2419 1193 2512 1236 viro
2547 1204 2630 1237 suo
2651 1191 2706 1236 dc
2733 1191 2801 1236 die
2826 1191 2877 1234 in:

1621 1271 1751 1319 diem,
1779 1276 1825 1314 ut
1849 1269 1932 1313 iret
1957 1268 2138 1320 Romam
2170 1273 2213 1311 et
2237 1271 2453 1322 satageret
2481 1265 2684 1310 omnibus
2710 1263 2882 1316 modis,

1638 1350 1687 1386 ut
1710 1343 1791 1387 sibi
1831 1347 2101 1398 compararet
2144 1352 2299 1384 nornen
2331 1340 2460 1395 regis.
2487 1337 2542 1380 At
2567 1327 2647 1382 'nte
2684 1337 2876 1390 malebat.

1621 1426 1717 1458 esse
1750 1415 1792 1458 in
1817 1414 1920 1464 otio,
1947 1415 2047 1469 quia
2079 1412 2309 1468 opulentus
2331 1417 2441 1461 erat,
2468 1410 2582 1454 unde
2619 1422 2732 1466 saepe
2761 1421 2872 1452 uxor

1621 1491 1874 1543 exasperata
1900 1486 2070 1529 dicebat
2099 1500 2108 1527 :
2136 1483 2322 1528 Pet-eant
2345 1496 2451 1539 opes
2479 1489 2578 1535 tuae,
2603 1483 2704 1539 qnia
2731 1481 2871 1537 magis

1621 1560 1764 1616 diligis
1802 1570 1906 1614 opes
1938 1570 2066 1614 quam
2088 1557 2290 1610 bonores.
2323 1555 2515 1599 'landem
2540 1557 2677 1600 victus
2702 1555 2870 1600 instan-

1620 1634 1683 1684 tia
1707 1634 1857 1676 uxoris
1897 1633 1975 1676 ivit
1999 1632 2051 1675 ad
2080 1630 2231 1675 Gaium
2252 1643 2350 1675 cum
2377 1642 2533 1685 magno
2565 1634 2790 1686 apparatu,
2826 1634 2871 1671 ct

1623 1708 1716 1764 ipsa
1745 1718 1844 1750 cum
1877 1717 1945 1758 eu,
1979 1711 2023 1750 et
2051 1706 2310 1749 invenerunt
2335 1703 2492 1747 Gaium
2527 1702 2645 1749 Bais.
2677 1701 2899 1748 Herodes--

1626 1785 1769 1823 autem
1802 1779 2007 1834 Agrippa,
2039 1779 2114 1834 qui
2151 1790 2342 1834 praesens
2377 1782 2484 1828 crat,
2521 1777 2637 1832 quod
2672 1789 2756 1820 non
2789 1789 2869 1832 pro

1619 1850 1733 1895 bono
1750 1864 1831 1896 suo
1866 1851 2019 1903 issent,
2045 1851 2260 1908 disposuit
2283 1854 2344 1894 irc
2367 1857 2464 1906 post
2484 1861 2575 1901 eos,
2601 1849 2675 1893 scd
2699 1850 2864 1907 praemi-

1620 1926 1677 1970 sit
1700 1927 1904 1970 nuntium
1930 1926 2158 1982 quemdam
2185 1925 2439 1968 sainiliarem
2457 1935 2602 1975 suum,
2633 1931 2672 1968 et
2694 1920 2871 1982 amicis-

1620 1998 1778 2042 simum
1810 1995 1933 2049 Gaio,
1961 2010 2038 2054 per
2066 2010 2195 2053 quem
2232 1997 2391 2040 direxit
2423 1997 2647 2052 epistolam
2678 1993 2896 2046 Gaio‚iu'

1620 2084 1706 2130 qua
1721 2072 2044 2125 continebatur,
2068 2073 2170 2128 quia
2195 2070 2386 2115 Herodes
2405 2070 2624 2115 tetrarcha
2652 2071 2780 2115 etiam
2806 2071 2844 2115 vi
2859 2070 2894 2115 νζ

1619 2154 1744 2191 vente
1781 2146 1956 2190 Tiberio
1993 2145 2237 2188 firmaverat
2262 2143 2493 2200 amicitiam
2517 2155 2614 2187 cum
2639 2155 2740 2198 rege
2761 2140 2869 2187 Par,
2892 2190 2895 2194 Δ

1619 2216 1815 2269 thorum,
1839 2223 1888 2261 ut
1908 2221 2024 2261 esset
2042 2216 2216 2260 rebellis
2240 2215 2436 2259 Romano
2458 2215 2655 2272 imperio,
2675 2220 2716 2258 et
2735 2215 2777 2259 in
2802 2227 2870 2258 ar-

1619 2295 1871 2347 gumentum
1897 2290 2029 2344 hujus
2062 2290 2120 2333 rei
2153 2288 2412 2344 significavit
2435 2288 2492 2335 ei,
2526 2287 2626 2344 quia
2650 2287 2693 2330 in
2721 2288 2872 2331 civita·

1621 2364 1736 2407 tibus
1775 2363 1868 2407 suis
1896 2362 2079 2406 habebat
2112 2375 2248 2414 arma,
2282 2373 2378 2419 quae
2416 2361 2661 2407 sufficerent
2698 2369 2867 2420 septua-

1618 2436 1739 2495 ginta
1758 2437 1950 2481 millibus
1973 2443 2255 2480 armatorum.

1682 2529 1780 2574 Car.
1807 2528 1914 2573 th.
1942 2529 2063 2581 Quod
2085 2528 2215 2572 Gaius
2243 2529 2453 2572 inundarit
2479 2537 2661 2572 statuam
2686 2541 2807 2574 suant

2052 2586 2154 2641 eriyi
2179 2587 2219 2628 in
2248 2585 2431 2640 Templo.

1675 2659 1764 2717 (76)
1778 2658 1976 2715 Cumque
2000 2657 2188 2702 venisset
2206 2656 2398 2702 Herodes
2419 2658 2650 2708 tetrarcha,
2674 2666 2715 2702 et
2731 2658 2865 2703 llero·
2898 2649 2900 2654 ’

1618 2723 1713 2775 dias
1730 2742 1838 2774 uxor
1851 2741 1929 2774 sua
1942 2729 1994 2772 ad
2006 2728 2176 2779 Gaium,
2193 2733 2235 2772 et
2255 2730 2361 2772 satis
2371 2729 2608 2773 honorilice
2624 2730 2862 2786 accepisset

1618 2817 1711 2855 eos,
1734 2803 1984 2859 supervenit
2015 2803 2197 2846 nuntius
2228 2799 2413 2847 Herodis
2446 2802 2660 2859 Agrippas.
2685 2808 2727 2847 et
2760 2815 2860 2858 por·

1618 2875 1732 2918 rexit
1778 2873 2004 2930 epistolam
2043 2870 2151 2917 Gaio
2181 2885 2232 2917 ex
2258 2879 2396 2929 parte
2436 2873 2616 2920 Herodis
2647 2875 2857 2931 Agrippas.

1618 2945 1813 2991 Pei-lecta
1847 2945 2047 3001 epistola,
2090 2942 2222 2989 Gaius
2247 2945 2373 3002 quasi
2404 2945 2579 2990 aliunde
2621 2947 2856 3002 recipiens.

1618 3021 1749 3076 roepit
1774 3020 1990 3076 inquirere
2029 3019 2082 3062 de
2117 3024 2227 3063 statu
2254 3017 2436 3063 Herodis
2465 3018 2705 3066 tetrarchae,
2731 3023 2772 3060 et
2794 3018 2860 3059 in·
2896 3038 2904 3061 :2

1619 3098 1685 3136 ter
1707 3097 1869 3136 caetera
1915 3090 2116 3147 quaesivit
2146 3090 2200 3133 ab
2239 3102 2307 3142 eo,
2348 3096 2489 3132 utrum
2527 3089 2571 3132 in
2613 3089 2857 3133 civitatibus
2922 3132 2924 3140 ,

1618 3163 1711 3207 suis
1738 3168 1856 3206 tanta
1882 3164 2006 3219 copia
2040 3169 2156 3208 esset
2178 3174 2414 3214 armorum,
2435 3169 2640 3218 quantam
2667 3162 2758 3218 ipse
2781 3174 2858 3205 au·
2923 3143 2924 3158 ¹

1616 3237 1770 3288 dierat,
1811 3242 1854 3280 et
1876 3248 1962 3281 nou
1982 3237 2168 3293 negarit.
2194 3236 2244 3279 Et
2276 3242 2380 3279 tunc
2415 3236 2597 3279 credens
2614 3235 2763 3287 Gaius,
2784 3247 2886 3293 ves*

1616 3321 1712 3351 rum
1737 3321 1850 3360 esse,
1884 3309 1998 3365 quod
2024 3309 2342 3366 signiticaret-at
2377 3308 2416 3352 ei
2442 3307 2630 3352 llerodcs
2651 3306 2914 3386 Agrippa33‘

1619 3380 1825 3437 relegavit
1857 3393 1955 3425 eum
1986 3382 2027 3424 in
2052 3381 2266 3431 exsilium,
2306 3380 2428 3423 uxori
2459 3388 2599 3423 autem
2624 3391 2729 3428 suae,
2756 3380 2857 3435 quia
2910 3371 2914 3383 ’

1613 3461 1706 3498 erat
1742 3467 1867 3498 soror
1890 3453 2075 3498 Herodis
2098 3454 2311 3511 Agrippae,
2337 3465 2463 3508 quem
2495 3453 2679 3495 maxime
2707 3452 2853 3507 ‹finge—-
2880 3392 2904 3519 ἓ

1612 3527 1702 3578 bat,
1749 3527 1869 3573 dedit
1900 3529 2145 3572 libertatem
2167 3529 2391 3579 redeundi,
2414 3536 2460 3571 ut
2493 3528 2670 3572 baberet
2693 3535 2853 3572 terram
2868 3530 2903 3607 ᾗ

1612 3606 1752 3644 suam.
1787 3597 1882 3655 lpsa
1908 3604 2050 3644 autem
2088 3599 2291 3643 comitata
2319 3607 2384 3644 est
2408 3600 2548 3642 virum
2585 3600 2627 3642 in
2654 3599 2903 3650 exsilimus

1610 3672 1774 3734 dicens,
1801 3674 1903 3729 quia
1936 3686 2023 3718 non
2065 3674 2301 3719 dimitteret
2331 3687 2429 3719 cum
2466 3676 2507 3717 in
2547 3674 2757 3722 adversis.
2785 3674 2852 3718 cui
2883 3633 2903 3722 3

1609 3748 2011 3790 communicaverat
2035 3749 2080 3791 in
2109 3748 2349 3803 prosperis.
2375 3753 2418 3791 et
2448 3747 2660 3803 deportati
2686 3756 2786 3793 sunt
2809 3748 2852 3792 in
2880 3744 2895 3795 ‘a'

1610 3819 1805 3862 exsilium
1825 3818 2098 3875 Lugdunum,
2119 3821 2190 3863 ubi
2209 3827 2358 3877 postea
2377 3821 2679 3865 miserabiliter
2694 3821 2852 3865 iiiortui
2867 3830 2900 3915 ᾖς

1611 3897 1728 3936 sunt.
1754 3891 1806 3935 Et
1827 3892 2084 3938 deditGaius
2099 3893 2334 3946 Canticum,
2351 3907 2477 3950 quam
2495 3895 2703 3938 babuerat
2715 3893 2850 3938 Hero-
2888 3922 2894 3930 ›

1616 3963 1693 4007 des
1717 3968 1935 4008 tetrarcha
1974 3966 2131 4010 llorodi
2171 3968 2379 4022 Agrippae,
2407 3973 2450 4011 et
2485 3968 2543 4010 ita
2579 3966 2730 4009 babuit
2762 3971 2867 4010 tres-

1613 4037 1888 4091 tetrarchias.
1916 4037 2013 4080 Fuit
2044 4044 2189 4081 autem
2215 4037 2348 4082 Gaius
2375 4039 2416 4081 in
2442 4038 2567 4080 initio
2590 4037 2759 4093 imperii
2781 4037 2850 4081 su't
2879 4054 2896 4079 ·.

1610 4121 1686 4165 per
1711 4111 1927 4154 biennium
1964 4113 2070 4156 satis
2095 4120 2360 4164 mansuetus,
2386 4115 2538 4167 postea
2571 4111 2744 4153 evanuit
2773 4120 2907 4170 core—e

1609 4182 1705 4237 ejus
1737 4182 1779 4225 in
1809 4183 2054 4233 elationem,
2081 4186 2180 4227 etin
2207 4189 2368 4226 tantam
2397 4186 2593 4239 prorupit
2609 4180 2844 4229 vesaniam.
2876 4169 2905 4217 s¹

1611 4258 1658 4295 ut
1697 4253 1750 4296 ab
1787 4255 2001 4299 universis
2035 4256 2283 4300 hominibus
2308 4255 2476 4311 imperii
2511 4255 2576 4297 sui
2608 4253 2730 4296 vellet
2762 4249 2844 4295 coli
2884 4272 2887 4274 ·

1611 4326 1817 4383 tanquam
1850 4327 1974 4380 deus,
2014 4331 2056 4371 ct
2094 4329 2263 4372 dicebat
2296 4340 2342 4373 se
2371 4327 2547 4372 fratrem
2579 4336 2677 4371 esse
2709 4322 2826 4367 «lovis
2848 4351 2856 4382 3
2883 4330 2886 4332 ·
