2924 4588
237 168 325 213 ‘ns
539 178 568 214 Ο

243 324 419 383 operiri,
443 328 510 367 est
534 321 649 364 circa
671 329 819 362 curam
845 327 988 358 rerum
1008 321 1274 356 terrenarum
1299 309 1481 353 sollicite

244 395 461 452 occupari.
489 391 699 434 tna-uero
733 389 890 442 imago,
930 397 1025 441 quae
1041 385 1152 426 intra
1180 388 1260 432 est,
1284 379 1481 437 quamvis

244 470 286 512 ia
313 468 409 518 hoc,
435 463 550 521 quod
584 469 703 506 veste
728 459 960 516 pontificali
987 458 1196 507 induitur,
1219 456 1327 499 etad
1349 455 1482 496 altare

243 537 534 595 thymiamatis
556 533 786 577 oblationis
829 531 915 574 Deo
929 532 1153 573 incensum
1178 527 1317 578 offert,
1341 526 1480 581 ipsum

244 622 458 658 summum
483 606 748 653 sacerdotem
788 606 929 647 Aaron
956 603 1129 659 proprie
1151 600 1391 656 exprimere
1409 597 1485 641 de·

245 685 328 732 bet.
356 682 436 724 boc
461 688 601 723 tamen
630 679 672 721 in
701 678 811 726 loco,
837 683 878 718 et
904 675 1027 729 Juxta
1055 674 1166 715 hanc
1204 667 1484 727 significatio-

242 768 358 807 nem,
405 754 543 809 ipsum
587 751 715 795 etiam
765 748 939 803 Moysen
987 742 1362 799 contemplationis
1403 753 1485 796 pu-

244 831 360 876 ritati
384 830 427 872 in
449 830 617 871 interno
642 825 784 870 cordis
816 829 981 867 secreto
1007 828 1229 863 vacantem
1259 818 1485 874 designare

245 903 385 947 habet.
411 898 462 942 Et
484 899 537 942 de
561 899 639 941 hac
663 897 834 952 quidem
861 894 1046 948 imagine
1069 891 1296 947 diligenter
1316 894 1487 932 >notan--

249 973 351 1017 dum
374 976 466 1015 est:
492 969 592 1026 quia
617 968 687 1010 illa
723 966 857 1022 Moysi
883 966 1063 1006 formam
1086 974 1166 1006 nec
1210 962 1255 1005 in
1277 967 1396 1004 veste
1419 973 1487 1004 re-

245 1049 502 1102 praesentat,
533 1054 610 1085 nec
635 1041 679 1084 in
702 1040 825 1090 lacic,
852 1050 979 1094 quam
996 1036 1067 1079 illa
1089 1040 1367 1091 repraescntat
1387 1034 1489 1077 ima-

243 1132 311 1176 go,
337 1130 431 1174 quae
458 1123 578 1161 extra
604 1112 929 1157 tabernaculum
959 1110 1013 1154 ad
1052 1109 1277 1152 introitum
1310 1106 1488 1151 tentorii

243 1201 330 1245 est;
351 1191 451 1247 quia
474 1191 596 1245 longe
620 1188 750 1230 alium
764 1192 806 1230 et
831 1191 989 1229 statum
1029 1190 1071 1227 et
1098 1181 1347 1226 liabitumin
1373 1192 1489 1224 men·

244 1271 286 1308 te
310 1264 454 1313 habet,
497 1261 568 1318 qui
595 1260 637 1302 in
680 1259 831 1302 intimo
855 1257 999 1302 cordis
1026 1261 1192 1300 secreto
1223 1254 1488 1309 contempla-

1127 150 1294 195 amm
1322 143 1636 208 PnAEttONST
1643 138 1910 185 RA'rffists

245 247 522 300 saecularibus
559 249 782 296 vestibus,-
797 251 838 289 et
879 241 1204 295 communibus,
1221 237 1480 283 indumentis
1504 247 1540 291 A
1563 233 1796 282 humanus,
1821 240 1948 285 quem
1964 226 2018 278 >itt
2036 224 2190 269 eodem
2203 227 2332 280 opere
2370 223 2622 281 quaesivisti.
2646 221 2700 268 tn
2711 222 2809 271 ideo
2879 266 2883 276 .

1000 303 1002 305 ’
1562 306 1599 348 si
1630 303 1696 347 vis
1730 309 1776 346 ut
1809 300 1922 345 Deus
1952 304 2196 353 remuneret
2225 309 2336 354 opus
2359 303 2480 340 tuum
2498 329 2510 348 ,
2550 296 2666 353 quod
2699 295 2808 349 facin

1564 378 1632 422 sac
1675 383 1850 434 propter
1882 373 2041 428 Deum;
2075 371 2176 428 quia
2199 370 2243 414 id
2293 370 2434 415 solum
2477 371 2571 426 ipse
2607 381 2809 425 remune-
2879 390 2882 413 ·,

1562 462 1660 494 rare
1683 450 1827 501 habet,
1855 445 1971 503 quod
2006 450 2184 502 propter
2220 455 2267 487 se
2290 444 2432 487 solum
2471 441 2631 486 factum
2663 443 2806 489 videt:
2875 438 2883 472 '²

1564 522 1701 565 uthis
1737 518 1966 577 praesentia
2007 516 2083 561 Dei
2128 528 2294 559 merces
2332 517 2390 559 sit
2429 515 2476 558 in
2495 516 2808 568 retributione,

1563 595 1720 651 quibus
1742 605 1864 637 amor
1885 593 1980 647 ejus
1996 602 2135 646 ‘causa
2165 589 2245 632 suit
2275 589 2319 632 in
2349 590 2614 646 operatione.
2650 587 2811 652 Sed'sit
2879 576 2881 585 ¹

1563 669 1751 712 discreta
1774 667 1885 709 actio
1926 671 2024 718 tua;
2070 664 2173 719 quia
2194 663 2404 707 virtutum
2425 663 2618 706 omnium
2659 663 2810 713 modo·-

1564 753 1728 794 ramen,
1762 746 1805 784 et
1826 739 1951 795 quasi
1989 737 2210 780 munimen
2247 735 2462 792 quoddam
2499 735 2706 781 discretio
2741 741 2812 790 est

1565 821 1623 867 et,
1650 821 1695 858 ut
1724 815 1848 870 vulgo
1876 813 2050 866 dicitur,

1670 887 1800 931 Omne
1822 886 1930 942 quod
1966 893 2029 929 est
2055 885 2253 937 nimiam,
2276 886 2452 930 vertitur
2483 886 2525 929 in
2549 886 2710 931 vitium.

1565 960 1807 1006 Novissime
1844 958 2034 1010 studeas,
2078 964 2126 1002 ut
2169 958 2290 1002 firma
2323 966 2367 1003 et
2408 959 2575 1004 stabilis
2611 960 2669 1006 sit
2709 971 2808 1017 ope-

1567 1036 1680 1078 ratio
1703 1040 1801 1085 tua;
1842 1033 1944 1089 quia
1966 1032 2147 1089 nonqui
2167 1031 2333 1076 ‘feeerit
2358 1037 2402 1076 et
2444 1032 2695 1088 incoeperit,
2735 1031 2819 1079 sed

1569 1108 1641 1164 qui
1665 1106 1832 1156 fecerit,
1873 1114 1911 1149 et
1957 1106 2272 1160 perseveraverit
2314 1118 2444 1162 usque
2478 1107 2522 1147 in
2564 1109 2709 1161 finem,
2747 1106 2815 1150 hie

1567 1180 1707 1224 salvas
1732 1179 1809 1222 erit
1829 1177 2000 1236 (Marta.
2023 1191 2068 1229 x,
2086 1176 2177 1234 22).
2203 1176 2254 1221 Et
2271 1176 2368 1222 vide
2394 1189 2523 1233 quam
2550 1177 2816 1223 convenien-

1570 1259 1637 1298 ter
1659 1254 1725 1297 hae
1749 1252 1844 1296 duae
1865 1253 2048 1296 virtutes
2073 1251 2201 1295 simul
2233 1250 2396 1306 iuncta:
2412 1255 2529 1304 sunt,
2553 1250 2758 1294 discretio
2770 1253 2815 1295 et

244 1337 348 1379 tioni
373 1334 533 1378 insistit
556 1332 794 1375 coelestium
818 1336 861 1374 et
896 1335 1179 1380 oeternoritm;
1223 1339 1351 1384 quam
1392 1326 1489 1378 ille,
1517 1313 1782 1379 Btirmitas3
1825 1327 1926 1381 quia
1966 1335 2075 1380 opus
2115 1328 2237 1367 tuum
2259 1334 2488 1378 ⁴nunquam
2516 1323 2676 1379 poterit
2717 1334 2816 1368 esse

243 1407 316 1463 qui
342 1406 478 1449 turbis
503 1405 780 1462 popularibus
813 1402 1050 1453 admistus,
1096 1399 1367 1456 occupationi
1423 1401 1491 1442 in-

246 1480 381 1525 tendit
402 1484 673 1523 terrcnorum
695 1484 737 1520 et
758 1475 1073 1532 temporalium.
1109 1473 1234 1518 Foris
1268 1473 1435 1530 Moyses
1449 1478 1491 1516 et

245 1558 470 1598 cornutam
495 1550 644 1594 faciem
659 1561 780 1593 suam
791 1548 950 1604 populo
971 1552 1176 1601 ostentat,
1201 1551 1244 1589 et
1259 1545 1491 1588 indumen-

246 1632 291 1670 to
329 1636 407 1669 suo
433 1625 536 1667 nibil
578 1636 598 1666 a
625 1622 783 1679 populo
829 1622 988 1668 distat:
1032 1621 1135 1677 quia
1177 1618 1492 1676 quantumlibet

246 1700 428 1757 quisque
473 1703 648 1742 sanctus
693 1696 762 1747 sit,
810 1693 999 1750 qnandiu
1039 1699 1183 1736 tamen
1221 1697 1490 1736 terrenarum

247 1773 462 1816 actionum
487 1768 848 1813 sollicitudinibus
873 1767 1050 1818 insistit,
1074 1765 1203 1823 436
1220 1765 1344 1809 valde
1373 1763 1492 1808 estei

247 1843 431 1889 difficile.
457 1843 561 1899 quin
586 1848 705 1898 gerat
738 1846 779 1884 et
818 1841 862 1883 in
904 1846 1047 1882 mente
1083 1838 1236 1882 faciem
1261 1837 1305 1880 in
1346 1836 1491 1891 aliquo

246 1916 486 1967 bestialem,
511 1920 553 1959 et
577 1915 619 1957 in
632 1911 960 1957 conversatione
975 1911 1167 1954 habitum
1188 1910 1311 1965 juxta
1329 1907 1492 1964 aliquid

247 1990 511 2035 saecularem.
539 1987 620 2031 Sed
648 1988 765 2030 intus
796 1985 964 2043 Moyses
986 1990 1029 2028 ct
1067 1984 1111 2026 in
1147 1982 1344 2026 vestibus
1384 1994 1492 2037 pon-

247 2063 494 2113 tiiicalibus‚
521 2062 624 2104 etin
670 2060 779 2104 facie
802 2072 890 2103 non
934 2064 1114 2101 cornuta
1155 2057 1348 2109 videtum
1389 2055 1492 2111 quia

249 2135 420 2193 quando
465 2132 816 2189 contemplationi
869 2132 1069 2188 puritatis
1103 2129 1349 2173 medullitus
1384 2128 1492 2177 insi-

249 2209 404 2253 stimus
419 2240 430 2259 ,
459 2215 559 2251 tunc
579 2211 726 2251 nostra
751 2205 1080 2253 conversatione
1104 2203 1347 2256 sanctitatis
1366 2215 1493 2246 mua-

250 2279 354 2323 ditia
403 2284 570 2330 ornata,
607 2283 649 2322 et
690 2277 799 2321 facie
836 2277 1040 2328 revelata,
1087 2276 1265 2331 gloriam
1321 2274 1492 2321 Domini

251 2353 538 2409 speculamur,
579 2349 668 2394 lloc
712 2350 913 2406 itaquein
954 2350 1048 2393 loco
1066 2354 1107 2392 et
1141 2349 1213 2391 illa
1238 2347 1370 2404 Moysi
1389 2348 1494 2393 ima-

250 2437 320 2482 go,
363 2437 459 2484 quae
483 2424 588 2468 toris
622 2429 704 2476 est,
735 2423 932 2480 designat
966 2428 1243 2479 operantem
1281 2422 1353 2465 illa
1388 2430 1491 2466 vero

251 2510 345 2555 quae
386 2498 524 2549 intus,
565 2498 943 2553 contemplantem.
981 2493 1057 2539 Illa
1102 2495 1234 2540 vitam
1280 2496 1492 2550 activam;

250 2571 336 2616 ista
358 2570 747 2625 contemplativam.
768 2569 917 2613 Activa
934 2582 1106 2626 quoquc
1126 2569 1214 2613 vita
1229 2568 1384 2612 bifaria
1399 2574 1490 2614 est:

250 2644 349 2702 qnia
373 2650 414 2687 ct
434 2644 476 2687 in
501 2643 804 2700 praedicatione
836 2643 1052 2695 consistit,
1092 2644 1197 2687 etin
1228 2643 1492 2699 operatione.

251 2713 297 2759 ln
316 2715 616 2772 praedicatione
639 2714 847 2767 veritatis,
882 2721 924 2759 et
946 2715 993 2759 in
1039 2726 1170 2770 opere
1215 2714 1404 2759 virtutis,
1448 2712 1496 2758 ln

251 2789 554 2845 praedicatione
580 2788 631 2830 ad
650 2789 976 2833 instructionem
1003 2789 1173 2842 cordis;
1191 2788 1234 2831 in
1243 2788 1495 2845 operatione

251 2867 427 2918 propter
445 2862 686 2906 subsidium
710 2863 922 2918 corporis.
965 2860 1012 2906 ln
1050 2861 1356 2918 pradicatione
1378 2860 1499 2907 deni-,-

253 2923 353 2990 que,
383 2940 426 2977 ut
450 2938 664 2977 errantem
691 2935 937 2990 proximum
960 2934 1253 2987 instruamus3
1278 2935 1320 2977 in
1341 2945 1497 2990 opera-

253 3007 387 3058 tione,
429 3013 474 3049 ut
492 3006 587 3062 ejus
612 3006 854 3063 indigentiae
874 3019 1196 3056 succurramus.
1219 3006 1388 3052 idcirco
1424 3010 1498 3064 ju-

254 3071 327 3123 xta
351 3079 466 3122 illam
490 3078 623 3139 Moysi
653 3079 897 3136 imaginem,
925 3093 1019 3139 quae
1049 3080 1155 3125 soris
1174 3085 1258 3133 est,
1275 3087 1318 3125 et
1341 3082 1498 3138 praedi-

255 3151 369 3195 catio
394 3158 585 3203 notatur,
601 3158 642 3195 et
658 3153 866 3208 operatio.
890 3151 1145 3197 Praedicatio
1163 3154 1206 3197 in
1224 3154 1384 3205 verbis,
1401 3166 1497 3211 quae

256 3225 388 3280 dicit;
412 3227 525 3269 actio
546 3238 647 3273 vero
670 3219 747 3282 per
769 3227 929 3282 gradus
961 3228 1231 3283 exprimitur,
1268 3229 1342 3285 qui
1365 3242 1497 3286 supra

257 3300 352 3357 ejus
373 3307 500 3357 caput
522 3313 597 3357 per
622 3307 915 3345 transversum
939 3303 1067 3358 positi
1090 3308 1207 3347 sunt.

313 3373 476 3418 CLxx.
507 3374 587 3426 Qui
613 3375 816 3418 nimirum
844 3376 1003 3432 gradus
1040 3377 1136 3420 ideo
1154 3378 1343 3434 quinque
1367 3385 1493 3432 sunt,

260 3446 359 3502 qula
373 3447 560 3502 quinque
572 3448 727 3502 partita
745 3459 840 3492 esse
851 3448 976 3492 debet
998 3449 1108 3493 bona
1121 3452 1312 3506 operatio
1324 3458 1470 3496 nostra
1484 3469 1493 3497 :

261 3526 309 3562 ut
331 3522 387 3563 sit
423 3520 620 3563 videlicet
641 3522 767 3574 bona,
804 3529 1056 3577 spontanea,
1098 3537 1220 3580 pura,
1242 3526 1427 3571 discreta
1456 3534 1499 3572 ct

265 3593 401 3637 firma.
427 3592 491 3636 Sit
515 3595 646 3650 igitur
666 3594 795 3647 bona,
821 3609 875 3640 ne
893 3597 1034 3653 aliqua
1049 3598 1233 3655 alicujus
1246 3601 1419 3646 malitiae
1432 3601 1501 3647 faev

264 3678 331 3717 ce⁸
361 3675 677 3722 corrumpatur.
708 3666 772 3713 Sit
805 3659 1058 3724 spontanea,
1096 3677 1143 3715 ut
1182 3674 1423 3719 voluntario
1457 3683 1500 3720 et

265 3752 533 3794 nequaquam
557 3746 725 3783 extorto
749 3741 894 3786 animo
916 3750 1068 3799 agatur
1089 3760 1099 3787 :
1146 3746 1253 3788 nihil
1281 3748 1395 3791 enim
1422 3749 1499 3792 tibi

266 3813 455 3868 prodest,
480 3814 591 3868 qnod
615 3813 774 3857 bonum
797 3817 905 3872 agis,
929 3816 967 3878 si
991 3818 1150 3863 invitus
1194 3826 1236 3863 et
1261 3833 1357 3864 cum
1380 3835 1503 3866 mur-

268 3895 388 3926 mure
412 3885 529 3940 agis·,
566 3888 681 3942 quia,
702 3894 750 3931 ut
775 3889 949 3943 quidam
973 3891 1038 3933 vir
1061 3898 1240 3937 sanctus
1269 3893 1391 3946 dicit,
1426 3908 1503 3940 ne-

268 3968 338 3999 mo
385 3959 540 4001 'mx-itus
570 3959 866 4013 sacitbonum,
902 3965 1070 4010 etiamsi
1104 3967 1261 4011 bonum
1298 3969 1354 4011 sit
1386 3970 1506 4025 quod·

270 4028 386 4072 facit.
411 4028 555 4074 Tertio
596 4033 692 4076 vide
731 4036 912 4079 utactio
946 4044 1018 4080 tua
1047 4052 1153 4095 pura
1188 4041 1259 4094 sit,
1291 4048 1507 4097 quatenus

270 4101 366 4144 50⁰⁰
388 4114 488 4157 ³3³8
526 4105 734 4161 quidquid
772 4109 865 4164 agis
907 4113 1143 4163 ;utsolius
1179 4113 1336 4160 interni
1360 4116 1503 4173 inspe-

269 4176 401 4219 ctoris
438 4178 573 4222 oculis
602 4181 786 4234 placeas,
812 4183 1038 4241 ipsumque
1082 4188 1217 4231 solum
1259 4191 1401 4245 operis
1441 4192 1503 4236 tui

271 4249 442 4293 aflectes
465 4257 763 4304 inspectorem,
782 4267 910 4310 quem
941 4265 1166 4314 exspectas
1208 4269 1508 4306 remunerato·-

271 4331 376 4364 rem.
411 4319 456 4365 Si
489 4323 617 4371 cium,
660 4326 773 4381 quod
798 4327 1038 4380 absit,ideo
1055 4334 1248 4387 operaris
1270 4339 1314 4375 ut
1341 4335 1396 4378 ab
1433 4335 1507 4378 bo-

272 4394 460 4437 minibus
484 4395 684 4448 videaris,
718 4405 758 4442 et
792 4400 912 4444 visus
947 4403 1150 4457 lauderis,
1184 4407 1383 4460 recepisti
1415 4407 1502 4462 jam

274 4466 512 4510 mercedem
543 4474 685 4522 tuam;
721 4472 819 4528 quia
848 4486 1012 4521 meroes
1036 4477 1178 4534 operis
1202 4479 1261 4523 tui
1297 4479 1504 4525 favor-est

1570 1400 1759 1451 firmum,
1782 1398 1867 1443 nisi
1891 1397 2021 1441 suerit
2036 1397 2288 1442 discretum.
2316 1395 2371 1441 Ut
2388 1390 2566 1441 enimait
2590 1397 2720 1454 quis:

1737 1471 1899 1516 Arcum
1937 1471 1983 1516 ni
2005 1484 2137 1515 cesses
2161 1470 2341 1522 tendere,
2382 1471 2516 1514 lentus
2551 1473 2647 1515 erit.

2165 1543 2308 1603 (Ovio.
2343 1545 2466 1598 Her„
2492 1544 2605 1601 epist
2631 1557 2694 1598 tv,
2720 1543 2811 1603 90.)

1572 1637 1626 1681 Et
1650 1637 1761 1683 idem
1801 1637 1881 1681 ait:

1627 1710 1748 1764 Quod
1773 1715 1887 1754 caret
1913 1709 2077 1754 alterna
2102 1709 2256 1767 requie,
2278 1708 2469 1752 durabile
2503 1722 2585 1752 non
2601 1715 2691 1753 est:

1627 1767 1730 1811 Hoec
1754 1774 1921 1823 reparat
1945 1768 2066 1820 vires,
2090 1766 2281 1824 fessaque
2303 1769 2488 1811 mentera
2516 1766 2639 1810 levat.

2178 1899 2182 1902 ᾖ
2399 1838 2553 1898 (lbid.‚
2578 1839 2651 1892 87,
2668 1839 2760 1896 8⁸.)

1571 1914 1698 1967 Eece,
1736 1915 1829 1960 hoeo
1871 1920 1974 1960 sunt
1995 1914 2188 1971 quinq-ue
2232 1925 2390 1972 genera
2429 1914 2664 1966 actionum,
2708 1923 2817 1969 quas

1571 2000 1772 2034 exercere
1794 1988 1951 2034 debent
1998 1988 2151 2032 activi:
2196 1987 2391 2044 operatio
2426 1986 2628 2031 videlicet
2679 1986 2847 2038 bona,-

1572 2070 1830 2121 spontanea,
1856 2075 1982 2120 pura,
2018 2062 2207 2108 discreta
2250 2068 2293 2106 et
2336 2062 2475 2105 tirma.
2504 2060 2566 2105 De
2593 2060 2661 2105 bis
2697 2061 2820 2118 qutn-
2877 2058 2880 2059 ⁷

1572 2151 1660 2194 que
1703 2137 1941 2194 Apostolus
1989 2138 2253 2180 mentionem
2294 2134 2411 2185 tecit,
2458 2134 2632 2192 quando
2677 2134 2817 2180 dixit.-

1575 2210 1754 2255 Obsecro
1792 2223 1881 2262 vos,
1931 2209 2102 2266 fratres,
2124 2217 2173 2254 ut.
2195 2208 2424 2253 exhibeatis
2468 2218 2642 2263 corpora
2681 2214 2819 2252 vestra

1572 2286 1753 2330 hostiam
1777 2287 1989 2338 viventem,
2008 2293 2217 2337 sanctam,
2246 2285 2329 2330 Deo
2357 2285 2602 2341 placentem,
2629 2286 2820 2329 rationa-

1575 2359 1655 2403 bile
1698 2359 1940 2417 obsequium
1982 2366 2180 2411 vestram,
2214 2366 2255 2403 et
2273 2359 2399 2403 notite
2432 2356 2689 2414 conformari
2723 2357 2820 2402 huic

1573 2433 1726 2476 saecnto
1751 2430 1887 2488 (Rom.
1932 2443 2013 2480 xit,
2040 2431 2099 2486 1).
2145 2429 2410 2481 Exhibeatis,
2446 2430 2602 2486 inquit,
2637 2441 2820 2486 corpora

1572 2511 1718 2548 vestra
1764 2503 1946 2548 liostiam
1983 2505 2198 2548 viventem.
2249 2501 2400 2547 Hostia
2424 2503 2539 2547 enim
2561 2503 2819 2557 occiditur,

1574 2583 1623 2620 ut
1645 2577 1907 2621 immoletur.
1935 2574 2020 2620 Sed
2056 2575 2200 2620 hostia
2235 2577 2387 2620 vivens
2427 2580 2498 2621 'est
2538 2587 2699 2633 corpus
2739 2586 2820 2632 pro

1574 2647 1757 2699 Domino
1797 2647 2018 2692 afflictum.
2071 2647 2220 2692 Hostia
2263 2653 2332 2692 est
2368 2659 2528 2704 corpus
2589 2653 2818 2702 nostrum3
2866 2675 2870 2679 *

1573 2723 1676 2778 quia
1716 2721 1878 2765 avitiis
1907 2729 1974 2765 est
1998 2721 2328 2766 mortificatum.
2374 2719 2460 2766 Sed
2492 2721 2612 2766 addit
2645 2721 2816 2774 statim,

1574 2802 1617 2840 et
1634 2796 1755 2847 dicit,
1780 2802 1988 2840 sanctam.
2028 2794 2150 2838 Tunc
2169 2806 2357 2851 namque
2377 2807 2486 2851 opus
2509 2787 2707 2843 nostrum
2725 2806 2819 2839 sau-

1575 2875 1691 2912 ctum
1709 2874 1793 2920 est,
1837 2869 1873 2913 si
1893 2874 2094 2926 prompto
2136 2869 2281 2912 animo
2303 2876 2346 2913 et
2380 2870 2623 2913 voluntario
2651 2874 2819 2925 agatur.

1576 2943 1663 2988 Deo
1684 2945 1911 3000 placentem
1933 2956 1947 2986 .-
1969 2956 2071 2988 eece
2093 2944 2207 2988 actio
2244 2954 2377 3000 pura;
2410 2949 2515 2987 tunc
2532 2955 2718 3000 namque
2734 2942 2823 2988 Deo

1577 3018 1718 3075 placet
1739 3018 1855 3074 quod
1883 3018 1993 3075 agis,
2027 3017 2201 3074 quando
2224 3018 2307 3061 bac
2339 3017 2431 3062 sola
2469 3028 2601 3062 causa
2623 3018 2733 3074 agis,
2775 3021 2824 3062 ut

1577 3092 1616 3135 ei
1660 3092 1847 3148 placeas.
1874 3091 2138 3135 Rationabite
2173 3090 2411 3149 obsequium
2445 3099 2639 3135 vestrum.
2686 3090 2823 3136 Obse-

1577 3164 1727 3219 quium
1751 3170 1948 3208 nostmm
1985 3164 2241 3209 rationabile
2261 3173 2350 3216 est,
2393 3165 2566 3221 quando
2589 3177 2698 3223 opus
2743 3176 2825 3210 no-

1578 3243 1716 3282 strum
1739 3237 1974 3282 discretum
1996 3244 2078 3293 est.
2103 3236 2151 3282 ln
2184 3239 2467 3283 conclusione
2488 3251 2590 3284 vero
2613 3239 2746 3285 dicit:
2766 3238 2824 3284 Et

1579 3310 1707 3356 notite
1737 3311 1992 3368 conformari
2014 3312 2110 3355 huic
2132 3313 2285 3356 soeeulo
2305 3344 2318 3364 ,
2357 3312 2428 3357 ted
2472 3312 2760 3369 reformamini
2778 3313 2825 3358 itt

1579 3386 1763 3429 novitate
1787 3397 1932 3429 sensas
1957 3386 2095 3429 vestri.
2130 3385 2240 3431 Ecce
2257 3385 2441 3431 firmitas
2462 3386 2507 3429 in
2530 3387 2644 3430 bono
2673 3388 2821 3443 opere,

1580 3466 1623 3504 et
1652 3460 1912 3504 constantia.
1929 3458 2209 3503 Saecularium
2232 3471 2418 3515 namque
2442 3462 2708 3504 consuetudo
2731 3465 2821 3511 est,

1581 3532 1698 3590 quod
1720 3543 1829 3589 opus
1853 3531 2027 3587 quidem
2051 3531 2211 3575 benum
2246 3541 2558 3588 nonnunquam
2587 3531 2821 3584 inchoant,

2725 128 2806 179 :rs
2866 106 2875 187 Ῐ,

1580 3606 1758 3650 sednon
1777 3604 1850 3648 diu
1876 3606 1917 3647 in
1938 3616 1990 3648 eo
2012 3610 2315 3660 perseverant;
2340 3605 2441 3661 quia
2478 3604 2532 3648 ad
2550 3613 2708 3660 tempus
2733 3605 2826 3650 cre·
2858 3603 2861 3606 ’
2918 3614 2924 3622 “

1579 3678 1700 3730 dunt,
1722 3685 1762 3722 et
1784 3679 1829 3721 in
1851 3685 2031 3734 tempore
2066 3678 2306 3720 tentationis
2343 3676 2535 3721 recedunt
2568 3676 2687 3735 (Luc.
2722 3686 2820 3731 vm,

1581 3750 1684 3806 15).
1722 3747 1800 3792 Est
1833 3749 1964 3805 igitur
2014 3749 2363 3806 quinquepartita
2392 3750 2594 3807 ¹operatio
2645 3750 2822 3796 nostra:

1580 3823 1710 3874 bona,
1734 3828 1987 3878 spontanea,
2023 3834 2148 3879 pura,
2193 3824 2397 3874 discreta,
2430 3821 2630 3869 ettirma.
2673 3821 2790 3866 Bona
2810 3854 2822 3875 ,

1582 3909 1636 3940 ne
1659 3896 1843 3950 alicujus
1867 3896 2043 3939 malitiae
2060 3896 2263 3940 sordibus
2296 3896 2534 3952 polluatur;
2568 3895 2823 3952 spontanea,

1583 3983 1637 4014 ne
1675 3971 1811 4014 invito
1847 3977 1889 4014 et
1939 3975 2109 4014 extorto
2140 3970 2284 4014 animo
2307 3975 2488 4026 agatur;
2514 3981 2640 4025 pura,
2671 3980 2826 4026 neper

1583 4054 1678 4087 eam
1700 4041 1837 4095 favor,
1870 4049 1943 4087 aut
1965 4043 2312 4105 gratia-humana
2355 4043 2628 4098 requiratur-3
2662 4041 2829 4086 discre-
2865 4043 2874 4049 '

1583 4122 1644 4167 ta,
1678 4128 1733 4162 ne
1754 4128 1832 4171 per
1852 4117 2090 4165 nimietatis
2101 4115 2644 4175 vehementiaml'rangatur
2658 4114 2823 4171 farma,

1585 4203 1638 4234 ne
1659 4195 1757 4248 ante
1780 4190 1878 4234 vitae
1901 4190 2134 4236 terminum
2166 4190 2406 4234 deseratur.
2819 4195 2822 4198 ’

1640 4261 1819 4308 CLXXI.
1860 4262 1998 4316 Quam
2049 4264 2440 4321 quinquepartitam
2497 4263 2713 4306 actionem·
2762 4253 2825 4305 illi

1585 4335 1775 4391 quinque
1791 4336 2183 4392 gradusinnuunt,
2197 4336 2425 4393 quidsuprra
2447 4342 2577 4392 caput
2592 4333 2726 4391 Moysi
2746 4343 2826 4390 per

1587 4413 1880 4458 transversum
1905 4410 2030 4463 positi
2055 4409 2181 4465 437
2207 4406 2390 4454 ειιηπῑα
2417 4409 2558 4452 verbis
2581 4419 2682 4452 vero
2699 4407 2783 4451 illis
2808 4420 2820 4450 ε
2852 4419 2856 4423 ·

1587 4479 1844 4536 Prophetam-
1855 4481 2086 4526 suscitabat
2105 4481 2244 4542 (Dent.
2258 4494 2388 4536 xviii,
2407 4481 2670 4538 15),·nu1bus
2692 4481 2824 4525 laicos

2865 4548 2871 4578 t
