2924 4588
143 83 217 126 721

815 76 884 120 DE
916 75 1245 121 'rRlPAR‘rrro
1272 75 1694 124 TABERNACULO.
1726 105 1781 112 --
1810 40 1950 125 P'asss
1978 80 2029 125 11.

2624 83 2705 127 722

143 170 226 214 rusi
248 175 365 222 sunt,
400 166 763 226 perprovincias,
796 172 840 211 et
873 165 1076 222 dispersi,
1116 178 1204 211 non
1226 166 1384 217 ordini,
1413 169 1447 213 A
1468 167 1548 212 tris
1573 169 1639 211 sui
1685 169 1856 226 litigari,
1894 171 2022 215 homo
2065 176 2334 222 mansuetus,
2353 175 2395 214 et
2416 173 2528 227 pius,
2569 174 2706 229 magis

142 254 228 287 non
262 242 400 292 sexui,
439 253 530 284 non
563 240 680 284 aetati
716 247 958 295 parcentes,
992 251 1072 283 nee
1097 239 1155 284 ab
1179 239 1384 283 ecclesia-

141 326 253 367 rum,
267 313 334 357 vel
347 311 706 362 monasteriorum
720 310 874 363 sacris,
891 315 935 354 et
947 311 1206 356 sanctuariis
1229 323 1383 354 manus

141 385 374 441 sacrilegas
399 385 688 428 continentes.
729 381 895 436 Quibus
917 394 1014 426 cum
1037 394 1111 427 rex
1135 382 1384 426 strenuissi-

140 455 238 502 mus
261 456 504 511 Ebelredus-
521 456 753 504 restitisset
770 455 895 515 40],
921 458 1076 511 saepius
1092 488 1102 507 ‚
1142 457 1384 512 proditione

138 529 311 574 tandem
336 541 513 574 suorum
545 528 684 586 iactus
719 527 900 572 inferior
934 529 1126 583 reginam
1159 541 1257 573 cum
1279 519 1384 584 pue·-

138 604 245 648 rulis
275 603 376 647 filiis
414 603 510 647 suis
547 603 593 646 in
629 601 939 646 Normanniam
965 601 1111 652 misit,
1150 614 1260 657 quos
1291 603 1385 658 ipse

139 673 412 731 postmodum
433 681 590 719 exmus
618 686 751 731 regno
787 681 962 718 secutus
994 680 1076 718 est.
1103 672 1188 718 Sed
1212 673 1383 719 Suanus

139 747 280 791 Dacus
320 749 385 792 vel
424 748 565 791 subita
601 747 738 791 morte
774 753 1032 802 praeventus,
1068 747 1132 791 vel
1174 759 1196 789 a
1233 754 1388 794 sancto*

139 821 365 864 Edmundo
386 819 592 871 invisibili
616 831 743 875 poena
767 831 1017 874 percussus,
1057 830 1154 862 cum
1180 817 1292 873 apud
1317 818 1384 860 in-

138 891 255 939 feros
276 891 543 935 crudelitatis
569 902 658 934 suae
681 889 895 946 stipendia
919 891 1168 945 recepisset,
1202 903 1380 934 revoca-

137 964 284 1020 tus-ab
308 963 456 1019 Anglis
481 962 716 1006 Eheu-edus
742 962 862 1018 regni
887 961 1036 1008 infulis
1057 962 1313 1013 reinduitur,
1341 968 1382 1006 et

137 1036 293 1080 iterum
320 1043 470 1078 contra
506 1034 644 1078 Dacos
668 1034 826 1079 virtute
859 1040 1013 1090 potens
1035 1035 1232 1091 erigitur.
1269 1035 1383 1079 Con-

136 1114 202 1151 tra
226 1120 351 1164 quem
376 1107 542 1152 Cnutus
568 1107 679 1151 filius
713 1105 864 1158 Suani,
884 1119 955 1151 rex
985 1107 1212 1159 Dacorum,
1238 1112 1382 1163 pater-

134 1194 238 1224 num
261 1182 406 1224 odium
430 1193 630 1224 exercere
655 1193 743 1223 non
769 1179 909 1234 desiit.
941 1179 1175 1224 Ebelredus
1199 1193 1296 1224 cum
1318 1182 1382 1223 la-

1464 251 1569 294 pacc
1605 252 1734 294 quam
1761 243 1895 284 armis
1917 254 2094 298 regnum
2117 248 2362 299 protegens.
2387 241 2580 287 Habebat
2612 246 2705 289 ani·

1463 323 1580 353 mum
1606 313 1681 356 irae
1705 313 1924 365 victorem,
1947 320 2284 371 contemptorem
2317 315 2524 367 avaritiae,
2550 328 2704 372 exper-

1464 389 1548 426 tem
1581 385 1806 439 superbiae.
1834 385 1914 438 Qui
1940 399 2037 430 cum
2055 399 2202 443 pacem
2227 394 2314 431 tam
2333 400 2357 431 a
2379 389 2470 433 suis
2499 401 2627 444 quam
2651 390 2705 433 ab

1463 454 1680 497 extraneis
1711 454 1969 499 obtinuisset
1998 462 2041 499 et
2077 458 2230 501 vicinis
2265 459 2453 515 regibus,
2477 466 2519 503 et
2550 459 2710 515 princi·

1463 524 1588 581 pibus
1604 532 1752 581 gratus
1767 515 2018 579 exstitisset,
2045 536 2087 572 ct
2111 531 2322 582 amabilis,
2345 532 2490 588 dirigit
2526 535 2706 578 nuntios

1463 599 1517 642 ad
1563 598 1806 644 Romanum
1851 602 2154 657 imperatorem
2177 636 2188 656 ,
2221 617 2380 661 rogans
2418 612 2465 649 ut
2508 616 2706 663 nepotem

1463 672 1766 719 suum.riilium
1790 674 1955 718 scilicet
1977 674 2128 730 ,si-atris
2156 677 2224 720 sui
2247 677 2477 731 Edmundi,
2501 678 2705 723 Ferreum

1461 743 1609 796 Latus,
1646 746 1777 788 debiti
1810 746 1892 789 sibi
1930 748 2052 804 regni
2083 748 2272 792 futurum
2296 750 2505 795 haeredem
2537 752 2708 797 mittero

1461 817 1724 873 dignaretur.
1744 818 1980 874 imperator
1999 826 2143 865 autem
2167 823 2279 877 regis
2297 823 2471 866 nuntios
2487 829 2709 880 gratanter

1460 890 1678 945 excipiens
1711 903 1796 935 non
1842 905 1976 947 parvo
1995 898 2187 949 tempore
2218 906 2387 937 summo
2415 906 2513 938 cum
2545 895 2709 940 honore

1460 962 1657 1006 detinuit.
1685 963 1872 1007 Tandem
1896 965 2059 1021 paratis
2089 966 2286 1017 navibus,
2311 972 2353 1010 et
2377 967 2593 1020 omnibus,
2613 979 2710 1022 quae

1459 1033 1763 1087 navigantibus
1801 1037 2047 1080 necessaria
2070 1035 2342 1089 videbantur,
2364 1038 2510 1090 illatis,
2540 1038 2710 1081 Edwar-

1459 1104 1561 1148 dum
1583 1119 1679 1148 cum
1703 1119 1836 1150 uxore
1861 1120 1940 1151 sua
1965 1107 2146 1165 Agatha,
2170 1110 2360 1165 germani
2386 1109 2453 1154 sui
2474 1110 2577 1161 filia,
2602 1110 2710 1155 libe·

1460 1175 1608 1232 risque
1623 1176 1719 1232 ejus
1747 1176 1915 1232 Edgaro
1941 1177 2134 1234 Ebeling‚
2161 1179 2414 1235 Margareta,
2441 1186 2569 1237 atque
2583 1181 2709 1226 Chri-

134 1253 445 1304 boriosissime,
471 1252 548 1298 sed
572 1251 873 1296 strenuissime
897 1259 1119 1308 regnasset
1142 1253 1317 1308 triginta
1337 1258 1381 1296 et
1404 1249 1438 1293 B
1461 1249 1576 1293 stina
1608 1262 1705 1293 cum
1745 1263 1899 1306 magna
1935 1251 2087 1308 gloria,
2115 1264 2165 1294 ac
2185 1252 2348 1297 divitiis
2363 1285 2373 1305 ‚
2406 1254 2517 1298 sicut
2538 1267 2611 1298 rex
2635 1267 2710 1309 pe·

134 1331 294 1380 septem
337 1325 485 1376 annis,
526 1324 737 1368 Londonii
774 1324 894 1378 obiit,
934 1324 1205 1369 Edmundum
1247 1326 1379 1368 filium

134 1409 260 1441 suum
285 1397 446 1441 laboris
470 1404 514 1440 et
536 1398 654 1453 regui
679 1397 747 1441 sui
771 1397 1019 1453 relinquens
1043 1396 1269 1443 haeredem.
1299 1397 1381 1440 De-

131 1481 212 1513 cus
243 1468 430 1512 mirabili
462 1468 723 1520 fortitudini,
756 1468 967 1525 quidquid
1001 1469 1204 1522 dicerem,
1238 1469 1381 1514 minus

131 1545 279 1593 essen
319 1552 419 1584 nam
457 1541 512 1584 ob
550 1541 799 1585 invincibile
822 1541 955 1585 robur
973 1542 1189 1597 corporis,
1215 1540 1381 1585 Iseren-

131 1614 233 1670 syde
254 1612 476 1673 [In-side],
502 1613 544 1657 id
569 1620 634 1659 est
659 1613 788 1659 ferrei
824 1614 972 1658 lateris
1005 1626 1163 1658 nomen
1197 1616 1377 1671 accepit.

132 1686 302 1744 Sagitta
339 1686 434 1743 ejus
468 1699 679 1743 nunquam
710 1686 815 1731 abiit
851 1694 1098 1738 retrorsum,
1137 1691 1177 1729 et
1215 1685 1380 1742 gladius

135 1762 232 1816 ejus
255 1773 337 1804 non
358 1768 419 1804 est
443 1773 628 1803 reversus
651 1761 790 1804 inanis
816 1759 886 1818 (ΙΙ
910 1758 1011 1816 Βες).
1040 1771 1070 1812 ι,
1096 1759 1203 1817 22),;
1230 1765 1382 1803 contra

131 1834 280 1879 hostes
304 1834 486 1878 leoninae
512 1832 713 1886 feritatis,
741 1845 844 1890 erga
865 1845 972 1878 suos
993 1833 1250 1880 columbiuae
1273 1833 1380 1876 sim-

131 1907 337 1964 plicitatis
367 1923 377 1951 :
405 1920 491 1964 quo
514 1920 643 1952 nemo
666 1906 834 1958 fortior,
863 1907 1016 1963 quoin
1038 1906 1231 1950 adversis
1255 1917 1382 1950 nemo

130 1980 343 2033 securior,
370 1992 457 2037 quo
482 1981 526 2024 in
550 1980 773 2036 prosperis
796 1991 921 2024 nemo
943 1979 1266 2036 temperantior.

186 2054 366 2100 cxviii.
401 2054 536 2100 Porro
577 2054 701 2107 Dani,
741 2055 884 2110 etqui
929 2066 952 2097 a
995 2067 1095 2110 rege
1134 2053 1381 2097 defecerant

130 2130 256 2188 Angli
279 2131 467 2174 Cautum
492 2130 575 2174 sibi
611 2130 656 2172 in
698 2129 1115 2186 regemfelegerunu
1139 2128 1227 2172 ⁴sed
1271 2133 1382 2171 stre—

131 2203 368 2248 nuissimus
401 2215 477 2246 rex
515 2201 766 2246 Edmundus
792 2213 888 2244 cum
911 2199 1099 2244 exercitu
1143 2213 1237 2252 suo,
1270 2201 1381 2244 sicut

131 2277 198 2322 ico
231 2277 422 2334 rugiens,
445 2282 609 2320 terram
642 2275 875 2324 circuiens,
912 2275 1110 2330 regiones
1152 2274 1376 2330 plurimas,

128 2363 239 2408 quas
261 2355 545 2406 occupaverat
586 2348 753 2392 Cnutus
777 2347 822 2391 in
846 2347 1126 2398 deditionem,
1158 2348 1276 2390 nuilo
1298 2346 1380 2390 ob·-

129 2425 316 2470 sistente
343 2423 521 2479 recepit.
578 2422 772 2466 Mortuus
811 2428 879 2465 est
921 2420 1248 2465 strenuissimus
1305 2432 1382 2463 rex

133 2495 401 2546 Edmundus,
425 2495 527 2540 etin
543 2493 841 2550 Glastingcber
863 2505 960 2537 cum
986 2506 1066 2536 avo
1084 2504 1164 2537 suo
1177 2492 1381 2548 sepelitur

131 2565 316 2623 Erigaro.
341 2566 502 2611 Volens
543 2566 699 2611 deinde
721 2566 824 2609 emit
846 2570 934 2608 tam
959 2565 1115 2609 fratres
1147 2564 1376 2618 Etlmundi,

128 2639 259 2696 quiin
276 2638 588 2683 Northmannia
605 2638 879 2691 exsulabant,
893 2650 1021 2694 quam
1036 2637 1146 2682 lilios
1166 2638 1260 2692 ejus
1275 2650 1380 2694 pue-

130 2714 266 2764 rulos,
294 2711 569 2755 Edmundum
592 2717 636 2755 et
656 2710 931 2763 Edwardum,
961 2722 1036 2766 spe
1064 2710 1185 2767 regni
1210 2712 1379 2766 penitus

129 2786 298 2843 privare
315 2782 432 2842 (514)
459 2783 535 2827 sed
551 2795 625 2827 eos
650 2782 778 2827 scrire
800 2789 996 2827 metuens
1018 2795 1105 2839 prm
1123 2783 1302 2838 pudore,
1324 2783 1378 2827 ad

130 2870 274 2915 regem
310 2856 552 2900 Suanorum
575 2868 650 2900 eos
684 2854 946 2900 occidendos
982 2855 1241 2913 transmisit.
1287 2855 1378 2901 Rex

129 2943 231 2975 vero
250 2930 492 2973 Suanorum
505 2929 713 2973 nobilium
733 2939 964 2984 puerorum
979 2928 1208 2971 miseratus
1221 2939 1376 2972 :erum-

130 3017 246 3055 nam,
292 3003 361 3059 ad,
382 3002 699 3058 ilungariorum
736 3012 879 3057 regem
904 3000 1136 3044 mittendos
1169 3000 1372 3046 destinat.

128 3077 248 3130 Quos
272 3077 364 3132 ipse
388 3074 580 3130 suscepit
610 3073 811 3129 benigne,
848 3071 1081 3128 benigni-us
1105 3071 1225 3124 fovit,
1254 3074 1376 3117 beni-

131 3152 337 3208 gnissime
360 3150 405 3197 in
429 3147 537 3192 filios
563 3147 799 3204 adoptavit.
835 3145 1222 3205 *PorroEdmundo
1243 3147 1374 3191 liliam

129 3237 250 3268 suam
278 3224 393 3268 (ledit
417 3234 622 3275 uxorem3
649 3220 859 3268 Edwardo
892 3218 1022 3262 filiam
1047 3220 1238 3275 germani
1259 3219 1374 3264 Hen-

130 3297 205 3339 rici
230 3296 499 3351 imperatoris
517 3294 560 3336 in
588 3291 908 3335 matrimonium
939 3291 1111 3346 iunxit;
1147 3290 1220 3335 sed
1247 3292 1374 3347 paulo

1460 1321 1603 1372 tierat,
1645 1322 1690 1364 in
1719 1323 1916 1378 Angliam
1953 1323 2099 1366 mittit.
2137 1322 2219 1376 Qui
2264 1337 2472 1381 prospero
2510 1337 2640 1370 cursu
2664 1326 2710 1370 in

1459 1394 1655 1453 Anlgliam
1692 1397 1886 1447 veniens,
1921 1402 2009 1439 tam
2038 1409 2183 1453 regem
2227 1410 2355 1454 quam
2401 1399 2605 1457 populum
2630 1412 2710 1444 suo

1461 1468 1690 1512 laetificavit·
1720 1469 1921 1514 adventu.
1970 1469 2054 1514 Sed
2079 1476 2174 1527 post
2194 1483 2355 1527 paucos
2390 1472 2484 1519 dies
2503 1473 2592 1517 vita
2616 1474 2711 1518 dis-

1461 1541 1636 1593 cedens,
1664 1542 1864 1597 gaudium
1900 1542 1944 1585 in
1981 1543 2162 1594 luctum,
2198 1544 2336 1588 risum
2368 1545 2550 1596 mutavit
2582 1547 2626 1590 in
2646 1546 2711 1589 la-

1461 1625 1647 1670 crymas.
1683 1613 1770 1658 Nee
1809 1615 1944 1658 multo
1978 1619 2075 1671 post
2099 1616 2189 1658 baec
2229 1617 2320 1671 ipse
2345 1628 2420 1660 rex
2446 1629 2543 1660 cum
2567 1617 2711 1662 nobile

1461 1689 1789 1739 monasterium,
1810 1688 1926 1744 quod
1952 1689 1996 1731 in
2009 1688 2265 1732 occidentali
2289 1695 2409 1745 parte
2427 1688 2639 1734 Londonii
2664 1691 2709 1734 in

1462 1761 1667 1804 honorem
1688 1761 1801 1804 beati
1827 1760 1939 1804 Petri
1965 1760 2346 1814 fundaverat,cum
2363 1763 2548 1806 maxima
2573 1764 2711 1819 gloria

1462 1832 1651 1877 dedicari
1693 1833 1881 1883 fecisset,
1927 1833 2092 1877 exactis
2136 1833 2180 1876 in
2219 1844 2352 1890 reguo
2374 1833 2526 1891 viginti
2568 1835 2709 1879 tribus

1462 1906 1603 1956 annis,
1623 1912 1665 1949 et
1687 1906 1910 1950 mensibus
1934 1919 2010 1950 sex
2042 1912 2084 1949 et
2106 1906 2257 1962 viginti
2280 1913 2445 1963 septem
2468 1906 2637 1959 diebus,
2666 1907 2710 1950 in

1461 1979 1611 2034 vigilia
1625 1977 1874 2034 Epiphaniae
1899 1977 2011 2021 felici
2033 1984 2171 2022 morte
2196 1979 2326 2021 vitam
2350 1979 2606 2022 laudabilem
2627 1985 2711 2023 ter·

1461 2050 1661 2099 minavit,
1686 2055 1907 2106 totamque
1930 2048 2118 2093 Insulam
2143 2050 2346 2108 lacrymis
2371 2062 2422 2096 ac
2455 2052 2601 2097 dolore
2624 2053 2709 2096 im·

1461 2123 1606 2178 plevit.
1632 2123 1726 2175 Quo
1750 2123 1793 2165 in
1817 2122 2024 2178 praedicto
2065 2124 2346 2175 monasterio,
2379 2130 2426 2167 ut
2455 2130 2620 2180 tantum
2645 2125 2708 2169 vi-

1461 2208 1556 2238 rum
1574 2195 1768 2247 decebat,
1790 2196 2019 2248 tumulato,
2045 2196 2219 2252 quidam
2253 2196 2468 2253 Edgarum
2512 2197 2706 2255 Ebeling,
2773 2217 2777 2220 ·

1462 2269 1532 2313 cui
1575 2281 1756 2326 regnum
1798 2270 1896 2325 ¹iure
1941 2270 2214 2315 haereditario
2265 2271 2529 2324 debebatur,
2566 2286 2708 2330 regem

1463 2344 1726 2386 constituere
1757 2343 2023 2396 moliuntur;
2055 2344 2132 2387 sed
2174 2344 2275 2400 quia
2311 2356 2418 2399 puer
2439 2350 2558 2388 tanto
2587 2345 2707 2389 oneri

1462 2415 1605 2459 minus
1642 2414 1822 2460 idoneus
1860 2414 2100 2467 videbatur,
2147 2414 2359 2460 flaraldus
2395 2428 2539 2461 comes
2563 2416 2614 2460 de
2635 2429 2709 2473 gev-

1461 2501 1564 2533 nere
1587 2488 1873 2544 proditorum,
1902 2488 2028 2544 quus
2056 2494 2098 2532 et
2120 2501 2243 2532 mens
2274 2494 2366 2532 erat
2384 2490 2584 2541 astutior,
2609 2503 2709 2534 cru-

1461 2574 1586 2605 mena
1604 2554 1849 2613 'fceundion
1878 2566 1922 2605 et
1944 2562 2067 2606 miles
2104 2561 2336 2617 copiosior,
2371 2562 2544 2605 sinistro
2565 2562 2709 2607 omino

1460 2646 1636 2691 regnum
1657 2634 1855 2678 obtinuit.

1514 2717 1659 2762 CXIX.
1679 2719 1869 2763 Audiens
1882 2731 2065 2775 namque
2083 2717 2340 2762 Wiillelmus
2353 2717 2440 2761 dux
2452 2716 2708 2761 Northman-

1459 2804 1614 2835 norum
1644 2792 1810 2835 nullum
1834 2793 1886 2836 de
1911 2793 2028 2848 regio
2047 2793 2225 2843 semine,
2253 2790 2328 2835 sed
2353 2790 2585 2834 Haraldum
2602 2802 2708 2834 con·

1459 2865 1623 2909 sobrini
1683 2866 1750 2909 sui
1783 2866 1897 2921 regis
1922 2865 2141 2909 <Edwardi
2176 2864 2403 2921 imperium
2446 2876 2702 2922 usurpasse.

1457 2936 1573 2992 quod
1617 2937 1696 2981 sibi
1738 2938 1835 2994 Jure
1875 2937 2264 2992 consanguinitatis
2300 2941 2342 2980 et
2372 2937 2558 2992 antiquae
2576 2933 2703 2993 402

1456 3009 1568 3052 inter
1588 3009 1747 3065 ipsum,
1772 3015 1815 3052 et
1837 3022 1982 3064 regem
2009 3007 2267 3052 Edwardum
2290 3008 2602 3059 conventionis,
2628 3008 2703 3052 sed

1456 3087 1498 3124 et
1520 3081 1655 3137 ipsius
1696 3080 1871 3124 llaraldi
1893 3092 1991 3123 cum
2029 3086 2299 3124 sacramento
2329 3079 2590 3136 sponsionis,
2609 3079 2703 3135 jus·

1455 3156 1542 3199 tius
1563 3154 1813 3205 debebatur,
1832 3158 2058 3197 contracto
2070 3154 2302 3209 apartibus
2317 3152 2613 3198 transmarinis
2635 3151 2702 3194 in-

1456 3227 1713 3272 numerabili
1734 3227 1943 3278 exercitu,
1969 3228 2014 3269 in
2037 3224 2234 3282 Anguem
2274 3224 2407 3274 venit,
2427 3228 2469 3266 et
2487 3222 2562 3266 Dei
2579 3222 2698 3278 judi-

1453 3302 1521 3345 cio
1542 3302 1682 3356 ipsum
1707 3298 2106 3354 liaraldum‘regno
2139 3296 2343 3341 simul-'et
2377 3296 2465 3337 vita
2498 3293 2695 3351 privavit.

129 3374 226 3425 post
243 3368 494 3421 Eilmundus
518 3365 570 3410 de
592 3365 904 3423 temporalibus
920 3363 974 3407 ad
986 3371 1145 3408 aeterna
1164 3363 1372 3408 transfer·
1397 3372 1431 3415 n
1455 3373 1644 3418 Cernens
1663 3370 2224 3428 autem.1‹]dgaffls.13b0ung
2248 3379 2333 3417 rex,
2346 3367 2578 3422 Aug-lorum
2602 3377 2698 3409 om..

129 3446 218 3484 tur.
240 3439 496 3491 Edwardus,
509 3437 734 3493 sospitate,
750 3442 795 3480 et
809 3436 1095 3492 prosperitate
1118 3434 1370 3491 perfruitur.

128 3512 292 3568 interea
328 3517 499 3566 mortuo
536 3511 677 3554 Cnuto
707 3514 750 3552 et
775 3508 884 3552 'tiliis
906 3508 1017 3563 ejus,
1049 3508 1121 3564 qui
1165 3521 1374 3564 regnave-

128 3591 235 3641 runt*
265 3590 364 3641 post
394 3596 510 3634 etuti,
549 3581 788 3625 accersitur
808 3579 881 3623 ad
917 3592 1096 3635 regnum
1135 3580 1371 3636 Anglorum

128 3656 363 3701 Edwardus
405 3655 536 3699 frater
558 3652 789 3715 Edmu'ndi,
816 3649 928 3696 tilius
953 3652 1165 3706 Ebelrcdi,
1191 3653 1280 3709 qui,
1306 3653 1368 3696 si-

129 3737 200 3774 cut
214 3730 417 3781 diximus,
438 3731 482 3772 in
503 3720 813 3778 Northmanni'a
832 3725 1062 3784 exsulabat
1087 3740 1097 3768 :
1119 3735 1217 3767 nam
1237 3723 1371 3768 frater

124 3803 220 3858 ejus
240 3803 448 3851 Eluredus
465 3800 724 3858 proditione,
763 3803 810 3841 ut
832 3798 1081 3854 putabatur,
1107 3796 1302 3841 Godwini
1324 3797 1367 3840 in

127 3875 277 3932 Anglia
295 3874 619 3922 crudeli.mortc
634 3872 837 3928 perierat.
864 3868 1190 3926 Veniensigitur
1216 3872 1259 3913 in
1281 3871 1367 3914 An-

127 3948 254 4003 gliam
278 3947 531 3998 Edwardus,
549 3946 601 3988 ab
620 3946 822 3988 universo
846 3943 978 3993 clero,
1005 3947 1049 3985 et
1079 3942 1234 3997 populo
1267 3954 1365 3985 cum

127 4032 280 4077 magna
315 4021 599 4065 exsultatione
639 4018 892 4072 suscipitur,
933 4021 975 4058 ct
1021 4014 1253 4061 Wintoniae
1296 4016 1365 4058 die

129 4099 279 4138 sancto
313 4095 489 4141 Paschae
519 4099 572 4142 ab
595 4098 941 4154 {archiepiscopis
987 4097 1286 4154 Cantuaricnsi
1326 4104 1367 4140 et

127 4164 403 4220 libel-acensi,
435 4171 686 4227 cunctisque
725 4169 814 4215 fere
837 4169 957 4225 regni
982 4168 1207 4223 episcopis*
1233 4170 1276 4210 in
1299 4180 1367 4211 re-

126 4250 218 4291 gem
237 4243 410 4297 ungitur
425 4249 467 4285 et
489 4242 781 4288 consecratur.
804 4242 854 4285 Et
872 4241 1102 4284 ambulavit
1117 4241 1162 4283 in
1188 4241 1268 4285 viis
1287 4253 1367 4297 pa-

184 4327 296 4383 (5¹4)
325 4329 514 4376 Subaud.
544 4331 702 4384 Gnatus

129 4379 204 4426 En.
228 4382 361 4430 Para.

1456 3447 1527 3489 nia
1550 3445 1808 3501 perturbari,
1834 3455 2012 3488 ascens-a
2037 3442 2136 3485 navi
2166 3436 2271 3484 cum‘.
2288 3445 2435 3483 -matre
2468 3444 2510 3481 et
2536 3438 2702 3482 sorori--

1456 3519 1536 3562 bus
1562 3519 1715 3561 reverti
1738 3518 1782 3560 in
1811 3510 2008 3572 patriam,
2038 3515 2083 3557 in
2103 3511 2352 3577 quamtus
2388 3510 2543 3562 suerat,
2566 3522 2697 3555 cona-

1455 3593 1612 3643 batur:
1639 3591 1713 3636 sed
1731 3597 1826 3635 orta
1841 3591 1884 3634 in
1903 3590 2010 3633 mari
2043 3594 2314 3645 tempestate,
2331 3587 2380 3629 -in
2409 3585 2697 3641 Scotiamap-

1455 3666 1614 3721 plicare
1636 3665 1920 3720 compellitur.
1948 3662 2038 3706 Hac
2062 3662 2288 3706 occasione
2308 3655 2495 3702 attamen
2534 3657 2695 3700 sactum

1452 3742 1533 3789 est,
1558 3743 1605 3780 ut
1628 3737 1865 3792 Margareta
1887 3736 1978 3791 regi
2002 3733 2238 3778 Malcolmo·
2257 3732 2418 3787 nuptiis
2434 3729 2691 3773 traderetur.

1452 3810 1585 3865 CuJ‘us
1611 3809 1865 3851 laudaliiem
1889 3808 2036 3858 vitam,
2073 3811 2115 3849 et
2134 3810 2312 3848 mortem
2337 3802 2691 3859 pretiosissimam

1450 3882 1556 3926 liber
1581 3881 1678 3925 inde
1695 3882 1835 3925 editus
1858 3880 1962 3925 satis
1994 3879 2200 3922 insinuat.
2228 3876 2362 3920 Soror
2397 3886 2567 3931 quoque
2587 3875 2692 3929 ejus

1450 3955 1663 3999 Christina
1690 3967 1731 3998 ιιι
1756 3954 1914 3998 Christi
1942 3964 2144 4008 sponsam
2168 3947 2566 3994 benedicitur.·Nati
2590 3952 2705 3991 sunt-

1450 4028 1603 4081 reginae
1641 4027 1887 4082 Margaretae
1921 4038 1995 4070 sex
2022 4025 2095 4067 filii
2114 4056 2125 4075 ,
2151 4029 2193 4067 et
2235 4024 2330 4066 duae
2347 4021 2478 4064 {iliae-¹:
2505 4033 2686 4075 quorum

1447 4099 1657 4154 Edgarus‚
1683 4099 1939 4149 Alexander,
1965 4103 2007 4141 et
2032 4092 2200 4153 generis
2219 4096 2285 4139 sui
2309 4093 2511 4149 splendor
2531 4092 2683 4141 David,

1444 4183 1565 4227 reges
1588 4171 1775 4214 suerunt.
1798 4169 2239 4226 Edgaruslerathomo
2262 4166 2398 4209 dulcis
2413 4164 2683 4210 etfamabilis.

1447 4251 1628 4299 cognato
1654 4251 1739 4287 suo*
1757 4244 1845 4298 regi
1870 4242 2078 4284 Edwardo
2102 4253 2176 4295 per
2198 4235 2344 4281 'omnia
2367 4236 2536 4285 simiiis,
2577 4233 2683 4276 nihil

739 4339 779 4385 et
804 4333 897 4388 «ιρις.
924 4331 1060 4375 volens
1085 4342 1153 4386 spe
1184 4331 1297 4387 reqm'
1322 4331 1484 4386 penitus
1530 4334 1691 4389 privare
1724 4347 1810 4386 eos,
1850 4332 1920 4376 sed
1949 4333 2071 4387 ferire
2101 4328 2387 4384 met'ueus'proe
2408 4325 2577 4384 pudore,
2602 4329 2668 4368 etc
