2924 4588
271 131 585 206 ιιι,

274 293 579 343 benedictionis
609 290 778 333 divinoe.
803 284 1090 337 Conscientiae
1120 283 1307 339 quietem
1334 283 1504 336 oportet

273 365 545 425 generatione
582 360 823 425 graecedere
852 355 1171 403 rectitudinem.
1203 353 1381 410 Oportet
1419 350 1505 394 uti·
1539 398 1549 404 ,

270 452 353 495 que
385 453 396 482 ε
430 443 529 480 nam
574 434 702 478 rectis
742 431 896 476 asserit
933 435 1110 474 sanctus
1146 426 1278 469 David
1313 424 1502 469 laetitiam

270 511 373 554 oriri
395 525 404 552 :
427 508 520 551 Lm:
552 514 645 550 orta
688 513 751 549 est
777 504 927 560 justo,
961 510 1002 547 et
1045 498 1165 544 rectis
1201 497 1322 542 corde
1356 497 1502 541 toetitia

271 582 405 638 (Psal.
437 592 551 631 xcvt,
578 575 662 635 tl),
690 577 909 621 Sententia
933 575 1023 619 baec
1045 575 1140 629 ejus
1166 583 1262 616 vera
1284 577 1367 621 est,
1402 569 1515 624 quia.

271 654 326 697 ibi
358 654 523 697 sincera
547 658 612 695 est
637 650 885 699 exsultatio,
918 648 989 691 ubi
1013 646 1157 691 cordis
1181 651 1248 689 est
1271 642 1499 687 rectitudo.

269 726 319 769 Ει
340 726 467 782 228
497 724 599 781 quid
622 722 737 766 aliud
762 722 903 765 laetitia
927 720 1025 774 ista,
1044 719 1127 763 nisi
1150 718 1272 774 quies
1294 724 1359 760 est
1382 727 1502 760 men-

268 799 337 850 t‘s,
365 800 408 842 in
439 809 522 853 qua
557 796 760 840 nimirum
785 807 836 838 eo
864 793 1038 838 suavius
1061 798 1227 848 pausat,
1253 802 1338 846 quo
1358 789 1398 833 ei
1431 788 1510 832 loed'

268 873 354 916 tius
392 871 434 914 in
458 871 571 914 bono
595 882 645 914 ac
673 868 814 912 veraci
850 865 1112 915 testimonio,
1140 864 1184 908 in
1206 863 1324 907 omni
1361 875 1408 907 se
1432 875 1503 906 ve·

266 945 394 988 ritate
430 942 657 999 providens
694 939 914 997 applaudit
955 938 1243 988 conscientia,
1283 946 1379 992 quae
1414 947 1501 979 non

266 1017 392 1060 modo
414 1017 571 1067 laetitia,
594 1015 667 1059 sed
690 1020 732 1058 ct
758 1013 994 1070 gloriaest?
1016 1011 1121 1055 Nam
1144 1011 1264 1055 Pauli
1289 1021 1372 1054 vox
1394 1014 1461 1055 cst
1486 1021 1498 1054 t

266 1087 410 1133 Gloria
442 1097 584 1132 nostra
609 1087 693 1131 ltoec
722 1094 799 1139 est,
826 1086 1106 1130 testimonium
1136 1085 1397 1128 conscientiae
1422 1098 1500 1127 no·

265 1169 378 1212 stroe,
402 1162 512 1217 quod
541 1162 583 1203 in
616 1159 896 1214 simplicitate,
919 1165 960 1203 et
990 1157 1242 1209 sinceritate,
1274 1164 1315 1201 et
1349 1170 1431 1201 non
1458 1157 1500 1200 in

266 1234 468 1290 sapientia
491 1232 668 1282 carnali,
691 1230 762 1274 sed
785 1232 826 1274 in
847 1231 983 1288 qratia
1002 1230 1079 1274 Dei
1103 1231 1333 1273 conversan·
1357 1242 1499 1274 sumus

266 1308 308 1349 ιἰι
339 1308 415 1350 hoe
445 1306 598 1349 mundo
627 1304 695 1362 (11
717 1304 813 1348 Cor.
839 1317 870 1353 ι,
897 1304 981 1362 12).
1009 1303 1173 1348 Laetitia
1193 1316 1296 1361 ergo
1318 1309 1402 1356 est,
1427 1303 1499 1348 ubi

265 1379 502 1432 rectittido;
526 1382 571 1423 et
606 1371 677 1422 ubi
701 1378 861 1430 laetitle,
885 1378 943 1422 ibi
965 1384 1007 1422 et
1041 1378 1176 1434 gloria
1204 1393 1214 1422 :
1239 1390 1335 1434 quae
1365 1377 1501 1434 gloria

265 1462 343 1495 nec
369 1450 460 1507 ipsa
483 1450 575 1494 sine
598 1449 852 1494 rectitudine
873 1461 970 1494 esse
985 1449 1112 1492 valet.
1135 1448 1240 1492 Nam
1260 1449 1374 1493 sicut
1394 1449 1501 1492 dicit

264 1514 509 1574 Psalmista,
531 1523 643 1578 quod
666 1530 761 1566 orta
792 1531 854 1566 est
883 1523 1005 1566 rectis
1034 1521 1157 1565 corde
1181 1521 1331 1566 loetitia
1359 1522 1496 1581 (Psoi.

263 1606 387 1647 xcvi,
427 1594 514 1651 tl),
546 1596 608 1639 sic
645 1602 687 1639 et
723 1595 766 1638 in
807 1595 985 1638 victoria
1023 1593 1114 1639 lnce
1149 1595 1244 1650 eius
1283 1607 1363 1638 vox
1401 1599 1496 1639 est:

263 1667 511 1711 Giorinmini
560 1682 699 1711 omres
747 1669 847 1711 recti
896 1668 1017 1712 corde
1066 1667 1202 1725 (Psat.
1239 1680 1340 1711 xxxi
1361 1700 1371 1717 ,
1408 1667 1495 1724 Η).

262 1737 373 1793 0.ἰά
410 1740 462 1784 de
499 1741 634 1796 gratia
672 1737 863 1784 dicemus
906 1740 1252 1785 benedictionis?
1302 1740 1497 1796 nunquid

261 1814 354 1870 ipsa
394 1814 541 1864 adest,
581 1813 653 1857 ubi
683 1813 894 1858 rectitudo
933 1814 1079 1858 deest?
1106 1813 1256 1857 Absit!
1293 1812 1495 1869 Alioquin

261 1896 347 1928 non
382 1885 541 1928 diceret
578 1892 753 1930 sanctus
778 1886 909 1929 David
937 1886 1037 1941 quia
1059 1886 1267 1943 qeneratio
1292 1894 1496 1930 rectorum

261 1957 516 2002 benedicetur
549 1954 686 2015 (Psoi.
725 1968 791 2013 ct,
831 1959 892 2016 ⁶2).
934 1958 1066 2014 igitur
1103 1972 1181 2003 nec
1218 1971 1324 2016 pure
1361 1958 1495 2003 Deum

260 2041 419 2083 amare,
453 2042 533 2074 nee
569 2029 786 2075 fructuose
819 2031 1010 2082 laudare,
1050 2044 1130 2075 nec
1163 2031 1353 2075 suaviter
1382 2030 1498 2088 apud

260 2102 442 2159 teipsum
465 2104 702 2160 quiescere,
732 2117 813 2148 nec
838 2117 990 2149 secure
1012 2105 1199 2162 aliquam
1232 2106 1498 2150 benedictio-

258 2188 354 2220 nem
382 2186 628 2232 exspectare
651 2179 826 2234 poteris,
853 2180 889 2223 si
911 2184 1053 2224 rectus
1073 2193 1157 2223 non
1178 2179 1326 2224 fueris.

312 2247 400 2295 vll.
427 2249 477 2294 Et
499 2263 694 2307 quaenam
718 2252 857 2296 virtus
883 2254 972 2296 liaec
994 2253 1168 2303 eximia,
1194 2253 1318 2308 cujtts
1355 2265 1411 2297 ne
1434 2258 1498 2297 tot

260 2326 463 2378 tantaque
483 2323 761 2367 conferantur
792 2324 921 2375 bona,
947 2326 1140 2369 absentia
1167 2326 1210 2368 in
1237 2337 1367 2368 causa
1399 2325 1498 2369 est?

258 2392 356 2448 quis
379 2401 537 2445 rectus,
563 2394 645 2438 nisi
670 2395 743 2452 qui
776 2396 985 2452 regularis
1006 2397 1100 2441 est?
1121 2403 1163 2440 et
1196 2396 1304 2453 ipse,
1330 2403 1376 2440 ut
1406 2396 1498 2452 Jam

259 2465 467 2518 diximus,
511 2469 745 2513 canonicus
777 2475 858 2514 est.
902 2469 984 2515 Sed
1023 2470 1096 2527 qui
1134 2482 1319 2522 curvus,
1354 2478 1498 2515 rectus

259 2546 344 2583 non
377 2547 459 2585 est.
483 2541 711 2595 Nimirum,
745 2544 846 2600 quia
874 2555 958 2588 non
980 2545 1088 2589 hene
1116 2544 1392 2595 conveniunt,
1419 2558 1499 2589 nee

259 2612 301 2655 in
326 2622 408 2656 una
439 2615 539 2660 sede
573 2623 808 2661 morantur.
834 2616 878 2661 Si
902 2617 1032 2674 igitur
1066 2619 1328 2669 canonicus,
1354 2622 1396 2663 et
1429 2631 1499 2662 re-

256 2690 418 2747 gularis
444 2704 454 2731 :
475 2690 683 2743 regularis
707 2700 809 2734 vero
829 2691 901 2748 qui
927 2698 1098 2746 rectus;
1124 2691 1199 2736 sed
1226 2703 1496 2749 nequaquam

256 2769 432 2814 rectus,
473 2764 546 2818 qul
584 2773 744 2806 curvus
792 2766 875 2808 est.
909 2762 1137 2820 Colligitur
1175 2776 1346 2821 quoque
1397 2776 1496 2809 eum

253 2843 433 2879 curvum
469 2847 555 2879 non
594 2848 706 2888 esse,
732 2846 812 2880 nee
833 2849 857 2880 e
878 2849 1115 2888 converso,
1146 2838 1221 2895 qui
1259 2837 1496 2883 eanonicus

251 2917 334 2953 est.
362 2909 460 2953 llaec
484 2910 643 2954 dicenti
667 2911 857 2953 occurrit
898 2911 969 2954 illa
1005 2911 1048 2954 in
1080 2909 1312 2968 Evangelio
1343 2913 1498 2956 mulier

252 2993 417 3034 curva,
458 2983 511 3028 de
548 2997 632 3041 qua
660 2985 880 3042 legimus:
906 2986 1006 3043 quia
1044 2994 1135 3030 erat
1164 2986 1388 3038 inclinata,
1423 3000 1496 3030 nec

254 3059 415 3108 poterat
453 3069 618 3099 sursum
657 3058 838 3112 aspicere
869 3056 985 3113 (Luc.
1016 3070 1121 3110 xiii,
1154 3059 1242 3110 tt),
1285 3071 1414 3115 quam
1453 3066 1496 3103 et

256 3123 349 3183 ipse
376 3127 582 3174 Dominus
613 3131 824 3186 alligatam
862 3132 1017 3175 asserit
1048 3132 1180 3176 fuisse
1211 3133 1385 3176 vinculo
1416 3132 1496 3177 Sa·

256 3205 384 3245 tanae.
410 3200 553 3257 itaque
575 3203 761 3257 primum
787 3205 957 3259 alligata
982 3205 1079 3256 fuit,
1108 3212 1156 3248 ut
1186 3206 1493 3261 inclinaretur;

255 3276 300 3316 ct
322 3274 421 3329 quia
459 3273 676 3325 inclinata,
700 3287 872 3320 sursum
906 3278 1096 3333 aspicere
1128 3292 1214 3323 non
1252 3281 1407 3336 potuit.
1445 3281 1495 3324 Et

254 3354 344 3401 quo
367 3347 547 3391 attinent
578 3348 690 3392 ista?
709 3350 828 3406 quid,
851 3352 966 3407 quod
1002 3351 1170 3396 Satonae
1192 3354 1377 3409 primum
1399 3354 1496 3398 vin-

255 3419 357 3464 culo
393 3421 534 3464 anima
571 3422 756 3479 ligatur,
805 3424 934 3481 ligata
983 3426 1243 3482 inclinatur,
1288 3427 1491 3471 inclinata

256 3500 431 3536 sursum
470 3494 662 3548 aspicere
697 3507 782 3538 non
813 3498 976 3548 valens,
1002 3498 1093 3542 sola
1129 3495 1213 3542 ima
1247 3500 1419 3543 tuetur?
1443 3500 1494 3543 Et

257 3562 372 3619 quod
398 3564 510 3609 istud
536 3566 750 3611 vinculum
775 3570 868 3613 est?
890 3570 1098 3626 quidquid
1121 3577 1265 3615 autem
1291 3572 1394 3615 illud
1418 3573 1491 3626 s't,

259 3634 436 3680 dubium
474 3638 598 3682 nobis
638 3652 724 3683 non
761 3639 886 3684 debet
933 3650 1029 3686 esse
1073 3642 1178 3698 quin
1216 3643 1382 3700 malum·
1419 3644 1491 3688 sit.

261 3707 366 3753 Nam
398 3712 612 3766 quomodo
645 3725 730 3755 non
765 3714 922 3757 malum
954 3721 1037 3765 est,
1061 3715 1177 3771 quod
1203 3714 1372 3759 Satanae
1403 3717 1496 3760 est?

260 3781 459 3827 tbrtassis
494 3794 649 3839 pravus
689 3792 731 3829 et
764 3787 971 3842 reprobus
996 3789 1139 3838 timor,
1178 3796 1221 3830 et
1259 3801 1380 3831 amor
1410 3794 1491 3833 est.

262 3849 496 3911 Utrobique
531 3859 687 3913 quippe
725 3859 897 3914 iniquus
934 3860 1242 3915 ligaturzhinc
1272 3860 1495 3916 acquirere

260 3926 464 3981 gestiens,
493 3929 590 3971 inde
628 3931 820 3975 amittere
852 3931 1101 3977 formidans.
1127 3932 1173 3976 ln
1199 3946 1299 3985 uno,
1327 3946 1348 3975 a
1382 3934 1495 3977 beno

263 3998 422 4043 recedit
446 4002 712 4055 abstractus3
738 4004 780 4046 in
805 4005 936 4047 altero
955 4005 1007 4047 ad
1031 4006 1188 4049 malum
1215 4007 1381 4050 accedit
1403 4007 1496 4051 ille-

259 4078 375 4115 ctus.
394 4068 498 4116 Nam
522 4075 672 4119 timore
695 4084 940 4122 contractus
963 4079 1085 4122 inerti
1110 4081 1270 4123 bonum
1292 4081 1492 4124 dimittit:

261 4153 409 4188 amore
428 4157 528 4189 vero
552 4146 751 4191 dilatatus
785 4151 964 4204 carnali,
991 4153 1149 4194 malum
1182 4153 1384 4197 admittit.
1412 4152 1497 4195 lta-

263 4229 346 4271 que
397 4218 512 4270 illius
554 4221 730 4275 cuspide
774 4235 1005 4277 percussus
1024 4256 1035 4275 ,
1082 4227 1234 4270 mentis
1278 4227 1427 4269 oculos
1473 4238 1496 4268 a

261 4290 443 4335 summis
474 4298 631 4335 vocat:
655 4293 784 4349 hujtis
809 4308 978 4351 quoque
1009 4297 1233 4342 adustione
1261 4299 1497 4342 inflamma-

261 4365 351 4409 tus.
384 4361 437 4405 ad
470 4364 553 4406 ima
584 4375 658 4407 eos
695 4365 885 4410 inclinat.
932 4367 1088 4426 Sicque
1132 4371 1231 4414 dum
1266 4378 1307 4416 et
1339 4373 1494 4416 collum

264 4433 421 4485 pta-bet
439 4436 632 4487 summis,
655 4443 695 4479 et
717 4436 864 4481 faciem
891 4440 1002 4491 imis,
1020 4454 1208 4499 curvum
1223 4457 1267 4487 se
1291 4444 1461 4488 exhibet
1480 4459 1493 4487 -:

1157 111 1324 158 Anam
1356 101 1944 152 rttAEttoNsTnATExsts

274 226 376 273 sint,
415 223 506 278 ipsa
528 220 629 264 sunt
651 213 940 284 tranqpillitas
961 210 1252 278 conscientiae,
1287 213 1331 252 et
1365 178 1502 262 gratia
1525 200 1563 245 A
1584 197 1642 239 ihi
1677 209 1701 239 a
1733 195 1845 240 coelo
1868 195 2034 239 vultum
2067 200 2286 250 avertens,
2320 196 2394 243 hie
2426 197 2716 247 nihilominus.
2743 203 2795 250 εἰ.
2820 179 2826 261 1-

1525 1290 1559 1334 B
1583 1291 1789 1336 rantium.
1816 1291 1872 1335 Et
1906 1290 2103 1335 dixerunt
2127 1291 2280 1336 animoe
2300 1299 2455 1336 nostrae
2475 1304 2490 1334 .·
2513 1291 2765 1346 lacurnam,
2782 1304 2811 1341 α

1554 3276 1818 3332 ,ειειιιρίιιιιι
1851 3283 1892 3320 et
1920 3278 2246 3320 incitamentum
2275 3282 2356 3319 est.
2390 3272 2645 3319 Indecorum
2674 3273 2798 3326 valde

1589 270 1833 314 cessatione
1856 275 2016 313 terram
2041 269 2232 314 intuens.

1646 337 1750 386 vm.
1783 339 1835 384 Et
1868 338 1972 399 quid
2004 340 2058 385 ad
2083 340 2287 407 iniquum
2312 342 2500 398 pertinet
2530 335 2696 391 isium?
2728 335 2771 392 ιο
2806 332 2821 399 ,ἒ

1589 413 1807 471 cogitatio.
1829 412 2015 464 affectio,
2041 412 2225 458 intentio
2241 427 2252 468 ;
2271 415 2353 458 tria
2377 415 2482 461 haec.
2501 415 2609 461 Nam
2630 419 2674 462 in
2692 420 2763 464 ani
2778 420 2801 475 Ϊ

1588 487 1780 532 curvitas
1803 486 1904 532 ista.
1929 485 2118 532 Sanctus
2144 488 2302 544 quippe
2322 487 2474 541 David,
2499 490 2571 534 ubi
2594 503 2724 549 supra

1588 559 1870 610 inoravinms,
1915 560 2039 602 rectis
2067 557 2191 603 corde
2213 559 2319 602 dicit
2349 560 2455 604 oriri
2479 561 2671 607 loetitiam
2694 555 2833 621 (Ρόῗ,Ἰ

1589 644 1681 675 xcvi
1695 664 1707 683 ,
1727 629 1815 688 Η);
1829 636 1869 675 et
1889 631 1942 674 ad
1959 630 2231 687 gloriandum
2249 629 2532 678 nihilominus
2547 638 2689 678 rectos
2707 646 2758 680 co

1588 705 1757 748 invitat.
1786 701 1934 760 ltaque
1956 704 2195 748 secundum
2220 704 2407 748 animam
2431 717 2611 750 curvum
2636 698 2828 764 ἀφίημι.

1586 789 1684 820 mus
1730 775 1964 827 hominem,
1998 788 2096 819 eum
2143 777 2321 821 omissis
2364 777 2632 830 coelestibns,
2667 779 2822 825 ἰΙΙίοἰ·

1585 862 1681 907 quae
1714 849 1861 892 infima
1893 855 2023 901 sunt,
2073 849 2258 906 cogitat.
2304 848 2444 906 diligit
2484 857 2526 895 et
2567 851 2743 911 appetit.
2795 855 2811 890 ἴ·

1586 927 1649 970 sie
1679 925 1822 968 anima
1857 936 1991 969 curva
2021 923 2187 975 effecta,
2225 923 2402 982 maligni
2440 930 2620 980 spiritus
2654 925 2786 970 dorsu
2875 966 2877 986 ,2

1584 1003 1679 1059 ejus
1719 1001 1947 1054 insiliunt,
1981 1005 2227 1057 prementes
2261 1012 2389 1052 eam,
2419 1004 2463 1045 et
2508 1001 2829 1058 opprimentes
2875 1019 2877 1022 ¹
2921 1012 2924 1023 ¹

1585 1085 1794 1131 suamque
1822 1074 1989 1130 magis,
2028 1078 2071 1116 et
2103 1072 2271 1129 magis,
2310 1072 2366 1116 ad
2395 1073 2482 1117 ima
2517 1072 2670 1119 faciem
2703 1062 2834 1119 incli‘

1584 1153 1755 1192 nantes.
1781 1145 1836 1190 Et
1853 1145 2122 1203 gemebunda
2147 1145 2347 1192 fortassis
2366 1146 2422 1191 ad
2449 1146 2541 1192 haee
2562 1135 2729 1204 spectat
2750 1158 2822 1195 vo

1586 1219 1772 1271 illorum,
1811 1215 1989 1262 ludibrii
2027 1217 2083 1261 ad
2118 1230 2166 1263 se
2202 1217 2362 1262 factam
2385 1229 2536 1263 vocem
2571 1231 2811 1266 commemo

1582 1364 2017 1424 ιναιιεεαηιιιεζῌεαί.
2052 1377 2119 1418 ιι,
2157 1362 2249 1423 23).
2289 1361 2425 1422 Igitur
2466 1366 2722 1411 incurvatur
2769 1386 2798 1404 =v

1580 1441 1833 1497 cogitatum,
1874 1439 2130 1495 appetitum,
2165 1437 2382 1484 aflectum.
2409 1437 2470 1482 Ex
2495 1439 2563 1484 his
2586 1447 2729 1484 autem
2753 1441 2807 1484 tri

1580 1513 1661 1558 bus
1682 1546 1693 1562 ,
1726 1514 1955 1558 curvitatis
1988 1513 2120 1570 hujus
2155 1513 2208 1557 de
2248 1525 2334 1570 qna
2372 1508 2616 1570 loquimur,
2652 1514 2804 1558 affeetu

1579 1587 1753 1643 quidem
1789 1598 1949 1642 causa;
1987 1587 2160 1630 initium
2191 1598 2296 1631 vero
2339 1586 2585 1643 cogitatus,
2618 1587 2806 1644 appetitu

1579 1671 1751 1717 quoque
1782 1660 1880 1705 finis
1916 1665 1999 1705 est.
2030 1659 2138 1704 Cum
2172 1659 2316 1716 itaque
2349 1666 2392 1704 te
2423 1660 2545 1705 vides
2575 1661 2740 1705 caduca
2767 1661 2808 1704 in

1578 1739 1818 1787 cessanter,
1854 1739 1898 1779 et
1937 1735 2153 1786 carnalia,
2193 1747 2378 1790 quorum
2414 1734 2485 1778 illa
2523 1734 2578 1779 ad
2615 1735 2804 1780 mundial

1579 1806 1803 1864 gaudium,
1832 1807 1922 1850 ltaec
1945 1820 2048 1852 vero
2079 1805 2132 1851 ad
2159 1808 2386 1864 corporale
2417 1813 2612 1864 spectant
2642 1808 2826 1854 oblecta

1578 1879 1788 1932 mentum,
1825 1880 1868 1924 in
1902 1888 2046 1925 mente
2073 1881 2311 1932 revolvere,
2347 1892 2485 1938 eaque
2522 1881 2680 1928 nientis
2709 1881 2761 1926 ad
2816 1900 2822 1916 ι

1578 1951 1873 2008 complexibus
1897 1983 1910 2005 ,
1948 1954 2012 1998 eis
2068 1953 2417 2010 agglutinatum,
2458 1952 2628 2004 fortiter
2670 1953 2812 2007 asti-in,

1577 2039 1692 2083 gere,
1733 2026 1797 2071 vel
1832 2034 1965 2080 certe,
2003 2027 2047 2071 in
2079 2027 2174 2084 ipso
2208 2026 2453 2072 sanctitatis
2486 2027 2710 2080 exercitio.
2737 2029 2831 2076 mae

1576 2111 1661 2143 nus
1691 2105 1788 2145 tuas
1820 2100 1876 2144 ab
1910 2100 2027 2144 omni
2062 2112 2243 2145 munere
2273 2112 2362 2146 non
2394 2106 2614 2154 excutere,
2649 2112 2832 2159 curvus·

1577 2177 1620 2217 te
1649 2185 1747 2217 esse
1792 2186 1882 2217 non
1919 2173 2152 2231 ambigas·,
2176 2179 2219 2217 et
2251 2173 2342 2230 jam
2388 2185 2595 2224 necesse,
2629 2179 2678 2227 ut
2713 2172 2829 2229 ill
2908 2232 2909 2236 1

1577 2244 1655 2288 tibi
1671 2257 1820 2289 vocem
1845 2244 2030 2290 tle-bilem
2057 2258 2272 2298 assumas,
2292 2252 2335 2291 et
2360 2247 2482 2292 dicas
2504 2239 2666 2291 :Miser
2687 2239 2842 2304 [ectus
2918 2292 2921 2309 1

1578 2333 1688 2372 sum,
1724 2326 1763 2363 et
1793 2327 1988 2365 curvatus
2014 2309 2158 2378 (psat.
2193 2333 2369 2374 xxxvii,
2400 2312 2459 2378 7).
2652 2361 2656 2366 ,
2823 2302 2844 2362 'f
2898 2355 2920 2382 ,1

1635 2391 1706 2436 lx.
1740 2393 1792 2436 Et
1822 2405 1920 2438 oum
1952 2395 2083 2438 talem
2115 2399 2158 2439 te
2188 2394 2492 2450 deprehendis,
2524 2395 2635 2439 scito
2668 2401 2712 2440 te
2741 2404 2846 2471 now
2898 2379 2920 2457 ’1

1579 2466 1709 2511 talem
1746 2466 1908 2510 factum
1943 2478 1969 2511 a
2000 2465 2117 2521 Deo,
2160 2467 2237 2512 sed
2269 2480 2296 2511 a
2327 2473 2371 2512 te
2415 2467 2526 2525 ipso.
2572 2467 2666 2512 Non
2713 2466 2783 2514 eni

1578 2543 1679 2586 talis
1722 2542 1830 2599 ipse,
1866 2547 1909 2594 et
1949 2540 2003 2586 ad
2029 2554 2168 2606 *suam
2204 2547 2247 2588 te
2291 2541 2456 2587 creavit
2494 2541 2742 2600 imaginem,
2777 2593 2780 2597 ,
2810 2553 2850 2630 5
2914 2567 2924 2608 1

1580 2614 1907 2660 similitudinem
1938 2616 2047 2674 ipse.
2068 2615 2272 2677 Legimus
2301 2617 2345 2661 in
2368 2611 2542 2661 Psalmo
2570 2616 2673 2673 quia
2693 2622 2806 2678 rectu
2827 2631 2850 2673 ιιι
2903 2660 2916 2676 A,

1581 2687 1784 2733 Dominus
1801 2688 1914 2733 Deus
1931 2696 2088 2742 noster,
2108 2695 2146 2732 et
2163 2697 2325 2733 nonest
2342 2689 2540 2746 iniquitas
2566 2688 2672 2732 ineo
2689 2679 2822 2750 ΨΜ(
2838 2691 2849 2733 Q
2893 2727 2924 2760 1

1577 2762 1787 2821 xc1,16).
1813 2761 1998 2808 Rectum
2030 2764 2193 2808 creavit
2223 2768 2284 2816 te,
2310 2763 2412 2820 quia
2445 2768 2591 2808 rectus
2617 2766 2685 2808 est
2718 2762 2850 2819 ipset
2896 2806 2898 2813 s

2898 2506 2924 2537 ul

1563 2834 1776 2889 Rectum,
1803 2836 1995 2895 inquam,
2022 2835 2184 2892 creavit
2218 2842 2278 2887 te,
2315 2843 2361 2880 ιιι
2397 2841 2540 2880 autem
2563 2847 2743 2880 curvum
2767 2833 2830 2878 f·,
2910 2863 2915 2871 -

1576 2907 1673 2952 cisti
1698 2914 1754 2952 te.
1779 2907 1833 2952 Et
1866 2908 1951 2952 huc
1987 2907 2189 2953 fortassis
2212 2908 2380 2953 aceedit
2402 2908 2516 2965 quod
2544 2903 2846 2987 Ecclesiaste}

1575 2979 1680 3024 dicit
1716 2994 1726 3023 :
1768 2979 1860 3023 Hoc
1892 2981 2055 3031 inueni,
2088 2981 2188 3036 quia
2223 2987 2381 3023 rectum
2413 2979 2510 3035 [ecit
2549 2976 2662 3022 Deus
2694 2977 2786 3022 Ιιοηι
2814 2992 2820 3030 g
2914 3034 2923 3045 1

1574 3068 1684 3107 nem,
1710 3063 1749 3098 et
1777 3056 1863 3111 ipse
1881 3067 1922 3098 se
1952 3055 2131 3111 infinitis
2154 3054 2322 3097 miscuit
2356 3044 2655 3110 quaestiouibus
2674 3051 2793 3111 (Ec-cl
2830 2984 2849 3099 ζ
2912 3095 2924 3132 u

1574 3130 1758 3185 v11‚50)
1812 3128 1864 3171 Et
1892 3130 1955 3173 sic
1987 3136 2152 3174 rectum
2188 3127 2289 3172 fecit
2315 3139 2412 3173 eum
2450 3133 2611 3178 mente,
2645 3127 2759 3172 sicut
2846 3132 2853 3174 i
2902 3175 2924 3207 s

1575 3215 1773 3259 corpore.
1803 3202 1965 3258 Nempe
2000 3201 2216 3247 rectitudo
2245 3201 2370 3246 istius
2397 3194 2677 3244 rectitudinis
2710 3198 2814 3244 inin·
2907 3236 2911 3243 .

2415 3347 2423 3356 .
2780 3356 2784 3360 ,
2857 3349 2859 3352 ⁴
2904 3318 2924 3354 iel

1575 3357 1621 3392 ιιι
1648 3361 1832 3406 corpore
1861 3355 2023 3399 rectus,
2041 3355 2184 3393 mente
2210 3361 2369 3392 currus
2389 3359 2468 3392 sis.
2489 3345 2680 3403 Corpore
2714 3358 2729 3389 t
2759 3360 2762 3369 ’
2799 3408 2803 3409 1

1578 3423 1827 3474 hominem,
1882 3430 1925 3466 et
1967 3427 2110 3466 mente
2153 3420 2356 3478 praeferre
2405 3431 2570 3477 pecus,
2609 3412 2813 3478 quodda'

1577 3503 1820 3540 monstrum
1849 3501 1930 3540 est.
1958 3495 2031 3539 Sic
2052 3495 2169 3552 quod
2190 3507 2350 3550 corpus
2376 3494 2429 3538 ad
2461 3494 2547 3537 ima
2575 3493 2827 3539 inclinatur-

1577 3571 1856 3627 pecorinum;
1887 3570 1939 3613 ad
1995 3581 2163 3613 summa
2194 3581 2297 3613 vero
2326 3567 2545 3626 dirigitur,
2570 3567 2793 3611 humanum
2820 3595 2822 3597 -

1577 3643 1686 3688 Hinc
1704 3649 1747 3688 et
1771 3643 1842 3686 illa
1863 3642 2040 3699 gentilis
2061 3641 2249 3686 hominis
2274 3653 2354 3684 vox
2376 3646 2444 3685 est
2463 3655 2476 3685 t
2801 3695 2806 3703 1

1633 3717 1853 3771 Pronaque
1876 3728 1967 3758 cnm
1988 3722 2168 3769 spectent
2192 3713 2404 3757 animalia
2429 3721 2581 3758 coetera
2604 3701 2789 3763 terram,
2845 3739 2849 3750 v.

1635 3790 1690 3834 Os
1717 3789 1872 3831 hon-tini
1898 3787 2071 3847 sublime
2093 3786 2231 3839 dedit,
2255 3786 2480 3841 coefumque
2504 3783 2640 3829 videre
2679 3782 2741 3842 [ιιι
2807 3771 2814 3778 ’

1631 3862 1767 3906 Iussit
1784 3893 1795 3913 ,
1819 3869 1858 3903 et
1881 3868 2037 3904 erectos
2065 3859 2119 3903 ad
2143 3859 2286 3904 sidera
2312 3859 2455 3902 tollere
2480 3858 2633 3901 vultus.

2275 3931 2400 3976 evm.
2426 3930 2601 3982 neem,
2629 3941 2669 3982 ι,
2693 3927 2765 3973 st.
2892 3914 2924 3963 ‘ll

1577 4007 1683 4053 Vide
1714 4014 1760 4051 tu
1790 4010 1947 4051 coelum
1977 4011 2149 4057 mente,
2178 4005 2359 4063 ejusque
2393 4004 2445 4048 ad
2480 4003 2623 4049 sidera
2653 4002 2775 4047 vultu
2843 4032 2845 4035 -
2887 3983 2924 4018 ’κ’

1576 4083 1722 4136 erige:
1747 4088 1794 4123 ut
1816 4080 1918 4123 dum
1940 4079 2233 4136 cogitatione,
2253 4083 2299 4123 et
2324 4076 2529 4121 aviditate
2559 4075 2603 4119 in
2637 4072 2794 4118 summi
2850 4088 2851 4091 ¹
2890 4059 2924 4096 “¹¹¹

1577 4153 1873 4203 conversaris,
1900 4159 2066 4201 rectum
2090 4156 2132 4195 te
2153 4162 2250 4194 esse
2274 4149 2546 4205 comprobes.
2575 4147 2648 4191 Sic
2676 4152 2744 4198 te,
2775 4145 2838 4235 it}
2895 4142 2897 4154 '

1578 4226 1659 4269 hac
1679 4231 1825 4282 parte,
1853 4225 2010 4281 regulae
2033 4220 2295 4268 assimilabis
2318 4223 2366 4265 ut
2391 4221 2470 4265 rite
2502 4233 2526 4264 a
2548 4231 2715 4264 canone
2747 4228 2833 4294 eng
2911 4211 2924 4255 Ρ

1578 4300 1776 4349 nonicus,
1801 4299 1883 4342 hnc
1906 4303 1999 4350 est,
2028 4309 2052 4340 a
2076 4297 2224 4353 regula
2247 4296 2390 4340 vocari
2426 4294 2567 4350 possis
2592 4290 2831 4349 regularis-22,
2914 4285 2924 4317 Β

1634 4372 1686 4417 X.
1718 4371 1852 4414 Porro
1876 4375 2041 4414 rectum
2069 4376 2111 4413 te
2138 4367 2240 4412 facit
2267 4368 2507 4418 rectitudo,
2541 4372 2582 4411 et
2607 4366 2725 4422 ipsa,
2757 4332 2827 4407 ιιι(
2883 4362 2899 4417 ἶ*

1575 4444 1665 4498 iam
1693 4443 1880 4487 breviter
1903 4441 2124 4497 tetigimus
2141 4472 2153 4492 ,
2181 4441 2335 4497 triplex
2361 4441 2430 4484 sit.
2458 4439 2601 4482 Prima
2627 4437 2669 4481 in
2687 4434 2850 4543 vcogi·-1
2885 4495 2924 4537 “lt

2836 4564 2847 4588 l
