2924 4588
331 53 536 130 n·

1215 73 1385 118 Amul
1415 67 2000 115 PRAEMONSTRATExstS

325 179 488 224 noster,
514 136 564 214 ac
586 170 658 213 alii
679 142 979 218 demirandam
1010 162 1282 214 habuerunt,
1307 161 1423 218 quod
1458 170 1568 215 prae·
1590 162 1628 206 Α
1649 164 1953 213 assumpturus
1986 142 2210 199 santiliar'n.
2249 154 2332 207 Qui
2363 159 2402 196 et
2431 161 2603 197 auream
2633 151 2841 209 requiam„

324 254 391 291 ter
411 248 629 318 receptum
653 239 818 284 ordinis
851 250 1012 281 morem
1041 236 1119 293 (uti
1154 246 1204 278 ex
1226 234 1391 277 Adamo
1414 236 1566 275 nostro

325 317 473 376 liquet)
501 322 543 361 et
540 287 889 370 ‘consequenter
924 311 967 353 in
998 307 1273 364 supposititio
1287 306 1446 362 regulae
1476 303 1564 347 fetu

323 389 566 438 lambendo,
586 399 673 430 non
689 385 902 428 modicam
920 394 1010 426 suae
1024 393 1165 436 operm
1182 387 1343 434 partem
1358 378 1560 420 insumat.

327 460 540 506 videndus
552 457 828 501 Landtmeter
853 457 894 497 in
910 454 1104 498 eamdem
1127 451 1317 506 regulam
1327 449 1563 504 quaestione

322 534 565 591 prodi-orna.

375 605 574 654 Feliciter
592 602 782 651 omnino,
805 611 886 642 nec
901 599 1062 653 absque
1074 595 1234 639 divinis
1251 594 1475 650 auspiciis,
1489 605 1567 636 no-

323 692 372 722 va
397 677 588 720 candidae
621 674 785 716 militiae
806 670 1006 727 praesidia
1028 668 1286 718 conducere,
1323 678 1459 710 novos
1487 667 1565 708 ha-

323 752 422 794 bere
442 748 652 796 delectus,
677 755 787 787 nova
798 743 919 797 signa
935 739 1134 784 conterre
1149 744 1468 794 properaverat.
1487 737 1566 780 Vir

324 820 395 865 Dei
418 819 673 866 Norbertus.
694 828 791 860 cum
818 815 860 857 in
893 814 1004 865 loco,
1040 814 1114 870 qui
1138 810 1463 856 Praemonstrati
1485 820 1566 851 no-

320 905 418 936 men
439 904 526 935 non
549 891 625 932 abs
648 901 697 933 re
718 887 894 937 invenit.
927 886 1214 929 consederant
1245 882 1393 928 cleriei
1418 881 1567 924 admo-

321 967 420 1008 dum
443 962 743 1019 quadraginta,
770 964 811 1009 et
828 959 929 1001 laici
958 958 1202 1012 complures
1223 972 1232 999 ε
1253 954 1450 1011 quaedam
1478 952 1563 995 uti-

320 1047 401 1090 que
417 1033 724 1090 p2·im0rdia‚et
741 1032 864 1086 quasi
887 1042 1030 1074 semen
1041 1030 1136 1084 ejus
1151 1026 1456 1078 multitudinis,
1470 1037 1566 1082 quae

322 1106 592 1160 postmodum
613 1104 843 1148 subsecuta
867 1107 947 1145 est.
976 1100 1060 1144 Sed
1083 1099 1285 1157 quoniam
1303 1099 1418 1142 illius
1440 1097 1564 1141 vallis

320 1179 527 1235 angustiae
543 1188 668 1232 pares
692 1188 776 1218 non
799 1180 922 1218 erant
934 1172 1156 1229 capiendis
1172 1171 1437 1221 hominibus,
1451 1181 1562 1225 quos

319 1252 475 1294 coelum
512 1249 671 1304 insigni
707 1247 955 1290 accessione
978 1258 1056 1303 per
1089 1245 1237 1288 oibem
1267 1244 1561 1288 Christianum

318 1321 617 1366 diffundendos
635 1320 904 1376 spondebat;
924 1319 1045 1375 prius
1069 1317 1123 1360 ad
1155 1316 1378 1361 delinitum
1402 1327 1451 1358 ac
1474 1321 1564 1358 sta-

316 1395 401 1439 bile
426 1395 524 1439 vitae
546 1406 699 1451 genus,
724 1391 853 1436 veluti
878 1391 930 1434 ad
952 1389 1236 1446 praestitutam
1255 1389 1379 1432 ducis
1391 1389 1463 1432 sui
1477 1393 1563 1430 tes-

316 1463 458 1511 seraui
482 1465 771 1510 transterendi
801 1469 941 1514 erant,
964 1474 1093 1519 quam
1125 1461 1437 1506 discessionem
1463 1472 1563 1516 per·

315 1551 417 1595 egre
437 1543 667 1595 pararent;
694 1543 820 1591 atque
844 1542 1003 1578 statum
1034 1533 1176 1577 soedus
1197 1534 1283 1577 vita
1303 1538 1346 1577 et
1368 1533 1564 1576 moribus

318 1611 423 1654 socii
446 1623 595 1654 omnes
613 1622 699 1652 non
719 1607 910 1653 violabili
943 1606 1187 1651 constantia
1203 1610 1416 1649 tenerent.
1433 1603 1564 1647 Vixe-

318 1689 414 1725 rant
437 1683 481 1725 in
503 1694 600 1725 eum
622 1681 735 1723 diem
763 1679 930 1723 tirones
955 1677 1257 1721 communibus
1276 1676 1448 1732 pietatis
1472 1674 1563 1719 offi-

319 1754 403 1796 ciis
422 1751 630 1802 contenti,
653 1750 872 1806 Evangelii
895 1755 1024 1805 atque
1045 1748 1366 1792 institutionum
1389 1754 1564 1804 aposto—

1588 1228 1619 1272 t}

1648 231 1776 273 latere
1797 230 1942 272 dextro
1959 228 2183 283 prolatam,
2210 226 2275 268 illi
2289 225 2504 280 porrexit:
2532 238 2652 282 seque
2670 227 2803 280 ipsunt
2838 233 2847 259 ί

1645 302 1806 345 calente
1828 309 1867 344 et
1891 314 2076 345 sermone
2103 301 2324 350 intimavit,
2343 298 2482 342 dicens
2501 297 2620 357 (stt)
2650 299 2813 352 :Quem
2842 330 2848 333 -

1644 374 1715 418 dea
1733 374 1992 430 Anqustinus
2015 386 2087 428 eqo
2110 385 2203 417 sum
2232 371 2508 426 Hipponensis
2534 371 2760 426 episcopus.
2786 368 2863 417 Εα

1644 446 1767 490 [tabes
1784 447 1986 503 requiam,
2014 456 2138 502 quam
2163 457 2236 501 eqo
2252 445 2496 499 conscripsi,
2521 443 2598 487 aab
2620 457 2706 502 qua
2732 443 2771 487 si
2804 469 2806 475 ·
2831 468 2844 478 ,ι

1643 520 1912 574 militaueriut
1943 519 2174 574 confratres
2211 519 2287 568 tui,
2324 518 2403 572 silit
2430 517 2526 566 mei,
2552 516 2687 560 securi
2713 513 2856 561 carn

1645 591 1843 635 astabunt
1864 592 1908 634 in
1923 590 2099 634 extremi
2122 597 2279 632 terrore
2294 588 2464 644 judicfi.
2485 587 2522 631 0
2542 587 2846 644 favor-‚inqua
2914 635 2916 638 ,

1644 676 1671 707 o
1695 664 1845 706 amor‘!
1872 659 1995 706 l'avor
2014 660 2344 718 patrocinantis,
2377 671 2499 702 amor
2519 658 2794 715 adoptantis;
2828 680 2868 697 ι-ι,

1643 733 1916 785 troeinantis,
1955 739 1997 778 et
2032 733 2310 778 securitatem
2340 730 2597 786 spondentis
2629 730 2673 773 in
2707 744 2759 774 ex
2814 747 2861 768 «ι’

1645 814 1806 851 terrore
1824 804 1977 861 judicii
1999 820 2008 858 ;
2045 803 2291 861 adoptantis
2313 802 2358 846 in
2388 803 2515 854 lilios,
2534 808 2578 847 et
2604 798 2868 848 desiderant-

1644 892 1720 935 per
1743 886 1962 923 ostensam
1986 878 2122 933 legem
2146 878 2260 927 vitae,
2285 880 2328 920 et
2344 874 2599 931 disciplinae,
2621 887 2698 919 eos
2714 877 2867 926 in-eoul

1643 950 1847 993 munione
1870 955 2136 998 sanctorum,
2158 961 2241 1004 qua
2256 948 2580 1003 jucundabatur
2590 954 2750 992 nostrae
2774 960 2868 1004 pere

1643 1022 1901 1078 grinationis
1937 1021 2166 1071 sollicitus,
2204 1026 2248 1064 et
2281 1020 2466 1063 liliorum
2491 1021 2644 1064 salutis
2666 1019 2870 1077 providus

1643 1092 1736 1136 Non
1759 1093 1884 1148 pauci
1899 1093 2182 1136 barbararum
2206 1093 2398 1148 gentium
2419 1093 2705 1148 legislatores,
2732 1092 2796 1136 uti

1644 1167 1810 1218 leucus,
1834 1164 2104 1215 Zoroastres,
2132 1162 2286 1217 Minos,
2302 1171 2343 1210 et
2360 1167 2595 1210 novissime
2613 1165 2863 1211 Mahomett

1642 1251 1728 1295 quo
1749 1239 1919 1295 pondus
1955 1245 2083 1295 atque
2108 1239 2408 1282 auctoritatem
2433 1239 2572 1295 legum
2596 1251 2772 1283 suarum
2795 1239 2870 1296 pla-

1643 1313 1742 1356 citis
1765 1313 2063 1363 conciliarent,
2099 1323 2149 1354 ea
2186 1311 2259 1354 uni
2283 1311 2396 1356 eoelo
2427 1311 2674 1355 referebant
2695 1318 2873 1369 accepta

1643 1386 1699 1430 ab
1720 1386 1814 1442 ipso
1834 1386 2012 1431 numine
2031 1383 2242 1441 proiecta,
2262 1397 2287 1428 a
2303 1384 2454 1429 divino
2474 1397 2551 1430 ore
2563 1386 2737 1430 dietata.
2778 1393 2835 1437 ¹0⁶,
2858 1386 2865 1393 ”

1637 1459 1720 1514 ,ρι’ἰί
1765 1458 2024 1502 Mercurium
2069 1449 2359 1515 legislatorem
2404 1459 2598 1503 venerati
2643 1460 2845 1517 theologu
2860 1451 2870 1492 ·’

1642 1528 1887 1585 quemdam,
1912 1534 1956 1572 et
1981 1529 2175 1572 divinum
2209 1529 2441 1581 habebant,
2467 1542 2548 1572 nec
2581 1527 2667 1572 alio
2696 1529 2815 1573 nomi
2858 1557 2873 1568 ,Δ

1641 1613 1772 1658 quam
1797 1600 2085 1656 Trismegisti‚
2117 1602 2208 1646 sive
2228 1602 2474 1647 termaximi
2504 1602 2678 1646 nomine
2704 1602 2876 1647 'circum-

1643 1672 1853 1718 ferebant.
1875 1672 2108 1729 Spartiatis
2130 1674 2246 1730 leges
2260 1674 2443 1718 daturus
2459 1673 2682 1731 Lycurgus
2704 1674 2810 1733 Deip
2852 1690 2879 1713 11-

1643 1745 1891 1803 profectus,
1925 1746 2144 1790 consuluit
2179 1746 2420 1790 oraculum.
2459 1745 2701 1803 Respondit
2738 1745 2862 1804 Pyutt

317 1826 497 1868 licarum
521 1829 758 1868 sectatores
778 1822 906 1874 avidi,
929 1834 1039 1878 quos
1062 1821 1154 1877 ipse
1174 1821 1302 1864 Pater
1324 1819 1562 1865 Norbcrtus
1638 1833 1741 1866 eum
1757 1820 1840 1864 diis
1861 1819 2042 1863 charum
2063 1832 2176 1871 esse,
2197 1820 2420 1877 magisque
2442 1818 2577 1864 Deum
2596 1831 2725 1876 quam
2750 1819 2881 1866 boui·

316 1897 519 1953 gravibus
535 1909 647 1952 saepe
668 1895 810 1939 verbis
829 1895 882 1938 dc
911 1895 1097 1938 ineundo
1119 1894 1277 1949 regulae
1302 1892 1486 1943 delectu,
1510 1893 1564 1937 de

315 1969 525 2012 immobili
553 1969 651 2010 vitae
668 1966 880 2022 religiosae
902 1966 1141 2022 proposito,
1180 1965 1319 2021 deque
1342 1964 1440 2008 aliis
1463 1975 1565 2008 san·
1592 1962 1597 1969 '

315 2050 394 2085 etae
428 2039 714 2098 professionis
744 2039 987 2095 insignibus
1021 2038 1294 2082 adhortatus.
1335 2037 1562 2082 Antistites

317 2116 479 2159 interea
493 2114 705 2165 diversos,
725 2114 846 2156 viros
860 2112 1105 2156 sanctitatis
1129 2111 1264 2155 forma
1283 2111 1559 2167 conspicuos,

315 2200 365 2231 ac
386 2188 599 2245 primores
617 2186 821 2230 Ecclesiae
845 2198 975 2241 super
999 2186 1077 2228 bac
1096 2197 1143 2228 re
1166 2185 1210 2227 in
1235 2185 1464 2230 musilium
1486 2185 1564 2230 ad·-

315 2261 490 2304 lnbebat
510 2275 522 2314 ;
543 2271 788 2316 quanquam
813 2259 866 2320 ad
896 2258 1116 2302 canonicae
1138 2257 1238 2300 vitae
1261 2269 1414 2313 genus,
1445 2257 1562 2314 quod

317 2336 408 2389 ipse
425 2345 449 2375 a
465 2338 613 2376 tenera
633 2337 758 2385 aetate
775 2342 872 2372 cum
898 2330 1115 2386 plerisque
1137 2341 1313 2372 suorum
1338 2330 1560 2386 amplexus

314 2414 422 2457 erat,
447 2405 584 2460 magis
609 2403 907 2460 propenderet,
928 2404 1038 2447 lucis
1070 2415 1095 2446 e
1131 2402 1243 2446 coelo
1265 2401 1457 2445 nubilam
1481 2401 1562 2445 ad-

316 2479 402 2521 huc
426 2485 611 2522 mentem
636 2476 869 2520 detersurae
893 2488 967 2531 spe
988 2476 1259 2519 constantior
1273 2480 1318 2519 et
1355 2475 1559 2520 erectior.

317 2550 500 2607 Moxque
519 2550 645 2600 alius,
671 2548 816 2591 habita
836 2549 1002 2592 ratione
1024 2548 1212 2605 horridae
1235 2547 1562 2600 solitudinis,in

316 2636 443 2679 quam
464 2635 510 2667 se
535 2621 775 2673 abdiderat,
806 2622 1185 2675 anachoreticam3
1214 2621 1342 2674 alius,
1367 2621 1563 2677 inspecto

317 2694 582 2751 poeniteutiae
605 2694 760 2749 rigore,
792 2706 877 2749 quo
908 2707 954 2737 se
975 2693 1222 2737 macerabat
1243 2692 1303 2751 (et
1333 2695 1481 2749 plures
1516 2694 1562 2737 in

316 2781 411 2813 eam
434 2774 601 2825 partem
622 2769 951 2826 conveniebant)
970 2770 1100 2812 vitam
1124 2770 1389 2813 eremiticam
1413 2768 1564 2815 suade-

318 2842 406 2889 bat.
437 2840 577 2892 Alius,
615 2853 769 2885 rursus
804 2841 1030 2884 attendens
1067 2840 1370 2886 cisterciensis
1391 2841 1562 2886 ordinis

316 2915 465 2966 decus,
498 2912 716 2969 quodiam
754 2918 844 2955 tum
879 2925 989 2955 nova
1022 2912 1257 2971 propagine
1279 2912 1562 2959 reflorescens

315 2986 468 3030 melleo
488 2986 715 3029 verborum
739 2985 872 3028 illicio
895 2985 1183 3037 demulcebat,
1210 2990 1252 3029 et
1269 2989 1430 3029 sanctae
1451 2997 1560 3029 eon-

315 3059 576 3103 versationis
602 3058 810 3115 exemplis
828 3058 944 3114 (210)
977 3057 1021 3101 S.
1047 3057 1294 3104 Bernardus
1315 3058 1431 3114 apud
1462 3058 1562 3102 Cla·

316 3131 564 3177 ramvallem
602 3131 735 3174 abbas
766 3131 874 3174 mire
902 3131 1126 3180 dilatabat,
1150 3132 1413 3176 monastices
1436 3144 1562 3187 pror-

318 3215 394 3248 sus
416 3204 722 3258 amplectendae
745 3210 895 3246 auctor
910 3210 1017 3247 erat.
1046 3203 1153 3247 Cum
1175 3202 1429 3256 Norbertus,
1450 3205 1561 3250 rel'e-

317 3283 439 3322 rente
455 3284 622 3322 vetusto
647 3278 860 3334 scriptore
883 3279 979 3322 ritae
997 3279 1092 3334 ejus
1115 3279 1232 3334 cujus
1251 3291 1372 3335 opus,
1399 3288 1438 3327 et
1462 3294 1560 3325 con-

1583 2293 1616 2338 C

1641 1905 1770 1938 nem:
1795 1893 2092 1949 quaerentique
2103 1892 2157 1936 de
2176 1893 2286 1936 bona
2304 1893 2445 1950 legum
2466 1893 2644 1945 latione,
2662 1892 2773 1936 dixit
2787 1906 2812 1935 e
2841 1913 2875 1933 -μ

1642 1977 1666 2007 a
1687 1964 1772 2009 diis
1796 1966 2000 2022 sponderi
2023 1965 2272 2022 reipublicae
2292 1971 2470 2018 statum,
2487 1967 2562 2023 qui
2585 1964 2877 2023 paestanum*

1641 2050 1738 2082 mus
1759 2046 1890 2083 esset.
1910 2038 2053 2092 Quare
2069 2037 2292 2096 Lycurgus
2310 2039 2426 2095 leges
2449 2051 2551 2084 suas
2564 2040 2748 2095 vocavit,
2766 2051 2876 2097 (μγ,

1642 2110 1814 2157 decreta
1834 2111 2028 2155 deorum.
2054 2111 2153 2157 Noti
2179 2118 2281 2156 sunt
2303 2113 2538 2156 familiares
2552 2125 2828 2170 congressus,
2858 2133 2869 2153 ·.

1641 2183 1873 2239 colloquia,
1901 2196 1997 2240 quae
2016 2196 2115 2227 cum
2132 2183 2212 2228 dea
2236 2183 2390 2240 Egeria
2415 2183 2538 2227 finxit
2557 2184 2695 2227 Numa
2717 2183 2821 2229 Pom
2855 2186 2865 2194 “

1642 2256 1727 2301 lius
1752 2257 1968 2300 secundus
1996 2269 2071 2300 rex
2093 2256 2388 2300 Romanorum
2408 2274 2416 2301 ;
2443 2259 2573 2314 euius
2588 2270 2612 2303 e
2633 2270 2860 2314 congress

1645 2330 1786 2386 inquit
1816 2329 2092 2382 Plutarchus,
2121 2331 2164 2374 in
2192 2332 2333 2375 virum
2358 2331 2544 2383 felicem,
2571 2342 2623 2375 ac
2645 2331 2878 2382 divinar-u

1642 2415 1787 2446 rerum
1804 2402 2115 2458 peritissimum
2138 2405 2330 2448 evasisse
2353 2402 2562 2448 creditur.
2601 2402 2878 2460 Pythagoran·

1642 2479 1882 2518 memorant
1909 2475 2101 2531 aquilam
2126 2475 2318 2520 cicurem
2354 2476 2510 2520 sistere
2530 2475 2727 2526 vocibus,
2747 2479 2792 2519 et
2812 2475 2875 2519 dv

1640 2548 1799 2591 ducere
1815 2548 2111 2603 consuevisse,
2135 2556 2343 2605 tanquam
2365 2560 2443 2605 per
2462 2561 2558 2593 eam
2579 2560 2604 2592 e
2629 2547 2748 2593 Jovis
2769 2548 2841 2591 tltr
2870 2583 2883 2590 ..

1641 2633 1699 2665 no
1722 2621 1864 2677 legum
1889 2633 2066 2665 suarum
2091 2622 2294 2679 dogmata
2318 2627 2515 2679 prompta
2533 2630 2788 2667 mereretur.
2815 2619 2887 2666 V*

1641 2707 1738 2739 rum
1765 2706 1899 2752 apage
1916 2695 2002 2739 sint
2025 2695 2116 2739 haee
2139 2694 2347 2740 l'ab‘ulosae
2378 2696 2650 2752 antiquitatis
2666 2708 2864 2741 commen

1639 2775 1701 2820 ta,
1718 2772 1809 2811 tam
1827 2768 2052 2824 ingeniosa
2069 2768 2122 2812 ad
2136 2767 2371 2821 fictionem,
2397 2781 2526 2825 quam
2544 2774 2839 2826 pne-sumptae
2875 2803 2877 2806 ,

1642 2841 1695 2884 ad
1722 2840 2034 2897 deceptionem.
2062 2840 2128 2885 Sit
2145 2847 2354 2899 praeterea
2376 2854 2455 2885 sua
2477 2841 2687 2888 Israelitis
2705 2849 2851 2898 accept
2876 2862 2887 2888 a

1640 2914 1747 2971 legis
1769 2914 1905 2971 gloria
1929 2927 2006 2972 per
2021 2915 2350 2972 dispositionem
2375 2917 2648 2972 angelorum;
2669 2916 2756 2960 sint
2779 2916 2866 2959 inte
2881 2940 2894 2951 »-

1640 2986 1916 3031 Christianos
1935 2987 2194 3044 quibusdam
2219 2988 2436 3044 religiosis
2459 2989 2647 3035 coetibus
2672 3001 2750 3034 sua
2778 2989 2868 3033 divi

1641 3059 1711 3104 nis
1732 3059 2108 3116 inspirationibus,
2124 3066 2255 3118 atque
2273 3061 2598 3107 ostensionibus
2616 3067 2790 3118 accepta
2803 3062 2867 3118 pr‘
2885 3053 2891 3062 ’

1640 3132 1825 3184 mordia,
1863 3132 2040 3179 firmatae
2070 3134 2202 3190 leges,
2241 3134 2422 3179 sancitae
2448 3135 2758 3191 promissiones
2790 3135 2898 3191 ejus

1638 3205 1753 3257 vitae,
1780 3218 1877 3262 quae
1908 3217 2022 3248 nunc
2043 3211 2128 3258 est,
2165 3211 2207 3251 et
2232 3206 2403 3260 suturae;
2434 3207 2541 3251 nihil
2566 3207 2651 3253 illis
2678 3210 2883 3253 imminu·

1639 3284 1748 3332 tum,
1771 3280 1877 3326 nihil
1897 3281 2024 3322 velim
2052 3278 2309 3323 detractum.
2346 3278 2434 3323 Nec
2458 3279 2650 3324 vicissim
2671 3281 2883 3336 quispiam

317 3351 458 3395 silium
475 3350 524 3394 de
545 3352 731 3405 supernis
747 3351 974 3407 pendebat:
996 3352 1066 3407 qui
1084 3365 1203 3394 snum
1221 3353 1467 3407 principium
1481 3367 1561 3396 non
1587 3373 1623 3418 D
1643 3353 1932 3408 amplissimas
1963 3366 1987 3396 e
2011 3354 2121 3397 coelo
2144 3354 2452 3409 praerogativas
2481 3352 2884 3399 Praemonstratensi

317 3422 414 3473 sibi,
438 3436 520 3466 non
542 3423 801 3472 honoramus,-
828 3423 899 3466 sed
922 3425 975 3471 ei,
1012 3425 1081 3480 qui
1107 3432 1168 3466 est
1203 3425 1387 3469 omnium
1417 3439 1558 3469 rerum

1642 3426 1814 3470 familiae
1831 3426 1967 3470 lactas
1989 3428 2201 3471 asserenti
2219 3428 2444 3478 obtrectet,
2464 3427 2717 3471 criminctm
2733 3439 2902 3481 nemot

318 3495 479 3538 initium
503 3494 832 3543 commendabat
859 3498 899 3538 2'12
921 3495 1041 3539 corde
1064 3510 1136 3539 suo
1160 3505 1307 3540 fimeta
1323 3498 1563 3554 conferens,
1641 3511 1780 3555 neque
1805 3499 2021 3554 singulis
2009 3511 2234 3546 immoror.
2261 3499 2389 3543 unius
2413 3499 2664 3543 narratione
2678 3499 2806 3544 modo
2827 3497 2896 3542 κί’-ι

319 3573 364 3609 ut
385 3566 445 3609 ait
460 3567 648 3623 sapiens,
671 3567 789 3610 velox
807 3567 858 3609 ad
879 3567 1129 3611 audiendum
1150 3569 1293 3626 (Prot.
1322 3583 1441 3621 xxix,
1471 3571 1558 3626 202

315 3637 407 3680 Iac.
436 3650 467 3689 1,
501 3638 588 3695 19),
614 3641 684 3695 qui
704 3640 843 3695 differt
877 3648 914 3683 et
939 3650 1118 3685 resen-at
1143 3643 1424 3698 inposterum
1451 3644 1560 3688 Mul-

315 3713 371 3753 tis
381 3711 674 3765 precationum
690 3713 865 3756 aestibus
879 3714 1053 3756 coeleste
1069 3726 1306 3768 exposcens
1319 3715 1558 3760 subsidium

318 3784 363 3825 in
390 3789 531 3837 partes
553 3785 698 3829 varias
717 3786 983 3840 rapiebatur,
1010 3799 1170 3841 perque
1187 3791 1329 3831 omnia
1359 3790 1559 3834 tersabat

316 3853 506 3918 animum
529 3856 845 3910 quodammodo
862 3858 1032 3900 consilii
1058 3858 1243 3914 inopem.

370 3923 443 3976 Et,
484 3938 511 3969 o
542 3925 691 3971 favor!
733 3941 785 3973 ex
820 3930 987 3974 intimis
1021 3930 1227 3974 coelorum
1265 3920 1576 4004 penetralibus

315 3997 492 4049 nuntius
520 3996 931 4062 desideratissimus,
960 4003 1161 4057 ancipitis
1182 4002 1381 4047 diribitor
1412 4003 1558 4053 consi·

1641 3571 1794 3614 sectus.

1698 3643 2033 3688 Sanctissimus
2023 3651 2167 3702 itaque
2190 3644 2346 3700 praesul
2366 3642 2569 3687 Aurelius
2585 3642 2850 3699 Augustinus
2868 3638 2896 3688 τ’.

2414 3716 2544 3773 Cujus
2576 3716 2626 3758 ab
2645 3730 2715 3759 ore

1638 3790 1837 3834 Flumina
1855 3790 2273 3834 librorum-mundum
2294 3791 2483 3847 effluxere
2503 3803 2575 3844 per
2598 3803 2786 3841 omnem;

1638 3865 1742 3918 Quae
1765 3865 1882 3907 utiles
1910 3863 2166 3918 liuntileeque
2190 3862 2350 3915 bibunt,
2389 3863 2625 3919 campisque
2655 3864 2827 3910 animo·
2890 3871 2903 3924 t

2639 3934 2766 3991 [rum.
2893 3936 2903 3987 i

1637 4008 1809 4053 Certant
1827 4008 1965 4051 vitatis
1988 4007 2191 4051 doctrinm
2213 4009 2433 4054 immittere
2455 4008 2565 4050 rivos
2589 4006 2723 4064 (212).
2856 4042 2858 4045 v
2899 3995 2903 4039 Ῐ

315 4068 379 4122 lii,
403 4072 593 4114 nutantis
612 4071 802 4116 firmator
821 4075 968 4140 animi,
987 4075 1128 4121 oranti
1144 4062 1362 4120 Nor-berto
1386 4085 1555 4131 specta·-
1634 4080 1920 4136 Posteaquam
1947 4082 2025 4131 ιιι,
2046 4092 2239 4135 inquam,
2264 4078 2334 4123 ille
2356 4079 2635 4124 beatissimus
2659 4077 2786 4122 annis
2809 4077 2904 4125 ad·

315 4140 414 4185 bilis
437 4140 577 4187 lactus
613 4150 678 4188 est
701 4146 992 4199 Augustinus,
1024 4146 1151 4191 Pater
1173 4158 1224 4190 ac
1248 4148 1553 4192 celeberrimus

315 4212 535 4257 institutor
545 4215 796 4258 clericorum
804 4229 992 4272 gregem
1012 4218 1124 4262 hune
1144 4220 1355 4262 novellum
1372 4234 1414 4264 ιιι
1431 4233 1552 4263 suam

371 4301 487 4358 (210)
473 4303 622 4357 )vitae
644 4304 738 4359 ejus
760 4318 851 4359 cap
879 4306 944 4347 24.

372 4357 485 4416 421¹)
515 4358 559 4401 In
570 4358 819 4421 Appendice
847 4361 950 4403 litte
978 4362 1068 4416 ejus
1088 4363 1197 4416 apud
1215 4363 1366 4422 (λψρ.
1391 4378 1482 4422 rap,
1494 4366 1546 4410 5.

1635 4151 1808 4198 modom
1846 4153 2127 4208 septingentis
2158 4160 2200 4197 et
2219 4152 2368 4196 decem
2390 4152 2470 4194 hac
2494 4151 2663 4195 mortali
2692 4150 2779 4194 vita
2802 4129 2907 4195 de*j

1633 4224 1652 4266 s
1654 4231 1810 4268 unctus
1833 4230 1964 4273 essct,
1982 4225 2170 4267 eoelostis
2189 4224 2336 4281 gloriar
2353 4223 2606 4279 inquilinus,
2623 4230 2665 4266 et
2687 4223 2878 4266 victoriae

1690 4315 1806 4370 (ΞΗ)
1834 4314 1862 4355 S
1893 4314 2039 4370 Prosp.
2063 4314 2249 4357 Carmen
2277 4313 2334 4355 lic
2356 4315 2488 4370 ingr„
2508 4324 2601 4366 cap
2626 4313 2662 4353 5,
