2924 4588
212 73 294 116 Μ
545 85 575 120 0

212 243 337 281 erant
359 237 491 280 unitae
516 234 571 278 ad
593 243 840 290 personam.
867 229 999 274 Ideo
989 242 1035 272 ιιι
1072 238 1276 284 persona,
1298 230 1345 268 ut
1385 235 1460 268 su-

212 313 407 365 sceptum
425 313 468 350 et
486 305 731 361 susfflpiens
749 315 835 347 una
858 302 1097 356 eademque
1124 304 1238 342 esset
1256 299 1301 341 in
1319 296 1465 340 Trini-

214 386 300 422 tate
323 389 524 435 persona.
537 375 626 420 Nec
641 387 720 431 pro
738 386 791 418 eo
812 372 931 429 quod
946 372 1135 415 hominis
1169 375 1370 413 naturam
1418 367 1463 410 in

149 471 153 475 >
214 462 338 494 suam
361 451 476 498 tilius
492 447 685 503 suscepit
717 456 966 502 personam,
994 442 1261 486 mutabilitas
1299 441 1343 482 in
1375 438 1465 482 Deo

215 523 359 577 aliqua
383 521 495 564 iacta
529 519 627 570 ruit,
651 517 731 562 sed
774 515 926 560 eadem
965 526 1060 571 quae
1096 514 1149 556 ab
1193 517 1356 556 aeterno
1384 510 1466 553 suit

215 591 409 635 Trinitas
443 590 620 647 mansit,
646 599 727 632 nec
751 588 796 630 in
821 590 1071 629 assumente
1115 583 1358 633 immutata,
1383 592 1465 625 nec

215 667 261 708 in
284 668 505 718 assumpto
527 660 728 703 adaucta.
752 658 816 701 Ex
839 669 923 713 quo
938 658 1069 699 bomo
1079 659 1330 710 assumptus
1352 653 1467 698 Deus

216 746 442 780 assumens
463 743 559 777 esse
583 731 717 786 eoepit
738 742 814 785 per
837 728 1093 772 ineffabilem
1108 726 1227 770 illam
1241 725 1463 776 unionem,

213 817 327 863 quae,
346 804 399 847 ad
427 815 560 846 unum
585 800 665 844 suit
692 817 702 845 :
729 807 773 844 et
797 811 882 843 una
919 799 1015 849 tuit,
1040 809 1121 842 nec
1156 796 1241 839 alia
1279 806 1467 852 persona

215 889 312 922 esse
334 876 527 930 incoepit,
553 886 684 932 quam
710 874 780 917 illa
807 884 902 931 quae
916 883 1016 916 eum
1033 869 1242 925 suscepit,
1268 881 1348 912 nec
1370 867 1467 912 ideo

216 948 333 992 Deus
364 959 460 992 esse
497 946 644 1001 coepit,
684 944 786 1001 quia
829 943 959 986 honio
986 953 1085 987 esse
1126 941 1322 997 incoepit,
1366 940 1467 996 quia

216 1022 470 1077 priusquam
491 1023 573 1063 noc
588 1031 684 1062 esse
707 1017 902 1072 incoepit,
934 1016 999 1060 sic
1029 1026 1253 1071 nunquam
1274 1025 1373 1059 esse
1399 1013 1472 1056 de·

218 1094 340 1146 sinit,
365 1105 542 1136 carnem
562 1104 664 1136 vero
685 1102 785 1134 eum
808 1101 937 1147 poena
973 1088 1165 1144 suscepit
1187 1087 1282 1131 sine
1309 1086 1468 1143 culpa,-

217 1178 319 1209 cum
360 1165 652 1215 mortalitate,
688 1164 782 1209 sine
823 1161 1074 1219 iniquitate3
1121 1160 1249 1216 cujus
1295 1159 1471 1217 quidem

220 1250 357 1296 poenae
392 1237 688 1282 infirmitatem
714 1242 926 1292 potestate
959 1234 1151 1286 retinuit,
1171 1234 1392 1277 voluntate
1423 1231 1469 1276 in

218 1322 266 1353 se
286 1308 476 1359 admisit,
495 1319 583 1351 non
608 1306 867 1350 necessitate
884 1304 1106 1350 sustinuit.
1130 1303 1269 1358 Quam
1291 1314 1467 1370 earnem

218 1386 362 1428 anima
388 1380 647 1426 rationalis
637 1393 682 1423 ιιι
699 1379 872 1424 Christo
898 1379 1026 1430 texit,
1049 1385 1092 1422 et
1115 1377 1168 1421 ad
1194 1363 1332 1422 vitam
1366 1387 1467 1419 san-

222 1456 465 1500 ctilieavit:
490 1453 730 1498 secundum
754 1453 936 1496 liberam
951 1452 1218 1495 voluntatem
1241 1454 1468 1506 peecatum

216 1539 443 1585 respuens,
468 1532 511 1571 et
524 1526 742 1582 justitiam
762 1537 986 1571 exercens.
1014 1522 1106 1568 lloc
1131 1523 1263 1568 etiam
1296 1534 1352 1566 ex
1396 1533 1467 1566 so·

216 1603 373 1646 cictate
396 1599 555 1653 Verbi,
581 1612 608 1643 a
651 1611 740 1656 quo
781 1602 1005 1654 assumpta
1045 1602 1130 1648 est,
1170 1595 1337 1647 babuit,
1382 1594 1468 1639 nisi

217 1679 455 1731 spontanea
474 1672 650 1730 quidem
683 1671 906 1714 voluntate
925 1670 1085 1714 bonum
1108 1667 1287 1721 faceret,
1313 1667 1390 1710 sed
1412 1667 1467 1711 ad

217 1747 378 1791 malum
423 1745 667 1790 faciendum
711 1744 830 1788 nulla
870 1754 1052 1799 prorsus
1090 1740 1368 1792 necessitate,
1395 1745 1468 1783 aut

218 1818 466 1862 infirmitate
487 1818 705 1862 declinare
725 1817 902 1860 valeret.
924 1814 1028 1870 Quae
1047 1819 1091 1859 et
1114 1814 1235 1857 carni
1256 1813 1470 1870 ''ungeba-

216 1899 288 1935 tur
304 1900 349 1935 ut
371 1904 450 1936 suo
474 1889 686 1941 inferiori,
709 1895 752 1934 et
773 1887 991 1932 divinitati
1020 1892 1068 1931 ut
1109 1898 1188 1932 suo
1233 1887 1466 1942 superiori,

216 1966 306 2008 rita
327 1964 474 2008 earnis
497 1964 589 2020 ipsa
610 1963 803 2007 existens
828 1961 905 2020 [al.
941 1966 1118 2020 propter
1161 1973 1208 2006 sc
1242 1961 1336 2017 ipsa
1377 1961 1470 2005 exi-

217 2036 371 2094 stens].
397 2035 520 2079 Unde
545 2037 637 2091 ipsa
659 2034 887 2079 recedente
901 2033 1307 2087 caromoriebatur;
1334 2035 1467 2078 vitam

217 2120 341 2152 suam
372 2108 641 2153 divinitatem
679 2107 880 2151 habens:
910 2106 1024 2151 unde
1051 2112 1095 2151 et
1137 2118 1162 2150 a
1201 2118 1331 2150 carne
1368 2117 1466 2149 eum

217 2181 413 2231 recessit,
437 2194 461 2224 a
484 2180 708 2224 divinitate
725 2192 814 2224 non
836 2181 1132 2237 separabatur.
1156 2179 1336 2225 Dolores
1355 2193 1467 2237 quo-

217 2265 301 2308 quc
322 2260 364 2298 et
394 2254 592 2298 tristitias
616 2254 668 2297 ad
693 2260 865 2310 tempus
877 2254 1083 2298 sustinuit
1114 2254 1159 2296 in
1205 2265 1336 2298 sensu
1377 2265 1470 2297 car·

216 2326 304 2378 nis,
329 2327 404 2371 sed
428 2328 599 2386 plenum
625 2328 780 2384 spiritu
815 2340 867 2370 ac
887 2326 1124 2383 perrectum
1146 2327 1338 2385 possedit
1365 2339 1471 2385 gau·

219 2399 337 2446 dium
382 2401 427 2446 in
450 2402 656 2445 societate
685 2400 942 2444 divinitatis.

274 2471 326 2517 V.
350 2472 467 2518 Eece
497 2462 611 2516 Deus
644 2472 833 2516 bominis
855 2483 934 2527 pro
956 2471 1131 2516 homine
1154 2470 1295 2517 sactus
1323 2472 1470 2524 homo,

218 2549 445 2600 utramque
471 2545 514 2587 in
529 2557 575 2588 se
591 2544 879 2588 substantiam
898 2543 1102 2595 hominis,
1128 2556 1304 2590 earnem
1320 2551 1362 2590 et
1379 2546 1473 2588 ani-

218 2614 333 2661 mani
353 2617 556 2661 mundam
578 2617 835 2673 suscipiens,
857 2629 938 2661 nce
966 2623 1199 2675 utrumque
1228 2618 1274 2662 in
1300 2618 1472 2663 bomine

217 2689 426 2733 inondum
444 2690 682 2734 inveniens.
693 2690 802 2742 Quia
811 2691 1016 2743 animam,
1026 2698 1073 2735 ιιι
1085 2693 1289 2748 superius
1306 2692 1471 2737 dictum

217 2767 300 2814 cst,
312 2762 499 2806 boininis
511 2763 754 2817 ignorantia
773 2762 958 2807 reddidit
974 2764 1222 2816 obscuram,
1241 2771 1469 2810 etcarnem

217 2837 574 2891 eoncupiscentia
601 2836 742 2880 effecit
760 2843 1026 2893 corruptam.
1047 2837 1151 2891 Quae
1172 2838 1345 2895 quidem
1368 2852 1472 2883 caro

218 2909 550 2954 administrante
571 2910 722 2954 eadem
758 2911 1112 2966 concupiscentia
1138 2908 1304 2963 babuit,
1332 2918 1472 2967 ntes·-

220 2986 286 3024 set
311 2986 353 3024 et
376 2993 450 3035 per
491 2986 685 3036 teporem
727 2981 781 3024 ad
830 2981 990 3024 bonum
1025 2983 1172 3037 pigra;
1208 2986 1252 3025 et
1293 2987 1473 3038 propter

219 3052 456 3108 nequitiam
482 3053 534 3094 ad
560 3052 718 3094 malum
748 3063 884 3110 prona
916 3066 926 3095 z
955 3052 1104 3109 sieque
1125 3058 1169 3096 et
1197 3064 1300 3097 caro
1331 3053 1378 3097 in
1400 3053 1472 3097 lio·

219 3125 338 3168 mine
359 3124 576 3168 et‘anima
609 3127 781 3167 :eternae
823 3128 916 3167 erat
958 3123 1227 3169 damnationi
1264 3123 1469 3168 obnoxia.

223 3197 307 3242 Sed
328 3199 446 3242 solus
467 3199 550 3242 iste
570 3198 678 3241 inter
696 3205 879 3240 mortuos
903 3197 1003 3241 liber
1035 3196 1174 3255 (Paul.
1203 3208 1398 3250 Lxxxvu,
1424 3194 1469 3255 6)

222 3270 464 3316 sanctitatis
486 3271 529 3314 in
551 3275 681 3328 opere
704 3282 782 3314 suo
804 3270 992 3314 ostendit
1018 3271 1281 3330 exemplum,
1298 3277 1347 3316 ιιι
1386 3270 1473 3315 sor·

1490 2288 1523 2332 C

1106 62 1279 107 Amul
1307 53 1899 104 PRAEMONSTRATENSRS

213 166 314 222 quia
335 176 439 208 earo
463 163 537 207 illa
560 167 602 209 et
622 160 1006 214 animantequam
1027 160 1355 204 assumerentur
1377 162 1464 193 non
1487 154 1525 199 Α
1548 148 1639 198 isti,
1657 152 1702 190 et
1724 148 1808 190 ista
1831 143 2101 200 prasceilente
2125 141 2185 184 ilii
2213 158 2223 186 :
2251 141 2367 196 quod
2390 141 2443 184 ad
2465 146 2634 196 tempus
2654 138 2823 187 Ιιοιιιι-

1495 1220 1527 1266 Β
1550 1236 1684 1286 lutus,
1709 1240 1752 1278 et
1776 1234 2056 1278 interioribus
2084 1235 2221 1279 oculis
2243 1235 2422 1290 avulsis,
2447 1235 2623 1280 omnino
2661 1244 2817 1280 caecus

2708 47 2796 117 2⁴3⁸
2819 108 2823 112 .

1543 231 1643 263 nem
1680 218 1756 261 illa
1779 222 1966 262 stantem
1992 214 2179 265 ornavit,
2203 214 2296 257 haec
2319 218 2461 255 autem
2495 212 2549 255 ad
2572 212 2821 256 aeternna-1
2883 226 2884 230 ¹
2922 207 2924 210 ’

1543 299 1632 335 tem
1655 290 1886 346 promovit.
1907 286 2017 331 Vere
2029 298 2182 342 magna
2199 293 2241 330 et
2270 286 2446 329 omnino
2470 285 2679 327 immensa
2697 294 2807 339 gra-

1545 362 1606 405 tia
1652 361 1761 412 haec,
1807 359 2058 402 illuminans
2088 369 2248 401 caecum
2286 356 2531 400 emundans
2567 355 2816 412 polliano&
2883 376 2884 385 ι
2920 397 2921 409 ,

1545 435 1826 480 emundatum
1868 445 2102 483 exornans,
2139 438 2182 476 et
2227 431 2514 474 reconcilians
2542 442 2681 474 reum.
2723 428 2813 478 sto«
2882 452 2885 494 Ξ

1546 506 1741 564 proiecto
1759 505 2121 563 quadripartitum
2155 505 2237 547 boe
2258 517 2311 548 ex
2338 517 2384 548 se
2406 505 2591 547 efficacis
2635 500 2806 562 heneti-'s
2882 501 2885 526 ἕ
2920 519 2921 522 ¹

1547 582 1603 623 cii
1627 581 1811 636 insigne,
1837 591 1922 635 quo
1945 577 2307 635 quadripartitam
2334 577 2534 632 superius
2572 580 2751 620 ostensu
2764 564 2819 625 ιζ,

1547 654 1711 696 malum
1733 653 1998 696 annihilatur
2023 654 2066 695 in
2111 638 2313 703 bomine;
2349 651 2601 695 illuminans
2634 662 2751 694 caecu
2779 672 2786 704 ¹,
2815 656 2817 658 ’

1549 739 1623 783 per
1657 718 1852 771 veritatis
1888 726 2255 781 praedicationem,
2299 723 2541 767 emundans
2586 724 2754 779 polluto
2781 738 2817 761 ι·

1548 811 1625 856 per
1642 800 1868 855 pravitatis
1888 799 2253 854 reprobationem,
2283 809 2500 841 exornans
2519 796 2751 840 emundatu
2766 814 2786 833 «ι

1550 885 1625 927 per
1643 872 1817 915 virtutis
1833 872 2107 922 electionem,
2134 869 2420 913 reconcilians
2435 882 2556 912 reum
2582 879 2659 925 per
2683 877 2801 912 mor—

1550 947 1608 990 tis
1643 945 1909 1002 passionem.
1939 944 2066 1000 Erige
2086 944 2239 987 oculos
2264 948 2378 994 tuos,
2412 955 2439 986 o
2462 943 2609 992 homo,
2634 948 2678 986 et
2713 941 2830 988 cir·-⁴

1518 1018 1522 1021 ’
1550 1019 1770 1075 cumspice
1791 1024 1835 1062 et
1857 1016 1970 1068 vide,
1996 1029 2126 1072 qnam
2150 1015 2492 1060 misericorditer
2513 1016 2638 1071 100
2656 1018 2799 1059 actum
2815 1007 2822 1019 ⁵
2878 1038 2882 1048 ι

1549 1094 1633 1141 est,
1659 1095 1707 1133 ut
1741 1102 1921 1146 magnas
1942 1102 1995 1133 ex
2019 1091 2130 1134 totis·
2146 1088 2348 1133 medullis
2390 1089 2454 1132 illi
2490 1089 2654 1145 gratias
2678 1099 2799 1146 agas.

1552 1175 1575 1204 a
1601 1175 1685 1219 quo
1703 1162 1766 1206 sic
1788 1167 1933 1205 tecum
1964 1168 2108 1206 actum
2125 1168 2207 1206 est.
2232 1162 2285 1206 Et
2307 1174 2410 1207 vero
2443 1161 2637 1207 tenebris
2678 1162 2800 1207 invo-

1548 1318 1663 1360 cras,
1691 1311 1735 1350 et
1757 1307 1831 1350 ubi
1857 1300 1958 1350 ndei
1981 1306 2043 1350 vel
2065 1308 2208 1363 operis
2236 1313 2423 1363 poneres
2455 1306 2606 1362 pedem
2629 1305 2814 1366 ignora·
2878 1317 2881 1362 ξ

1549 1378 1643 1422 bas.
1669 1377 1796 1422 Venit
1818 1377 1872 1421 ad
1896 1382 1939 1422 te
1961 1378 2033 1422 ille
2077 1378 2222 1437 magni
2263 1378 2434 1422 consilii
2465 1377 2645 1433 augelus
2675 1389 2721 1422 re

1547 1451 1820 1495 credulitatis
1859 1452 2104 1503 veritatem,
2125 1459 2167 1495 ct
2205 1455 2367 1494 sanctae
2410 1450 2490 1495 tibi
2537 1441 2822 1502 annuntians
2879 1440 2880 1451 ¹

1548 1524 1816 1580 operationis
1840 1520 2065 1576 virtutem,
2089 1529 2138 1567 ut
2162 1523 2279 1566 illam
2302 1530 2472 1573 tenens,
2497 1535 2593 1579 quae
2622 1535 2699 1579 per
2734 1522 2803 1568 ‹ti-
2879 1531 2880 1551 ³

1548 1596 1776 1641 lectionem
1802 1602 2024 1652 operatur,
2047 1607 2178 1639 unam
2202 1597 2296 1640 sine
2312 1597 2448 1641 altera
2468 1595 2543 1639 tibi
2563 1596 2701 1641 scires
2715 1608 2803 1642 non

1550 1668 1746 1720 sufficere
1763 1669 1816 1714 ad
1842 1670 2041 1714 salutem.
2068 1669 2175 1714 Cum
2198 1676 2241 1714 et
2261 1669 2425 1716 Paulus
2440 1670 2579 1714 dicat:
2601 1669 2703 1714 Sine
2721 1669 2804 1727 fide

1549 1742 1807 1801 impossibile
1823 1750 1884 1786 est
1906 1743 2072 1801 piacere
2099 1743 2181 1787 De‘o
2200 1742 2350 1801 (Hebr.
2378 1756 2429 1791 ιι.
2451 1743 2538 1802 6),
2568 1748 2612 1788 et
2643 1743 2804 1788 nihilo-

1549 1814 1694 1860 minus
1714 1813 2079 1858 Jacobusasserat
2095 1829 2106 1858 ε
2125 1813 2173 1858 82·
2197 1828 2279 1858 non
2295 1814 2417 1858 habet
2431 1826 2576 1872 opera,
2593 1821 2804 1861 mortuom
2876 1806 2877 1813 ἵ

1547 1901 1636 1932 esse
1663 1888 1707 1932 in
1747 1889 1970 1946 semetipsa
2019 1887 2132 1945 (Jac.
2161 1901 2192 1931 ιι
2209 1921 2222 1941 ,
2242 1889 2330 1945 Π).
2377 1887 2575 1934 Pollutus
2609 1900 2709 1933 eras
2752 1893 2798 1934 et

1549 1960 1816 2015 immundus,
1842 1962 2033 2018 undique
2050 1961 2154 2006 sae-ee
2177 1968 2455 2018 peccatorum
2477 1961 2667 2008 insectus
2704 1972 2805 2019 pet*-

1547 2034 1712 2078 niciose
1742 2050 1752 2077 t
1774 2040 1816 2078 et
1835 2034 1928 2078 ideo
1949 2036 2207 2090 perniciose,
2229 2035 2330 2091 quia
2354 2035 2462 2079 nihil
2486 2035 2647 2088 minus,
2671 2040 2837 2093 quamfss
2875 2027 2877 2082 Ῐ

1549 2104 1665 2161 quod
1683 2106 1842 2148 malum
1868 2111 1952 2156 est,
1975 2106 2075 2149 odio
2098 2105 2304 2149 habebas
2331 2105 2413 2158 Qui
2448 2111 2591 2151 autem
2609 2106 2728 2152 venit
2747 2095 2838 2167 ad}I
2874 2094 2877 2157 J
2917 2134 2920 2138 ν

1549 2183 1591 2221 te
1614 2179 1819 2222 liberator
1841 2180 2010 2223 niiiilin
2042 2191 2171 2235 opere
2195 2191 2275 2223 suo
2293 2179 2468 2223 admisit
2493 2179 2673 2228 malum,
2695 2179 2843 2231 nihil
2827 2169 2841 2203 *ἶ

1549 2252 1692 2296 omisit
1710 2253 1887 2304 bonum,
1909 2259 1954 2296 nt
1976 2259 2018 2297 et
2036 2258 2080 2294 tu
2104 2253 2257 2296 videns
2294 2253 2336 2295 in
2376 2251 2533 2296 decore
2565 2252 2833 2309 spiritualis
2842 2276 2873 2295 i¹
2919 2249 2924 2278 ²

1552 2324 1896 2368 conversationis
1916 2336 2004 2368 suae
2015 2324 2123 2367 nihil
2146 2324 2314 2376 abesse,
2326 2323 2440 2380 quod
2465 2324 2614 2369 debuit
2631 2325 2838 2380 adesse,
2845 2349 2848 2354 -
2871 2323 2873 2326 ⁴
2914 2321 2920 2357 ’ἱ

1551 2396 1660 2440 nihil
1679 2396 1833 2441 adesse
1857 2396 1972 2454 quod
1995 2397 2145 2442 debuit
2161 2397 2337 2450 abesse;
2361 2397 2520 2440 malum
2546 2396 2720 2454 quidem
2734 2409 2805 2442 re·
2831 2426 2839 2455 ·.
2872 2424 2874 2429 ·
2915 2393 2921 2429 f

1551 2469 1987 2526 probans,erigentea
2003 2469 2420 2525 peccato‚etbonum
2441 2468 2606 2524 eligens
2626 2480 2803 2514 caveres
2826 2485 2829 2518 j
2870 2462 2873 2505 ἕ
2916 2480 2920 2496 ’

1550 2542 1630 2586 ιιιιι
1651 2553 1675 2586 a
1693 2541 1866 2587 delicto.
1892 2542 2138 2586 Novissime
2155 2554 2259 2587 vero
2282 2542 2400 2599 pium
2421 2547 2465 2586 et
2506 2539 2841 2610 innocuumjlttsslg

1551 2628 1628 2660 ara
1650 2616 1794 2662 crucis
1819 2617 2071 2672 sanguinent
2097 2615 2283 2662 fundens
2299 2648 2311 2668 ,
2331 2621 2374 2660 et
2390 2628 2511 2659 reum
2535 2621 2575 2660 te
2594 2612 2805 2664 Dominus¹
2844 2616 2873 2674 ,ξ

1551 2696 1740 2747 tuusque
1762 2690 1975 2734 mediator
2005 2689 2320 2744 reconciliavit,
2339 2694 2382 2735 et
2424 2689 2703 2740 damnatione
2735 2678 2812 2754 (ιι-ἑι
2835 2678 2873 2850 'J
2914 2682 2915 2687 ’

1549 2776 1700 2821 gnum,
1738 2769 1878 2808 morte
1916 2764 2171 2820 turpissima
2211 2763 2386 2822 indigne
2421 2763 2653 2807 damnatus
2688 2764 2812 2828 ipse.
2868 2763 2871 2766 “
2915 2787 2919 2796 ·

1551 2836 1605 2879 ab
1626 2841 1785 2880 aeterna
1808 2835 2086 2879 damnatione
2110 2836 2327 2880 liberavit.
2348 2833 2524 2880 Haeeest
2547 2834 2686 2892 gratia
2705 2820 2850 2887 Sal-⁴5
2870 2856 2872 2884 ς
2914 2846 2919 2866 ³

1549 2907 1715 2952 vator-is
1738 2907 1877 2950 nostri
1900 2906 1977 2951 Dei
2006 2908 2150 2963 majus
2166 2908 2292 2952 nobis
2316 2913 2359 2951 et
2384 2907 2613 2951 sublimius
2636 2904 2805 2963 aliquid
2821 2893 2871 2965 Ἡ
2914 2944 2915 2947 ¹

1550 2983 1797 3036 conserens,
1826 2997 1956 3041 qnam
1969 2986 2109 3042 gratia
2127 2986 2310 3029 eontulit
2327 2985 2548 3031 Creatoris
2558 2987 2693 3030 nostri
2718 2990 2754 3023 Ι
2838 2957 2871 3022 3

1550 3058 1651 3114 quia
1687 3057 1813 3101 nobis
1834 3057 2068 3102 essentiam
2091 3059 2263 3114 quidem
2281 3058 2396 3102 dedit
2417 3064 2466 3102 ut
2488 3071 2686 3104 essemus
2711 3075 2726 3104 ι

1550 3129 1604 3173 ad
1634 3141 1757 3173 suain
1782 3141 1863 3175 nos
1884 3130 2115 3185 imaginem
2139 3135 2182 3174 et
2203 3129 2528 3175 similitudinem
2565 3131 2730 3176 creavit
2748 3143 2777 3179 ιι
2794 3150 2801 3164 2
2866 3175 2867 3178 ,

1550 3201 1734 3244 sublime
1767 3200 1929 3257 aliquid
1952 3213 2148 3245 essemus
2173 3213 2344 3245 omnem
2387 3202 2513 3246 nobis
2551 3207 2809 3258 creaturam,

1548 3272 1759 3316 visibilem
1785 3274 2030 3328 supposuit,
2055 3278 2103 3316 ιιι
2146 3273 2185 3318 ei
2218 3285 2518 3329 praeessemus.
2561 3271 2661 3319 Haec
2732 3304 2745 3310 ν
2761 3295 2785 3312 -·
2857 3275 2859 3284 ⁴

2913 3243 2915 3253 “
2912 3169 2924 3212 .·“
2913 2983 2924 3115 ····.*⁴⁴..

221 3355 338 3386 mam
355 3343 409 3386 ab
429 3355 481 3387 eo
499 3344 714 3399 accipiens
738 3344 883 3394 homo,
909 3343 954 3387 in
977 3356 1064 3387 uno
1086 3345 1262 3401 quidem
1298 3344 1354 3389 ad
1393 3345 1470 3390 de-
1495 3360 1531 3405 0
1550 3358 1632 3390 nos
1655 3346 1906 3401 ignorantes
1927 3346 2129 3396 erudivit,
2154 3346 2347 3391 liberans
2370 3346 2425 3390 ab
2450 3358 2627 3402 crrore;
2659 3347 2813 3404 ponar„
2847 3341 2859 3378 Q
2922 3359 2924 3363 ·

223 3415 454 3461 serendum
477 3415 521 3460 in
542 3416 655 3459 malo
680 3414 756 3474 [al.
781 3416 833 3459 ad
874 3416 1186 3463 deflectendum
1208 3430 1232 3461 a
1260 3418 1412 3477 malol.
1429 3426 1474 3464 et

223 3501 350 3534 versa
371 3490 464 3534 vice
482 3488 560 3548 [al.
586 3502 671 3533 una
715 3490 825 3548 viee]
848 3491 1041 3546 praecisis
1085 3504 1217 3548 supra
1235 3492 1472 3538 nominatis

224 3561 587 3616 concupiscentiae
615 3560 766 3612 ramis,
794 3563 980 3619 primum
1015 3569 1243 3619 peccatum
1266 3565 1371 3609 totis
1410 3563 1474 3608 vi-

226 3634 348 3678 ribus
361 3634 584 3686 devitaret,
607 3634 762 3679 deinde
784 3636 967 3682 virtutes
979 3642 1229 3690 exerceret;
1254 3637 1309 3680 ad
1329 3643 1473 3682 extre·

227 3719 346 3750 mum
375 3718 476 3751 vero
493 3719 666 3751 earnem
687 3718 808 3752 suam
837 3709 1168 3753 mundissimam
1203 3710 1249 3753 in
1270 3722 1344 3754 ara
1369 3722 1472 3754 cru-

229 3777 295 3820 eis
314 3777 541 3822 immolans
568 3784 610 3821 et
634 3779 822 3824 animam
865 3780 1266 3825 innocentissimam
1299 3782 1343 3829 in
1379 3795 1476 3826 ma-

229 3860 314 3894 nus
335 3847 475 3892 Patris
497 3852 819 3903 commendans,
845 3854 1020 3910 eoquod
1043 3854 1334 3902 indebitamiu
1357 3857 1476 3914 ligno

230 3922 382 3965 mortis
400 3934 614 3978 corporcae
627 3926 941 3971 damnationem
952 3928 1143 3982 pertulit,
1167 3928 1356 3973 debitam
1365 3943 1474 3986 quo·

232 4006 315 4049 que
339 3994 391 4038 ab
410 3995 599 4048 homine,
624 4011 751 4052 qnam
772 4000 814 4041 in
837 4012 1015 4055 corpore
1038 4001 1168 4046 simul
1202 4010 1245 4046 et
1267 4003 1311 4045 in
1328 4003 1474 4047 anima

232 4070 467 4116 meruerat,
492 4070 643 4111 mortis
659 4077 831 4113 aeternae
850 4071 1134 4125 perditionem
1154 4072 1349 4118 abstulit.

290 4135 360 4180 Vl.
382 4137 492 4182 Ecce
511 4146 686 4195 quanta,
705 4144 930 4199 qualisque
953 4151 1130 4201 apparet
1153 4147 1292 4202 gratia
1319 4145 1472 4191 Salva·

234 4218 342 4259 toris
365 4215 504 4258 nostri
538 4214 613 4258 Dei
639 4216 795 4273 :longe
822 4219 1062 4271 sublimior,
1095 4221 1222 4276 longe
1260 4227 1473 4277 praestan·

235 4287 322 4329 tior
346 4285 434 4336 illa,
456 4299 551 4342 quae
588 4290 632 4331 in
646 4291 882 4345 primordio
914 4294 1128 4349 apparuit,
1164 4295 1300 4350 gratia
1336 4295 1471 4339 Crea-

237 4358 346 4402 toris
367 4359 503 4402 nostri
527 4358 619 4404 Dei.
642 4358 686 4403 ln
711 4361 790 4405 hoc
807 4363 1006 4408 nimirum
1019 4365 1142 4410 etilla
1167 4367 1474 4413 succumbente

1553 3425 1622 3463 tos
1643 3418 1745 3461 lavit
1769 3419 1957 3475 eripiens
1979 3430 2004 3462 a
2032 3419 2182 3472 sorde;
2216 3419 2329 3463 lotos
2373 3420 2560 3471 ornavit,
2583 3419 2802 3473 decorans
2858 3464 2860 3467 .

1553 3491 1784 3534 sanctitate
1809 3506 1818 3532 :
1841 3501 1939 3534 reos
1955 3489 2109 3546 ,iudicii
2130 3490 2212 3534 sibi
2238 3490 2535 3535 reconciliavit
2570 3491 2744 3535 salvans
2770 3501 2801 3538 ι
2822 3508 2849 3529 -·

1552 3563 1844 3608 damnatione.
1886 3561 1922 3606 Ο
1962 3562 2325 3618 quadripartitum
2369 3562 2610 3606 salvatricis
2652 3563 2804 3618 gratita

1551 3635 1729 3685 benum,
1750 3634 1998 3689 praedicatio
2022 3634 2234 3685 veritatis,
2260 3634 2505 3697 reprobatio
2548 3634 2833 3690 pravitatis,
2827 3656 2857 3727 ζ

1553 3709 1774 3753 exsecutio
1794 3708 2066 3759 sanctitatis,
2075 3707 2219 3763 passio
2252 3718 2415 3763 asperae
2428 3706 2596 3751 mortis.

1610 3780 1697 3825 VH.
1742 3780 1874 3823 Multa
1890 3779 2062 3835 quidem
2085 3784 2126 3823 et
2143 3780 2228 3823 alia
2254 3779 2368 3822 bona
2392 3790 2607 3836 apparens
2628 3779 2674 3822 ιιι
2697 3787 2838 3823 car-.
2825 3787 2830 3805 ³

1553 3852 1745 3896 nenobi:
1769 3851 1950 3895 contulit
1969 3850 2182 3902 Salvator,
2208 3850 2281 3895 sed
2303 3850 2571 3906 superiorem
2604 3849 2696 3894 haec
2727 3849 2796 3893 in·-
2817 3839 2850 3932 ξι

1553 3934 1619 3973 ter
1654 3928 1737 3971 alia
1769 3928 1980 3980 obtinent,
2002 3931 2045 3971 et
2071 3925 2264 3970 babent
2253 3938 2299 3968 ιιι
2339 3937 2387 3970 se
2421 3929 2679 3973 caeterorum
2705 3911 2852 4015 prio}

1551 4007 1732 4047 matum
1763 3999 1885 4043 Unde
1906 4007 1948 4043 et
1983 4004 2158 4055 propter
2196 4010 2347 4044 eorum
2378 3996 2705 4054 praerogativam
2741 3993 2795 4042 de

1553 4086 1604 4119 ea
1622 4073 1727 4117 illud
1750 4072 1938 4115 arbitror
1971 4073 2204 4130 pertinere,
2233 4069 2354 4127 quod
2380 4071 2424 4113 in
2448 4071 2559 4114 libro
2578 4067 2833 4116 Geneseosa

1553 4145 1750 4201 legimus,
1770 4145 1870 4200 quia
1893 4144 2331 4189 videlicet1Flum'us
2347 4142 2629 4199 effrediebatur
2639 4142 2688 4186 de
2704 4127 2833 4186 loco?

1553 4219 1776 4273 volupiam
1801 4218 1855 4260 ad
1880 4217 2140 4273 irriqandum
2175 4215 2438 4273 paradisum,
2469 4216 2541 4271 qui
2563 4213 2659 4258 inde
2688 4212 2832 4260 divt-

1553 4294 1667 4337 ditur
1690 4294 1927 4350 inquantum·
1946 4294 2087 4348 capita
2119 4290 2238 4349 (Gen.
2274 4304 2324 4342 ιι,
2346 4290 2429 4347 to).
2468 4291 2574 4343 Quis
2612 4290 2795 4347 abnegat

1554 4368 1668 4413 hune
1690 4379 1786 4412 esse
1813 4367 1956 4411 locum
1985 4366 2103 4410 illum
2129 4365 2183 4410 de
2212 4378 2299 4421 qno
2338 4364 2569 4420 Apostolus
2595 4360 2679 4407 :In
2710 4373 2793 4422 qua
2820 4365 2838 4446 ‘4
2860 4371 2861 4375 ¹

2819 4023 2842 4046 -,,

2847 4502 2857 4533 :7
