2924 4588
754 101 1063 160 SERMON'ES.
1093 135 1147 144 --
1177 96 1231 156 iu
1261 101 1679 158 cincunsisiouu
1709 107 1912 158 nomm.

2531 113 2610 159 574

10 191 13 206 ⁸
54 176 371 260 {grentationum
395 203 615 257 molestia,
634 214 730 260 quae
745 203 892 248 nutrix
920 210 987 247 est
1007 203 1276 246 humilitatis.
1303 206 1338 251 Α
1361 210 1465 247 tunc
1487 203 1593 258 dicit
1618 209 1790 259 tempus
1807 201 2043 260 putationis
2060 200 2302 255 advenisse;
2319 212 2420 245 nam
2435 203 2608 258 quaudo

4 260 8 291 ἕ
56 258 229 306 “-14.
267 262 563 313 Quorumnam
605 259 808 304 vitiorum
842 271 919 315 per
947 258 1276 314 ‘quadruplicem

1 320 16 330 ’“
53 322 63 371 ff
91 319 362 373 disciplinam
401 314 679 370 superfluitas
712 319 951 358 truncetur.
971 339 1026 345 -—
1042 314 1110 358 15.
1159 313 1278 356 Malae

4 415 10 424 .

0 460 12 502 Ι

69 373 335 420 securitatis
359 377 403 415 et
426 371 621 429 superbae
643 370 848 415 vanitatis
869 382 923 414 ex
944 370 1026 413 hac
1048 368 1278 425 disciplina

54 435 261 480 :remanat
283 426 536 472 remedium.

7 542 10 546 ·
54 527 123 579 iq,
155 534 302 579 Gloria
333 540 375 578 et
402 534 498 581 laus
533 531 644 576 Filio
686 530 891 588 Virginis,
931 531 1076 576 Deoet
1095 531 1278 579 Domino

0 620 5 645 i

0 689 9 721 l

78 615 186 652 stro
211 607 385 651 Christo
407 605 510 650 Iesu
530 620 540 649 :
559 605 634 662 qui
668 603 713 650 in
745 605 828 648 hac
861 605 1088 649 nativitate
1107 616 1186 649 sua
1208 616 1279 650 sa·-

53 676 279 732 sancta,
318 681 476 724 decora
506 678 692 736 quadam
733 679 955 733 varietate,
989 687 1034 724 et
1063 681 1186 724 vario
1202 679 1280 723 de-

0 771 12 783 =·
55 748 136 802 <ire
169 745 384 796 'laetificare
418 763 499 795 nos
536 750 755 807 diguatus,
787 752 917 809 digna
941 765 1040 796 cum
1071 744 1279 800 memoria

4 837 10 875 ;
52 826 299 869 ebrantes
321 823 514 874 infantiae
541 835 629 868 suae
654 830 948 876 sacramenta,
971 830 1021 868 ut
1042 825 1084 867 in
1106 836 1279 869 eorum«-

6 903 9 933 2
68 899 129 960 “Jm
147 905 514 944 sacramentorum
534 898 740 941 varietate
761 898 935 949 celebri,
959 902 1003 942 et
1022 897 1154 942 decor
1175 910 1281 942 con-

51 989 76 1011 υ,
102 978 144 1014 at
167 970 548 1022 oblectamentum,
575 975 617 1014 et
639 971 829 1015 varietas
851 970 1020 1015 auferat
1037 970 1277 1016 fastidium.

52 1046 159 1092 ece,
195 1043 268 1100 qui
299 1055 437 1099 nuper
454 1055 532 1098 pro
549 1043 674 1087 nobis
689 1042 892 1099 dignatus
907 1049 975 1087 est
993 1044 1131 1096 nasci,
1151 1043 1280 1087 hodie

62 1121 234 1172 gnatus
261 1121 327 1158 est
347 1114 615 1161 eircumcidi.
647 1112 827 1164 Scitote,
862 1113 1136 1168 charissimi,
1164 1114 1280 1170 quod

59 1179 188 1242 &gna
218 1187 308 1231 liaec
331 1186 375 1232 in
399 1187 575 1232 salutari
609 1192 758 1235 nostro
786 1187 1008 1232 humilitas
1053 1187 1282 1243 dispensa-

1357 277 1505 332 hyems
1541 273 1698 320 transit
1735 275 1878 332 (Cant.
1905 287 1938 318 ιι
1954 307 1967 327 ,
1993 275 2080 334 12).
2103 275 2189 319 nisi
2212 274 2386 331 quando
2415 274 2607 331 perlecta

1357 348 1546 402 charitas
1587 347 1708 391 foras
1734 337 1936 391 timorem
1974 347 2140 390 mittit?
2163 347 2205 405 (1
2233 345 2361 391 Joan.
2385 358 2448 399 iv,
2473 346 2544 403 18)
2566 352 2610 392 et

1357 419 1454 463 ideo
1469 419 1601 463 ardor
1616 419 1782 464 aestatis
1802 419 1998 477 hyemem
2016 420 2197 476 ejiciens
2217 431 2338 463 amor
2365 424 2432 464 est
2462 420 2609 464 chari-

1359 491 1490 536 tatis:
1510 491 1708 536 timorem
1735 491 1972 547 expellens.
1995 491 2096 535 Abit
2113 504 2286 548 quoque
2311 492 2448 536 imber
2473 496 2516 535 et
2536 494 2621 536 re-'

1357 563 1498 614 cedit,
1525 575 1626 606 cum
1657 563 1914 607 adveniente
1942 568 2109 614 austro,
2146 569 2190 606 et
2228 564 2402 606 hortum
2441 575 2612 619 sponsat

1357 629 1580 691 perflante,
1616 635 1827 693 irriguum
1854 648 1905 680 ex
1928 640 2020 679 toto
2045 635 2230 686 inferius
2268 635 2527 688 exsiccatur,
2566 640 2611 680 et

1359 718 1535 751 amarus
1556 712 1686 762 atque
1713 708 1886 757 anxius,
1911 719 2038 763 quem
2065 712 2340 762 peccatorum
2364 706 2610 750 recordatio

1358 776 1542 826 format,
1567 775 1693 824 {letus
1718 777 1808 834 jam
1830 777 2028 826 discedit,
2054 776 2182 822 liores
2201 782 2412 833 apparent
2434 777 2510 834 [at.
2534 788 2612 834 ap-

1360 847 1606 910 parentes];
1639 848 1797 893 sinceri
1832 855 1874 892 ct
1911 848 2108 892 desaecati
2144 855 2247 894 sunt
2273 849 2444 904 piorum
2482 856 2611 905 atque

1360 925 1611 962 sanctorum
1627 912 1940 963 desideriorum
1959 918 2154 971 affectus,
2179 920 2224 963 in
2242 920 2350 975 ipsis
2371 920 2517 964 cordis
2545 921 2628 975 in·⁴

1360 987 1480 1037 timis
1533 998 1825 1048 erumpentes.
1888 990 2050 1036 Devota
2108 993 2255 1048 itaque
2308 998 2351 1036 et
2405 993 2610 1048 religiosa
2636 988 2638 990 ’

1361 1062 1520 1114 anima,
1554 1064 1730 1120 quaudo
1749 1069 1945 1119 ‘tempore
1970 1075 2057 1107 non
2075 1064 2302 1120 premitur,
2332 1064 2430 1120 quia
2458 1065 2613 1108 timore

1361 1144 1446 1176 non
1471 1139 1649 1189 urgetur
1669 1149 1678 1178 :
1698 1134 1872 1190 quando
1908 1134 2046 1179 imbre
2073 1134 2238 1179 doloris
2267 1147 2355 1179 non
2387 1135 2614 1192 perfundi·

1362 1211 1447 1257 tur,
1475 1207 1574 1262 quia
1599 1206 1757 1263 gaudio
1779 1209 2027 1252 securitatis
2048 1209 2267 1264 repletur:
2288 1208 2461 1265 quaudo
2485 1209 2613 1252 steri·

57 1285 59 1290 ’
80 1260 167 1303 ¹¹5⁵
185 1258 281 1310 “¹¹²¹
307 1271 393 1302 ‘¹⁰¹¹
414 1260 702 1303 ”eCflSSMUS-
724 1259 836 1312 Qum
853 1261 968 1303 enim
985 1260 1030 1307 5¹¹
1045 1271 1093 1303 Se
1113 1271 1279 1306 summa
1305 1277 1338 1320 B
1362 1277 1482 1322 litate
1499 1279 1869 1333 pusillanimitatis
1882 1291 1969 1323 non
1988 1281 2162 1332 arescit,
2181 1282 2282 1336 quia
2300 1281 2613 1326 desideriorum

12 1360 13 1365 =
59 1332 108 1383 ,ia
143 1334 307 1388 puritas
343 1332 495 1375 habu-it
526 1332 754 1387 pollutum,
795 1332 912 1388 quod
948 1332 1281 1375 circumcisione

5 1413 8 1420 ·
64 1406 321 1462 urgaretur?
347 1392 434 1450 -sed’
462 1406 588 1448 nobis
624 1405 911 1448 circumcisus
946 1411 1030 1456 est,
1054 1405 1128 1460 qui
1154 1404 1281 1448 nobis

6 1492 13 1527 j
62 1483 164 1523 tus
198 1484 279 1522 est.
321 1477 549 1529 Paruulus,
592 1478 852 1520 aitsanctus
878 1476 1190 1527 isaias‚'natus
1220 1482 1282 1519 est

53 1550 152 1593 obis
192 1548 300 1607 (Isa.
333 1561 396 1601 ix,
433 1547 506 1605 6);
538 1548 602 1592 sic
635 1561 808 1605 quoque
835 1555 878 1592 et
908 1548 1193 1594 circumcisus
1217 1555 1282 1592 est

78 1623 186 1677 bis3
211 1629 254 1666 et
273 1622 433 1678 quibus
466 1622 592 1667 nobis
629 1622 918 1666 circumcisus
940 1622 1033 1666 est?
1051 1622 1178 1666 nobis
1199 1622 1284 1665 uti-

10 1728 13 1746 ,
78 1694 431 1751 esuperliuitate
456 1695 619 1746 nimiis,
651 1694 868 1750 impietate
887 1695 1080 1753 pollutis.
1106 1693 1179 1738 Est
1203 1694 1285 1738 ita-

78 1780 120 1813 e
142 1768 426 1812 circumcisus
454 1768 608 1821 nobis,
642 1768 715 1824 qui
740 1767 784 1811 in
808 1768 934 1812 nobis
958 1779 1045 1811 non
1067 1767 1175 1810 nihil
1202 1767 1281 1810 ba-

14 1885 17 1889 ,
62 1851 205 1892 mus,
243 1845 287 1883 et
325 1840 440 1896 quod
473 1839 705 1884 mundetur
735 1839 969 1895 impurum,
994 1847 1036 1884 et
1059 1839 1175 1896 quod
1209 1828 1286 1883 ab·-

3 3866 26 3895 f

0 3921 29 3951 ..

0 3999 14 4063 n

0 4145 12 4173 l

0 4183 29 4230 iti'

90 1902 264 1956 'udatur
286 1911 567 1969 superfluum.
595 1912 640 1956 ln
665 1913 734 1958 liis
758 1911 1157 1958 duobus—consistit
1179 1912 1284 1955 illud

56 1991 237 2040 nagnam
261 1986 438 2037 malum,
470 1985 587 2041 quod
621 1986 775 2030 animae
805 1985 1005 2030 humanae
1028 1990 1071 2030 et
1094 1985 1286 2043 pulchri·

65 2058 227 2102 dinem
250 2058 390 2110 saedat,
412 2064 453 2102 et
473 2058 769 2104 fortitudinem
786 2059 997 2112 debilitat,
1017 2065 1060 2104 et
1081 2059 1286 2103 honesta·

17 2145 20 2147 ·
55 2142 119 2172 m
144 2130 358 2188 deturpat,
384 2135 427 2174 et
449 2130 760 2186 plenitudinem
796 2136 995 2183 evacuat,
1030 2135 1072 2175 et
1108 2131 1287 2186 integri-

22 2207 23 2210 ’
57 2206 167 2253 atem
200 2201 399 2257 dissipat,
430 2212 473 2245 et
494 2207 767 2245 venustatem
799 2201 1037 2254 decolorat,
1071 2209 1113 2247 et
1144 2202 1286 2245 aufert

24 2302 25 2305 =
54 2273 221 2328 cuique
246 2273 301 2316 ab
322 2285 387 2323 ea,
409 2273 620 2330 quidquid
642 2274 803 2318 bonum
825 2280 892 2319 est
915 2275 961 2318 in
981 2286 1032 2319 ea
1064 2280 1107 2319 et
1154 2274 1286 2320 inl'crt

1363 1349 1543 1395 floribus
1565 1350 1674 1394 nitet
1702 1366 1712 1394 z
1742 1356 1912 1406 tempus
1933 1364 2105 1408 quoque
2126 1352 2364 1408 putationis
2387 1353 2614 1398 advenisse

1364 1423 1575 1479 intelligat
1598 1439 1609 1468 t
1630 1430 1783 1468 sancto
1818 1432 1858 1468 et
1887 1425 2050 1469 salubri
2081 1425 2199 1475 huic,
2230 1425 2275 1468 iu
2309 1426 2390 1470 hoc
2420 1433 2612 1483 tempore

1364 1503 1555 1552 accepto,
1597 1499 1716 1553 operi
1752 1497 1924 1542 insistat
1945 1514 1954 1542 ε
1974 1504 2200 1554 amputare
2223 1504 2266 1542 et
2290 1499 2545 1544 abscindere
2568 1500 2613 1543 ln

1362 1567 1487 1611 vinea
1510 1579 1606 1619 sua,
1628 1581 1761 1613 carne
1783 1582 1860 1613 sua
1885 1569 2101 1621 vide-licet,
2125 1570 2189 1613 ve!
2209 1577 2351 1620 mente
2366 1582 2470 1624 sua,
2496 1572 2614 1628 quod

1364 1642 1511 1686 sterile
1538 1642 1712 1694 viderit,
1747 1647 1822 1685 aut
1858 1643 2052 1695 noxium,
2091 1643 2275 1688 sollicite
2304 1657 2395 1688 non
2426 1646 2611 1690 omittat.

1367 1711 1439 1755 Sic
1468 1725 1640 1768 sponsae
1665 1715 1836 1770 tempus
1868 1714 2107 1769 putationis
2129 1715 2320 1768 advenit,
2343 1722 2385 1762 et
2402 1716 2491 1771 jam
2516 1728 2613 1760 eum

1364 1786 1513 1842 hyems
1543 1786 1784 1838 transierit,
1817 1799 1915 1831 cum
1934 1787 2107 1831 nimbus
2131 1788 2307 1840 abierit,
2334 1802 2433 1832 cum
2460 1789 2615 1835 florum

1365 1860 1496 1902 decor
1534 1860 1755 1904 enituerit.
1794 1860 1868 1904 Sic
1898 1859 2075 1904 Petrum
2105 1859 2313 1906 Dominus
2345 1862 2476 1915 lavat,
2516 1875 2616 1907 cum

1365 1931 1457 1986 ipse
1479 1931 1689 1988 quidquid
1719 1932 1855 1989 ligat,
1873 1938 1947 1982 aut
1977 1932 2106 1977 solvit
2130 1933 2175 1977 in
2200 1939 2333 1987 terra,
2359 1935 2518 1978 eoelum
2546 1947 2612 1978 ra-

1365 2010 1456 2064 tum
1493 2004 1650 2048 babeat
1682 2004 1855 2061 (Manli.
1878 2018 1968 2056 xvi,
1993 2005 2095 2062 19):
2125 2006 2190 2050 sic
2224 2019 2396 2063 quoque
2429 2008 2616 2063 agricola

1366 2076 1584 2135 palmitem
1620 2086 1792 2135 purgat,
1827 2091 1926 2123 cum
1964 2078 2155 2123 fructum
2181 2079 2274 2134 ipse
2296 2080 2341 2122 in
2362 2080 2449 2123 vite
2473 2081 2614 2125 serat:

1364 2153 1430 2195 sic
1463 2151 1877 2210 deiiique‚,propter
1899 2151 2013 2207 quod
2050 2151 2141 2193 liaec
2179 2151 2323 2194 omnia
2360 2157 2618 2208 prosecutus

1365 2236 1478 2275 sum,
1513 2230 1555 2269 et
1583 2223 1716 2268 Josue
1738 2233 1814 2268 eos
1832 2224 2125 2274 circumcidit,
2147 2225 2222 2279 qui
2249 2224 2448 2267 lilii-sunt
2467 2224 2615 2270 lsrael.

1366 2294 1422 2338 Et
1445 2295 1706 2342 ,εἰνοιιηιοίἀὶε
1727 2299 1819 2352 eosj,
1844 2302 1892 2340 ut
1915 2296 2124 2353 legimus,
2141 2295 2317 2351 lapideis
2341 2297 2490 2340 cultris
2512 2296 2617 2354 (Jo-

59 2346 78 2389 i
102 2346 312 2402 quidquid
335 2347 496 2389 malum
529 2352 612 2392 est.
645 2345 809 2390 Nomen
837 2347 964 2403 178
985 2346 1115 2402 hujus
1144 2347 1284 2390 liorri-
1306 2348 1339 2393 C
1366 2377 1439 2407 sue
1463 2378 1504 2416 v,
1528 2365 1590 2422 2)oe

68 2417 136 2465 'lis
171 2424 212 2460 ct
243 2419 509 2470 detestabilis
537 2420 656 2471 mali,
683 2421 719 2464 si
746 2420 896 2463 audire
918 2420 1165 2472 desideras,
1192 2422 1285 2477 ipsa

24 2508 25 2511 ¹
69 2539 79 2545 ,
122 2491 474 2548 concupiscentia
503 2491 654 2534 illicita
674 2505 797 2547 :quae
818 2491 1023 2535 nimirum
1046 2493 1148 2536 dum
1170 2493 1287 2536 ordi-

21 2587 24 2589 *
57 2574 135 2605 ·iu
158 2562 336 2614 descrit,
365 2562 407 2606 id
431 2570 654 2624 appetens,
679 2565 795 2621 quod
818 2567 1065 2610 nullatenus
1086 2571 1286 2622 appetere

58 2635 164 2691 lebet
180 2667 192 2687 ,
218 2636 478 2691 subJectum,
514 2637 585 2680 cui
616 2638 745 2689 inest,
771 2638 861 2683 sive
884 2651 1058 2697 corpus,
1080 2639 1170 2683 sive
1193 2640 1287 2683 ani-

59 2718 173 2757 nam,
207 2708 298 2752 sive
325 2714 578 2765 utrumque,
614 2702 878 2766 impuritate
895 2708 1144 2767 pollutionis
1167 2723 1288 2755 com-

59 2783 256 2836 uaculat3
288 2789 330 2827 et
348 2783 452 2827 dum
474 2796 722 2828 mensuram
741 2785 926 2837 excedit,
953 2786 1075 2830 aliter
1096 2786 1138 2828 in
1162 2798 1288 2842 appe—

59 2853 167 2898 endo
201 2869 247 2900 se
283 2869 479 2910 movens,
518 2870 647 2913 quam
677 2857 718 2903 ei
749 2859 865 2911 licet,
895 2859 1008 2903 idem
1043 2859 1285 2916 subjectum

58 2941 167 2973 suum
199 2931 508 2986 superfluitatis
528 2931 762 2975 nimietate
783 2930 919 2975 inflat.
946 2932 1164 2990 Quidquid
1183 2946 1286 2990 ergo

60 3012 85 3044 n
119 3001 246 3045 nobis
276 3003 436 3057 malum
462 3004 562 3054 hoc,
592 3005 943 3060 concupiscentia
974 3005 1173 3050 videlicet
1202 3007 1286 3050 illi-

61 3074 142 3125 εἰῑιι,
166 3076 231 3118 vel
253 3088 328 3131 per
351 3076 640 3132 impuritatem
663 3078 891 3134 pollutum,
917 3079 981 3122 vel
998 3090 1075 3134 per
1089 3079 1287 3123 nimieta-

61 3161 127 3193 em
151 3150 226 3200 dat
255 3163 354 3196 esse
387 3150 650 3207 superfluum
666 3184 677 3204 ,
701 3165 778 3208 per
802 3152 1039 3196 remedium
1061 3164 1143 3198 nos
1165 3153 1286 3197 decet

20 3258 21 3265 ,
61 3221 286 3280 zbstergere
315 3225 554 3280 spiritualis
579 3227 939 3271 circumcisionis.

96 3309 146 3355 Π.
180 3311 318 3367 Cultri
353 3325 473 3366 vero,
510 3314 668 3370 quihus
696 3315 934 3370 spiritua-lis
965 3315 1047 3360 ista
1088 3313 1284 3359 facienda

4 3406 9 3413 ·
62 3382 315 3427 :ircumcisio
346 3390 428 3437 est,
453 3386 729 3442 compunctio
762 3394 828 3430 est
862 3393 904 3442 ct
937 3387 1285 3443 disciplina;illa

35 3473 37 3511 3
63 3456 156 3508 Quod
188 3457 402 3511 impurum
426 3466 507 3510 est,
534 3459 684 3510 abluit,
720 3459 811 3502 haec
841 3471 959 3513 vero,
989 3460 1104 3516 quod
1133 3473 1288 3516 super-

62 3525 174 3571 iuum
211 3529 410 3573 abscidit.
447 3530 500 3573 Et
530 3530 729 3576 fortassis
752 3533 810 3575 illi
837 3539 936 3576 sunt
954 3533 1109 3584 cultri,
1130 3534 1287 3589 quihus

60 3596 186 3643 ..dbuc
218 3599 346 3644 hodie
378 3607 530 3645 noster
557 3603 827 3646 circumcidit
854 3603 986 3647 Josue
1017 3604 1128 3648 filios
1157 3603 1292 3656 Israel,

22 3705 24 3717 ‚
64 3667 152 3712 εῙοιιυ
178 3683 222 3722 v,
245 3671 413 3726 a}..Qui
436 3673 640 3718 nimirum
663 3674 819 3729 lapidei
841 3680 942 3717 sunt
965 3680 1141 3730 propter
1167 3675 1290 3718 forti-

94 3741 252 3796 dinem,
277 3748 323 3788 ut
345 3749 465 3799 puto,
481 3747 809 3803 perseverantiae
831 3762 841 3789 ε
860 3751 902 3789 et
919 3747 995 3790 filii
1015 3742 1117 3798 sunt
1139 3747 1286 3798 Israel,

4 3812 19 3834 ·'
65 3817 88 3854 et
110 3815 443 3860 tamena-Josue
467 3818 822 3870 circumcidendi,
857 3819 957 3875 quia
993 3825 1036 3862 et
1074 3832 1180 3877 ipse,
1216 3821 1290 3875 qui

66 3888 289 3941 ,peciaiiter
301 3901 326 3931 a
337 3889 518 3945 Domino
536 3891 679 3934 claves
693 3899 915 3947 acceperat
931 3893 1049 3948 regni
1065 3894 1288 3945 ciclorum,

18 3980 21 3998 l
66 3949 210 4005 audivit
231 3975 242 4003 ι
263 3962 299 4003 si
335 3974 416 4005 non
452 3961 589 4006 lavero
625 3971 677 4014 te,
715 3977 795 4006 non
825 3964 992 4007 habebi-s
1025 3972 1184 4019 partem
1206 3979 1293 4008 me-

72 4042 142 4072 um
167 4029 308 4086 (loun.
334 4046 430 4087 xm,
457 4034 499 4092 8)
515 4067 526 4086 ,
551 4041 592 4078 et
615 4048 776 4078 omnem
798 4036 1027 4091 palmitem,
1046 4035 1180 4090 quiin
1203 4037 1293 4078 vite

0 4111 6 4120 ¹
67 4103 240 4156 {liristm
275 4105 354 4159 fert
388 4107 585 4161 fructum,
620 4108 812 4163 piu-qubit
848 4108 1037 4162 agricola
1070 4106 1216 4159 Pater,
1248 4115 1292 4149 ut

65 4176 233 4219 ‘'ruci-um
254 4178 348 4233 plus
373 4180 520 4236 afferat
545 4180 689 4237 (Joan.
712 4194 792 4232 xv,
819 4180 879 4237 9.).
907 4181 1028 4232 Quod
1048 4181 1152 4223 etin
1173 4193 1293 4224 amo-

7 4261 25 4302 ‘.
69 4249 113 4292 ’is
128 4247 304 4292 Cantico
322 4251 489 4305 videtur
501 4252 742 4307 exprimere
759 4265 958 4307 λψοιιιςιιε,
975 4252 1047 4307 qui
1066 4257 1292 4307 postquam

0 4314 28 4386 ‘¹'
69 4322 239 4368 isseruit
255 4322 447 4379 hyemem
468 4325 709 4373 transiisse,
728 4325 906 4366 imbrem
926 4324 1083 4367 abiisse
1099 4329 1141 4367 et
1158 4337 1295 4367 reces-

0 4390 59 4418 l

54 4434 59 4469 l

39 4492 58 4523 ⁹)

70 4392 188 4449 ‘iisse⁷
201 4392 326 4437 liores
339 4396 470 4439 etiam
485 4397 527 4441 in
546 4409 622 4440 sua
641 4404 679 4439 et
698 4409 865 4451 spo-usse
882 4403 994 4439 terra
1015 4397 1288 4452 apparuisse:

1422 2437 1492 2482 111.
1526 2438 1635 2483 Seca
1659 2451 1925 2495 quaesumus,
1950 2446 1992 2484 et
2017 2440 2191 2485 abscide
2223 2441 2267 2484 in
2304 2441 2432 2486 nobis
2466 2442 2618 2487 cultris

1367 2511 1454 2555 tuis
1488 2511 1670 2568 lapideis
1701 2511 1844 2556 omnia
1870 2512 2102 2568 superflua,
2134 2519 2178 2557 et
2210 2513 2339 2558 noxia
2381 2520 2555 2567 nostra,
2591 2527 2618 2558 o

1367 2586 1477 2629 bone
1498 2592 1542 2629 et
1565 2586 1750 2642 benigne
1778 2591 1927 2629 noster
1959 2585 2086 2631 Jesu!
2110 2587 2185 2642 qui
2209 2587 2446 2632 succedens
2481 2587 2618 2645 Moysi

1367 2658 1572 2714 populum
1598 2663 1720 2702 tuum
1744 2658 1855 2702 filios
1873 2658 2004 2702 lsrael
2029 2660 2073 2701 iu
2098 2665 2257 2703 terram
2282 2660 2405 2704 ducis
2428 2660 2553 2703 melle
2575 2667 2618 2704 et

1367 2732 1478 2776 lacte
1500 2740 1772 2786 manantem3
1797 2733 1841 2775 in
1867 2744 1996 2788 quam
2020 2733 2112 2787 ipse
2134 2745 2210 2777 eos
2234 2734 2508 2777 introducere
2532 2745 2617 2776 non

1367 2805 1507 2860 potuit
1525 2821 1536 2850 ε
1555 2805 1656 2861 quia
1677 2805 1784 2862 quod
1811 2805 2065 2861 impossibile
2081 2812 2172 2848 erat
2193 2805 2272 2861 leqi
2287 2837 2298 2857 ‚
2348 2818 2445 2863 quae
2467 2806 2606 2849 nemi-

1367 2890 1466 2922 nem
1498 2877 1553 2921 ad
1590 2878 1832 2934 perfectum.
1856 2878 2060 2929 adduxit,
2088 2879 2131 2920 in
2157 2891 2236 2935 quo
2262 2887 2300 2921 et
2322 2878 2617 2934 infirmabatur

1365 2963 1436 3006 per
1455 2963 1623 2996 carnem
1642 2962 1657 2993 .·
1682 2950 1793 2994 Deus
1813 2957 1852 2993 te
1869 2949 2030 2994 Filium
2048 2963 2172 2997 suum
2190 2952 2375 3003 mittens,
2397 2952 2440 2993 in
2465 2951 2619 2994 simili-

1306 3059 1308 3061 ,
1368 3023 1552 3068 tudinem
1569 3024 1709 3066 carnis
1725 3024 1881 3079 peccati
1896 3055 1908 3075 ,
1928 3023 1978 3066 de
1993 3031 2158 3086 peccato
2175 3023 2389 3071 damnarit
2404 3030 2618 3078 peccatum

1367 3098 1411 3140 in
1444 3110 1569 3140 carne
1603 3095 1740 3153 (Rom.
1779 3108 1886 3147 vm,
1913 3096 1973 3152 5).
2000 3095 2125 3141 Ellicc
2142 3110 2223 3141 nos
2240 3110 2316 3153 per
2343 3097 2617 3153 disciplinam

1367 3169 1548 3225 rigidos,
1573 3169 1692 3212 effice
1715 3175 1758 3212 et
1780 3181 1856 3225 per
1878 3170 2253 3225 compunctionem
2283 3183 2520 3214 concussos
2542 3185 2551 3214 ε
2570 3182 2618 3213 ιιι.

1367 3242 1440 3288 illa
1464 3241 1577 3285 bona
1595 3242 1638 3284 in
1655 3242 1782 3285 nobis
1797 3247 2023 3290 conservet
2036 3241 2126 3296 jain
2140 3243 2304 3294 habita,
2324 3243 2414 3287 liaec
2434 3255 2535 3286 vere
2548 3255 2618 3287 re·

1367 3319 1546 3368 cuperet
1573 3314 1751 3357 amissa.
1787 3313 1878 3357 Hoc
1917 3326 2027 3370 opus
2062 3322 2185 3358 tuum
2211 3317 2290 3366 sit,
2311 3316 2393 3358 hoc
2425 3316 2615 3359 studium

1368 3391 1509 3430 tuum.
1546 3384 1581 3429 Ο
1610 3386 1753 3431 anima
1781 3397 1893 3438 mea,
1930 3386 2022 3430 haec
2058 3398 2162 3433 cura
2187 3393 2228 3431 et
2252 3388 2496 3432 sollicitudo
2524 3395 2613 3441 tua,

1369 3458 1556 3513 primum
1578 3458 1752 3514 quidem
1777 3465 1824 3501 ut
1841 3459 2074 3508 mortifices
2089 3460 2280 3503 membra
2297 3467 2386 3514 tua,
2405 3474 2500 3516 quae
2515 3467 2617 3506 sunt

1369 3543 1500 3587 super
1521 3538 1679 3584 terram
1705 3530 1864 3587 (Colca.
1891 3544 1964 3583 ιιι,
1991 3532 2051 3588 5),
2077 3545 2339 3589 carnemque
2373 3539 2489 3576 tuam
2521 3547 2617 3578 cru-

1369 3605 1547 3661 cifigas,
1573 3616 1671 3648 cum
1706 3605 1825 3648 vitiis
1852 3611 1894 3649 et
1918 3606 2281 3660 concupiscentiis
2308 3604 2420 3663 (Gal.
2444 3620 2486 3658 v,
2513 3607 2611 3664 240:

1368 3683 1410 3720 ct
1433 3676 1586 3732 spiritu
1619 3675 1731 3718 sacta
1755 3676 1945 3731 ejusdem
1968 3676 2111 3719 carnis
2128 3676 2374 3728 mortifices,
2396 3677 2614 3721 abstinens

1368 3752 1411 3790 tc
1432 3758 1456 3788 a·
1480 3747 1725 3793 carnalibus
1759 3746 2011 3796 desideriis,
2047 3759 2141 3800 qute
2177 3747 2363 3791 militant
2388 3746 2613 3789 adversum

1366 3821 1429 3873 te,
1466 3816 1840 3859 conversationem
1879 3821 1998 3859 tuam
2035 3817 2147 3860 inter
2183 3822 2333 3873 gentes
2357 3818 2518 3860 liabens
2544 3829 2616 3859 no·

1370 3901 1470 3931 nam
1494 3887 1536 3946 (Ι
1552 3889 1683 3933 Petri.
1699 3900 1749 3940 ιι,
1765 3888 1834 3946 11)
1857 3905 1866 3931 :
1886 3888 2125 3933 emundans
2145 3891 2274 3932 etiam
2291 3895 2333 3932 te
2355 3889 2408 3931 ab
2422 3890 2535 3931 omni
2554 3891 2614 3931 in·

1371 3962 1650 4017 quinamento
1675 3962 1818 4004 carnis
1836 3973 1886 4003 ac
1906 3951 2099 4015 spiritus,
2122 3960 2348 4016 perficiens
2371 3960 2614 4008 sanctifica-

1371 4032 1530 4080 tionem
1548 4034 1593 4076 in
1618 4034 1771 4082 timore
1792 4031 1867 4074 Dei
1891 4031 1960 4087 (11
1985 4030 2084 4075 Cor.
2108 4044 2188 4082 vu,
2214 4031 2271 4088 l).
2294 4032 2414 4085 Quod
2447 4033 2481 4075 si
2510 4044 2614 4087 pra».-

1371 4111 1496 4149 venta
1530 4111 1573 4148 et
1601 4111 1819 4160 superata,
1849 4105 2066 4147 abstracta
2099 4111 2142 4147 et
2176 4106 2335 4156 illecta,
2370 4106 2510 4149 minus
2543 4105 2610 4147 his

1371 4177 1549 4231 intenta,
1572 4177 1639 4219 vel
1663 4178 1803 4220 minus
1828 4177 1871 4218 in
1891 4176 1957 4219 his
1978 4175 2111 4218 fueris
2134 4177 2326 4220 studiosa
2349 4209 2359 4226 ‚
2389 4177 2477 4219 redi
2501 4188 2610 4230 prae-

1370 4250 1604 4294 varicatrix
1623 4248 1676 4292 ad
1698 4261 1789 4301 cor,
1816 4255 1860 4292 et
1881 4260 2065 4302 arguens
2085 4254 2142 4298 te,
2166 4254 2306 4291 statue
2327 4254 2368 4290 te
2386 4256 2532 4289 coutra
2551 4246 2610 4288 sa·

1370 4323 1480 4366 ciem
1505 4328 1638 4364 tuam.
1659 4320 1761 4364 Dole
1784 4327 1825 4363 et
1847 4321 1984 4374 plora,
2011 4332 2132 4374 geme
2154 4327 2191 4362 et
2217 4319 2385 4376 suspira
2410 4318 2503 4372 (lob
2540 4329 2606 4370 ιιι,

1369 4393 1440 4449 24)
1464 4409 1476 4436 ·.·
1495 4393 1672 4451 etquasi
1701 4392 1955 4435 inundantes
1980 4403 2112 4445 aquae,
2146 4391 2206 4433 sic
2227 4392 2391 4445 rugitus
2415 4397 2512 4432 tuus
2536 4402 2585 4431 su
