2924 4588
287 119 600 199 ΛΝ,

352 297 484 330 ctum.
522 283 624 327 illud
654 292 837 336 namque
878 278 1019 335 majus
1056 278 1283 332 minusque
1328 279 1589 331 praeceptum

350 366 394 406 et
417 356 674 418 prohibiqm
703 359 798 404 est,
841 351 957 407 quod
986 350 1121 406 magis
1169 348 1398 403 minusque
1421 351 1590 390 constat

349 432 455 475 velle
482 441 575 474 eum
597 461 609 481 ,
642 427 714 483 qui
745 425 938 482 praecipit
974 429 1018 470 et
1045 422 1256 479 prohibet.
1292 421 1343 465 Et
1370 421 1467 464 ideo
1508 431 1589 476 pro

348 501 571 548 excellenti
607 506 648 544 et
665 510 818 556 magna
834 498 1051 542 voluntate
1065 495 1257 552 jubentis
1273 495 1337 538 sie
1353 493 1586 545 modicum,

348 577 459 619 sieut
491 584 691 628 magnum
730 569 804 614 Dei
839 570 1103 626 prohibitum
1139 568 1289 612 debuit
1322 567 1393 610 ille
1422 566 1587 622 primus

345 646 474 692 homo
510 644 679 696 vitare3
717 642 819 686 dum
854 647 1020 686 constet
1057 641 1199 696 ipsum
1236 637 1466 682 Dominum
1500 645 1586 682 tam

345 727 498 774 magna
513 747 529 767 .
550 720 725 770 tamque
744 713 968 757 excellenti
992 712 1214 755 voluntate
1227 710 1419 755 votuisse
1441 708 1578 766 probi--

343 789 478 831 lcitum
515 786 678 841 suscipi
714 784 960 836 modicum,
996 795 1123 840 quam
1163 795 1316 838 magna
1337 815 1347 830 ,
1373 794 1588 839 quamque

342 859 565 904 excellenti
587 858 723 900 voluit
745 856 909 912 suscipi
930 867 1132 912 magnum
1148 889 1158 898 .
1183 853 1462 911 Consequens
1482 886 1493 905 ‚
1520 854 1586 898 in-

340 943 467 986 quam
488 962 499 979 ,
532 929 703 973 videtur
729 940 782 971 ex
815 927 884 971 his
908 939 1004 972 esse
1025 957 1037 978 ,
1061 926 1175 983 quod
1207 927 1389 971 multum
1419 926 1584 983 primus

340 1005 411 1048 ille
434 1015 590 1061 parens
610 1006 817 1058 peccavit.
852 1000 987 1053 Quam
1006 999 1227 1050 horribile,
1257 999 1410 1055 inquit,
1435 1000 1478 1043 et
1506 1000 1588 1042 im·

1214 107 1399 154 ,Anam
1427 79 2012 154 rnAEuoNsmi'rstts

352 182 553 271 pieridum
574 243 583 263 ,
620 223 672 255 ea
694 209 821 278 etiam
850 190 1167 262 exsequendum
1183 236 1198 257 ‚
1230 216 1314 260 qua
1346 208 1413 247 est
1443 196 1587 257 injun-
1610 202 1647 247 Α
1667 201 1785 245 liaee:
1810 199 1923 253 Quid
1939 200 2088 256 itaque
2108 198 2152 242 in
2178 197 2263 241 hoe
2288 196 2365 241 tibi
2392 195 2506 242 facto
2522 197 2742 250 innuitur,
2762 196 2847 245 uisi
2872 198 2924 253 ufl

2815 0 2924 156 ml

1668 273 1729 332 id,
1755 273 1869 329 quod
1888 272 1965 316 tibi
1986 283 2012 315 a
2034 270 2214 328 praelato
2230 269 2357 314 audis
2379 270 2626 326 prohiberi,
2650 271 2770 316 nulio
2792 259 2924 318 mod*

1668 346 1831 390 audeas
1861 353 2009 401 postea
2039 343 2224 411 alieuius
2246 342 2596 401 suggestionibus
2619 332 2920 402 commutare}

1667 420 1753 464 nisi
1787 419 1831 462 in
1868 417 2066 462 eumdem
2103 417 2319 461 seniorem
2356 426 2478 460 tuum
2517 406 2835 471 certissime

1666 490 1787 536 veris
1817 489 2047 534 mutasse?
2074 486 2241 546 'Collige
2274 499 2378 546 ergo
2415 499 2468 532 ex
2512 488 2611 538 his.
2645 495 2806 546 quanta
2835 504 2838 507 “
2914 483 2917 490 ‘

1666 563 1771 608 beas
1811 558 2008 605 sollicitae
2036 570 2132 606 aev
2155 560 2339 605 siucerae
2386 559 2642 607 humilitatis
2692 560 2865 607 devotio

1665 629 1808 678 Patris
1843 634 1906 678 tui
1938 633 2188 691 spiritualis,
2224 639 2439 691 praecepta
2487 636 2538 678 ac
2574 633 2796 690 prohibita
2829 644 2859 679 n
2902 656 2905 673 ι

1666 719 1822 765 magna
1861 707 2002 752 solum
2017 739 2030 760 ,
2053 706 2128 751 sed
2163 706 2207 752 et
2235 718 2332 764 quae
2356 706 2526 753 modica
2548 707 2765 760 videntur,
2787 713 2861 752 ve·
2911 719 2913 723 ·

1665 793 1769 824 rari.
2760 797 2762 799 ·

1719 842 1792 897 lX'.
1816 844 1852 897 O
1876 858 1920 896 ιιι
1945 856 2087 896 tamen
2113 854 2372 897 caeterarum
2408 852 2615 897 virtutum
2640 853 2912 909 obedientia,

1664 927 1858 983 quaesola
1874 939 1951 971 eas
1971 926 2212 971 aeternitate
2229 924 2336 972 l'a‘cis
2349 925 2539 971 coelestis
2552 924 2718 984 praemii
2729 925 2912 985 dignas-t

1666 999 1832 1056 Ubique
1853 998 1972 1044 tutus
1999 1000 2161 1045 incedit
2179 1009 2326 1052 verus,
2349 1006 2391 1045 et
2411 1001 2613 1046 sincerus·
2632 1001 2855 1062 obediens,
2884 1035 2893 1042 -

337 1090 463 1121 snzne
485 1082 709 1132 peccatum
748 1073 962 1117 commisit
981 1105 993 1123 ,
1035 1084 1158 1128 poeua
1196 1072 1466 1130 subsequens
1498 1085 1585 1116 non
1667 1072 1720 1116 de
1743 1070 1938 1116 mercede
1960 1079 2140 1117 necesse
2157 1085 2245 1132 non
2267 1068 2398 1117 habet
2419 1073 2631 1121 dubitare.
2659 1073 2743 1124 Sed
2765 1075 2840 1120 ubi
2855 1075 2887 1120 i¹

339 1149 477 1192 solum
503 1148 546 1191 in
568 1159 619 1190 eo
634 1179 645 1198 ,
672 1146 744 1190 sed
767 1150 896 1190 etiam
918 1157 961 1187 ιιι
987 1145 1111 1188 nobis
1135 1153 1355 1189 evidenter
1374 1145 1580 1189 ostendit.
1664 1146 1862 1189 venietur
1886 1145 1958 1189 iile
1981 1175 1993 1196 ,
2019 1152 2062 1189 et
2081 1145 2179 1189 uuis
2205 1137 2276 1189 ille
2296 1144 2396 1190 est?
2428 1145 2588 1202 Utique
2610 1146 2688 1204 qui
2710 1152 2844 1201 totus,
2870 1161 2896 1196 e

335 1219 423 1264 Nee
461 1228 606 1262 tamen
627 1250 637 1268 ‚
678 1218 850 1272 inquam
869 1249 880 1269 ,
919 1222 966 1261 ιιι
989 1223 1035 1260 ιιι
1059 1218 1167 1260 dicis
1188 1250 1198 1267 ,
1230 1223 1395 1260 tantum
1415 1223 1509 1262 erat
1543 1217 1587 1262 ei
1664 1229 1715 1261 ex
1742 1223 1833 1261 toto
1856 1217 1908 1260 ad
1929 1221 2080 1261 nutum
2101 1217 2259 1274 pendet
2286 1218 2575 1273 praesidentis,
2614 1219 2724 1263 nihil
2742 1221 2888 1277 penitu

336 1292 604 1342 damnabile,
629 1290 741 1346 quod
767 1290 1025 1346 prohibitum
1049 1302 1136 1333 non
1167 1290 1306 1333 tenuit
1326 1318 1342 1341 ,
1374 1284 1582 1347 quantum
1607 1272 1641 1334 Β
1664 1288 1747 1332 sibi
1771 1290 1962 1332 retinens
1984 1289 2038 1332 de
2070 1291 2140 1340 se,
2166 1300 2255 1344 quo
2278 1301 2324 1334 se
2349 1288 2402 1332 ad
2423 1288 2618 1345 ejusdem
2642 1296 2794 1336 nutum
2825 1288 2901 1351 [al

334 1366 446 1421 quod
473 1364 514 1410 in
539 1364 619 1406 hoc
642 1363 936 1419 prohibentem
959 1358 1235 1418 contempsit.
1662 1362 1716 1404 ad
1740 1361 1937 1405 eumdem
1955 1361 2199 1420 praelatum}
2218 1363 2265 1406 in
2293 1363 2437 1419 aliquo
2454 1375 2549 1407 -non
2574 1363 2752 1410 inclinet
2773 1366 2881 1411 min

393 1436 497 1480 vill.
533 1434 603 1480 Sic
624 1468 636 1487 ,
672 1435 843 1491 inquit,
876 1434 990 1478 dico.
1029 1432 1080 1477 Et
1103 1446 1212 1491 ego:
1235 1433 1377 1487 Quare
1410 1447 1512 1491 ergo
1535 1423 1578 1479 in
1661 1445 1770 1489 rem,
1798 1434 2049 1491 miliumque
2064 1429 2106 1479 ei
2123 1441 2313 1491 unquam
2333 1436 2402 1480 vel
2421 1448 2601 1493 usquam
2615 1438 2886 1495 praeiudicii!

332 1523 480 1559 eorum
505 1521 620 1554 nunc
641 1508 864 1565 praeceptis
895 1512 936 1551 et
960 1507 1202 1563 prohibitis,
1249 1508 1347 1552 licet
1369 1508 1575 1559 minimis,
1661 1502 1850 1551 taciens:
1886 1508 1961 1551 sed
1993 1515 2170 1564 paratus
2197 1520 2296 1553 eum
2327 1509 2478 1566 sequi,
2521 1522 2783 1569 quocunque
2814 1509 2906 1559 ieri*

331 1585 404 1641 qui
421 1584 515 1639 ejus
540 1585 675 1627 vicem
699 1587 860 1631 tenent,
883 1586 1172 1635 contemptum
1197 1581 1327 1624 simili
1342 1581 1469 1627 modo
1492 1593 1579 1624 non
1660 1579 1804 1638 (Apoc.
1827 1589 1916 1633 xiv,
1940 1580 2011 1637 14)
2029 1595 2042 1635 ;
2066 1581 2107 1626 ei
2122 1588 2168 1626 se
2186 1575 2480 1635 conformans,
2498 1588 2541 1626 et
2556 1583 2793 1628 secundum
2811 1576 2897 1629 eu

329 1655 531 1702 concedis
556 1666 650 1699 esse
673 1653 957 1697 damnabilem
978 1664 1121 1711 ,cum
1146 1653 1241 1717 ipso
1271 1658 1480 1707 testante,
1503 1654 1578 1710 qui
1659 1651 1899 1698 informans
1917 1685 1930 1706 ,
1967 1652 2194 1697 ambulans
2216 1653 2268 1697 ad
2292 1653 2430 1706 illum,
2449 1652 2526 1700 sed
2544 1646 2634 1711 'prae
2651 1655 2753 1710 i1103
2790 1656 2864 1700 nul
2894 1678 2900 1694 ι

327 1730 409 1775 hos
443 1732 682 1784 spernunt,
720 1737 768 1770 se
803 1724 1046 1781 spernant?
1075 1723 1128 1767 Et
1150 1737 1250 1770 ecee
1271 1719 1473 1783 quiddam
1496 1725 1575 1789 tibi
1657 1724 1786 1769 modo
1808 1725 1958 1769 volens
1982 1725 2047 1769 vel
2069 1725 2267 1770 contrahi
2293 1725 2403 1769 eitra
2419 1757 2433 1777 ,
2456 1726 2528 1772 vel
2554 1728 2754 1786 progredi
2777 1729 2894 1788 ultra

327 1799 426 1842 deo
447 1829 458 1849 ,
497 1796 609 1853 quod
647 1795 785 1852 magis
809 1803 1092 1850 recognoscas
1110 1825 1122 1846 ,
1165 1807 1294 1850 quam
1330 1794 1573 1852 ag‘noscas3
1657 1797 1762 1851 Quis
1786 1804 1847 1841 est
1875 1797 1959 1850 hic,
1979 1804 2021 1841 et
2044 1792 2310 1841 laudabimus
2336 1811 2432 1843 eum
2445 1797 2584 1856 {fecit
2600 1793 2711 1844 enim
2734 1799 2895 1845 miratu

326 1871 442 1929 quod
465 1870 747 1913 reminiscens
766 1900 777 1920 ,
804 1867 869 1912 sic
908 1868 1204 1923 obstupescas,
1234 1873 1280 1911 ιιι
1303 1881 1393 1927 ιιοιιΙ
1411 1868 1577 1914 medio·
1657 1869 1716 1912 lia
1734 1870 1778 1913 in
1795 1869 1882 1913 vita
1899 1882 1978 1912 sua
2003 1867 2182 1925 (Eccles.
2206 1876 2328 1921 xxxi,
2350 1868 2412 1927 9).
2447 1863 2505 1929 sst
2521 1873 2621 1926 qu'ae
2651 1868 2741 1922 vita
2771 1870 2897 1927 ejus‘«

326 1944 457 1987 criter
478 1943 755 1987 extimescas.
776 1940 936 1986 Missus
955 1939 1115 1983 dudum
1137 1952 1161 1983 a
1185 1939 1338 1988 Judaea
1352 1941 1397 1987 in
1421 1940 1574 1986 Sama·
1654 1941 1780 1987 Certe
1801 1940 2071 1996 obedientia;
2108 1941 2212 1998 quia
2230 1941 2294 1987 sic
2312 1931 2433 1998 apud*
2448 1950 2549 1990 eum
2571 1942 2757 1997 vivitur,
2781 1942 2893 2000 ets

325 2016 433 2060 riam
470 2026 494 2058 a
533 2013 712 2056 Domino
745 2012 798 2056 ad
837 2024 981 2069 regem
1018 2011 1286 2055 idololatram
1331 2011 1571 2070 propheta;
1652 2011 1748 2068 ipsa
1770 2010 1857 2055 vita
1882 2011 2063 2068 spiritus
2081 2011 2193 2069 ejuS.
2218 2010 2264 2055 Si
2283 2013 2376 2069 ipsa
2395 1999 2786 2072 “emeritensium

325 2090 450 2145 eique
485 2089 595 2137 inter
631 2091 784 2131 caetera
824 2085 1066 2142 iniunctum
1106 2090 1198 2136 est,
1226 2090 1274 2129 ut
1314 2085 1459 2130 cibum
1484 2086 1572 2130 'vel
1654 2085 1696 2129 in
1716 2086 1797 2129 hae
1817 2086 1906 2129 vita
1928 2085 2140 2146 mirabilia
2158 2084 2277 2137 facit,
2302 2074 2498 2144 profecto
2518 2085 2637 2143 quod
2657 2085 2785 2132 modo
2806 2087 2835 2132 h
2853 2092 2855 2095 ’

323 2167 470 2219 potum
504 2148 558 2207 'in
597 2161 746 2205 eodem
780 2160 876 2204 loco
911 2172 1000 2203 nou
1036 2165 1225 2204 sumeret
1268 2159 1346 2204 sed
1398 2165 1572 2216 peracto
1651 2157 1762 2205 viter
1785 2158 2020 2215 tetigimus,
2043 2169 2190 2203 nonne
2211 2154 2410 2204 mirabile
2421 2156 2595 2216 iudicas
2612 2158 2830 2205 hominem
2860 2177 2876 2199 ,-

322 2250 403 2293 pro
435 2248 520 2293 quo
550 2235 711 2279 missus
728 2233 808 2277 fuit
833 2234 1004 2290 negotio
1023 2265 1034 2280 ,
1057 2233 1233 2289 JeJunus
1267 2231 1427 2277 rediret
1467 2229 1571 2290 (111
1654 2239 1742 2278 toto
1764 2233 2028 2293 voluntatem
2054 2241 2181 2295 suam
2203 2231 2385 2276 alterius
2402 2230 2560 2279 dedere
2595 2231 2806 2277 voluntati
2838 2234 2884 2290 ip

323 2308 422 2364 Περ.
455 2307 570 2365 χιιι).
597 2305 719 2359 Quod
742 2305 882 2350 facere
914 2311 1091 2361 paratus
1113 2303 1194 2348 tuit
1210 2300 1374 2360 ,idque
1397 2304 1479 2350 sibi
1503 2303 1571 2347 in·-

319 2382 518 2439 junctum
539 2391 634 2424 esse
655 2378 880 2424 consessus
903 2383 984 2428 est,
1009 2382 1051 2421 et
1074 2389 1159 2421 non
1182 2378 1369 2434 negavit.
1403 2370 1503 2429 ivit,
1526 2382 1570 2420 et

321 2456 481 2508 rediit;
515 2454 679 2497 utinam
712 2452 766 2498 de
798 2453 940 2496 reditu
975 2463 1063 2495 non
1097 2450 1284 2495 rediret!
1324 2448 1407 2495 Sed
1444 2463 1569 2495 secus

323 2528 534 2584 oentigit;
572 2537 671 2570 nam
705 2525 911 2580 deceptus
926 2529 992 2569 est
1008 2555 1020 2574 ,
1045 2523 1089 2568 et
1113 2523 1346 2580 deceptus,
1366 2522 1569 2568 reductus

323 2606 406 2647 est.
444 2598 691 2643 Mandatum
728 2597 960 2654 praeterivit
980 2629 991 2649 ,
1034 2598 1078 2641 et
1113 2609 1166 2641 ex
1203 2607 1278 2641 ore
1321 2595 1569 2647 seducentis

323 2678 574 2731 praesentem
607 2671 815 2715 intellexit
849 2670 1063 2726 culpam,
1089 2667 1250 2712 audivit
1295 2680 1463 2725 poenam
1502 2669 1570 2717 ru-

323 2756 478 2792 turam.
513 2743 730 2800 Confregit
759 2756 855 2787 eum
876 2743 970 2795 leo,
993 2747 1037 2787 et
1058 2741 1112 2787 ad
1135 2742 1393 2798 puniendam
1425 2748 1569 2789 trans-

323 2819 603 2878 gressionem,
627 2816 763 2860 solam
782 2816 836 2860 ab
856 2827 909 2860 eo
925 2820 1108 2859 mortem
1125 2816 1268 2871 exegit
1283 2816 1564 2871 corporalem.

324 2890 446 2945 Quod
468 2888 620 2933 exinde
642 2897 769 2945 qnam
790 2889 975 2932 maxime
996 2888 1185 2933 innotuit
1205 2886 1322 2944 quod
1339 2890 1409 2933 cui
1426 2887 1570 2934 viven-

323 2971 407 3008 tem
431 2963 626 3006 occidere
645 2961 792 3006 datum
826 2961 934 3010 l'uit,
965 2961 1158 3006 occisum
1191 2962 1442 3020 contingere
1479 2976 1567 3008 non

321 3037 458 3082 licuit.
494 3034 587 3079 Non
617 3035 754 3080 solum
785 3040 958 3080 autem:
986 3034 1062 3078 sed
1096 3038 1139 3078 et
1165 3033 1349 3078 cadaver
1370 3033 1562 3080 custodi-

1653 2317 1835 2363 sumque
1857 2315 1984 2351 suum
2007 2315 2095 2350 ιιοιι
2117 2305 2254 2362 esse?
2268 2302 2334 2348 Ad
2354 2304 2525 2361 iussum
2541 2304 2705 2360 praelati
2723 2304 2791 2351 sui
2808 2316 2834 2349 o

1650 2381 1720 2425 iiis
1754 2386 1899 2425 motus
1922 2391 2061 2432 suus:
2084 2384 2127 2423 et
2150 2382 2198 2423 ιιι
2215 2377 2287 2422 ille
2307 2382 2466 2433 movet,
2493 2377 2558 2423 sio
2578 2381 2621 2422 et
2643 2377 2727 2424 iste
2746 2389 2872 2442 semo*

1626 2459 1734 2498 .vet.
1759 2453 1886 2505 Ecce,
1909 2453 2009 2498 dieo
2030 2452 2127 2506 tibi,
2153 2453 2249 2498 leva
2271 2453 2422 2498 oeulos
2439 2458 2540 2498 tuos
2560 2484 2571 2505 ,
2596 2456 2641 2498 et
2663 2451 2763 2515 vide
2786 2452 2876 2497 mili

1650 2531 1713 2570 tes
1736 2526 1981 2570 coelestium
1996 2530 2257 2576 castrorum,
2280 2529 2322 2571 et
2348 2535 2551 2581 pinguem
2576 2518 2722 2580 liujus,
2742 2522 2795 2568 de
2814 2536 2839 2580 q
2855 2547 2876 2561 ι»

1647 2598 1882 2655 loquimur,
1905 2596 2083 2643 virtutis
2099 2596 2213 2654 apud
2235 2609 2310 2642 eos
2325 2602 2523 2642 scrutare
2535 2592 2786 2641 medullam.
2811 2595 2841 2639 A
2862 2616 2865 2634 ÷

1646 2677 1796 2728 pateat
1817 2670 1896 2716 tibi
1922 2676 2100 2715 sanctus
2129 2668 2299 2723 David3
2333 2675 2375 2714 et
2397 2673 2601 2725 appareat
2630 2659 2823 2725 ingredia
2851 2692 2867 2706 -⁷

1647 2735 1948 2800 etegrediens.
1971 2747 2014 2787 et
2031 2753 2215 2799 pergens
2242 2741 2296 2789 ad
2321 2742 2547 2798 imperium
2579 2741 2695 2799 regis
2725 2739 2879 2799 (I'Re‘q

1646 2826 1773 2867 xviii,
1790 2815 1887 2873 61).
1912 2814 1990 2860 Est
2005 2815 2061 2860 ad
2080 2820 2294 2870 secretum
2317 2811 2694 2870 contemplationis
2728 2813 2874 2872 ingre·
2911 2819 2917 2827 ·

1645 2900 1722 2936 sus
1740 2905 1752 2944 ;
1777 2890 1844 2934 est
1863 2888 2147 2935 nihilominus
2161 2893 2204 2932 et
2226 2886 2278 2931 ad
2304 2882 2521 2943 publicum
2542 2885 2726 2931 aetionis
2747 2879 2872 2951 egres
2911 2868 2918 2893 ⁹

1646 2975 1736 3009 sus.
1775 2962 1867 3009 Sed.
1892 2951 2034 3014 sorte,
2069 2967 2252 3019 uterque
2291 2966 2463 3004 aeternae
2486 2964 2590 3004 tune
2619 2959 2850 3006 solummo

1643 3037 1728 3082 erit
1750 3046 1889 3082 causa*
1904 3041 1947 3082 et
1969 3034 2145 3080 occasio
2164 3034 2334 3085 salutis,
2362 3046 2458 3077 cum
2478 3038 2629 3078 neuter
2651 3030 2798 3084 suerit,
2822 3044 2852 3076 n
2907 3041 2911 3045 ’

322 3111 387 3155 vit
404 3142 415 3162 ,
454 3121 479 3152 a
500 3120 585 3165 quo
608 3107 792 3151 animam
815 3106 1020 3157 excussit,
1044 3099 1128 3150 nec
1146 3106 1275 3150 etiam
1299 3107 1467 3151 asinum
1492 3108 1584 3152 lae-
1645 3112 1682 3156 si
1707 3104 1759 3163 ad
1782 3110 2012 3166 imperium
2045 3108 2178 3165 regis.
2198 3106 2304 3151 Nam
2332 3107 2422 3163 ipse
2439 3106 2592 3163 pergit,
2616 3105 2752 3163 quiin
2770 3111 2856 3151 ιιιι
2914 3110 2924 3157 ᾗ

322 3183 394 3227 sit.
418 3181 612 3225 Attamen
638 3179 674 3225 si
692 3179 1045 3235 superficietenus
1066 3177 1409 3233 consideramus,
1427 3193 1565 3237 poenae
1645 3195 1730 3240 que
1751 3173 2147 3240 salubri-exercitio
2171 3180 2255 3225 isto
2278 3179 2464 3236 prolicit.
2485 3177 2590 3223 ‚Sed
2612 3177 2840 3236 ,pergondu
2905 3197 2924 3241 >3

321 3254 553 3299 crudelitas
577 3252 710 3306 culpae
732 3251 900 3296 videtur
922 3251 1095 3295 modum
1116 3252 1370 3297 excessisse.
1409 3251 1454 3296 Si
1468 3253 1563 3311 vigi·
1622 3279 1624 3282 >
1643 3255 1696 3300 ad
1714 3254 1942 3311 imperium
1969 3253 2108 3311 regis;
2129 3252 2227 3310 quia
2246 3258 2350 3296 tunc
2370 3239 2508 3297 solum
2527 3251 2570 3295 in
2583 3251 2842 3310 istopergen

322 3332 394 3371 tur
412 3327 477 3371 vir
497 3325 573 3370 nei
599 3326 680 3370 iste
701 3337 788 3368 non
819 3325 1031 3368 oblivione
1064 3325 1145 3368 sibi
1172 3325 1329 3370 absens
1350 3325 1526 3370 effectus
1548 3358 1560 3379 ,
1641 3327 1860 3385 proiectus
1881 3332 2061 3384 augetur
2083 3326 2339 3382 spiritualis,
2366 3337 2464 3369 cum
2500 3337 2552 3368 ex
2575 3328 2669 3368 toto
2683 3335 2738 3371 se
2756 3321 2871 3375 incl‘
2908 3311 2924 3347 ³¹

322 3399 397 3443 sed
422 3399 516 3442 salsi
537 3398 752 3455 prophetae
774 3397 998 3440 mendacio
1021 3396 1240 3447 seductus,
1258 3409 1338 3453 pro
1357 3410 1425 3449 eo,
1445 3399 1559 3454 quod
1584 3421 1621 3466 D
1641 3398 1782 3444 natad
1806 3403 1957 3442 nutum
1982 3397 2266 3454 praementis.
2293 3395 2520 3439 Estautem
2544 3400 2586 3439 et
2604 3395 2719 3440 aliud
2744 3394 2857 3442 simil
2896 3417 2922 3486 ἡ

321 3473 450 3515 etiam
484 3470 664 3515 Domino
701 3470 877 3514 obedire
918 3470 1099 3514 volendo
1120 3503 1130 3519 ,
1170 3470 1213 3512 in
1247 3470 1344 3514 loco
1374 3470 1561 3516 comedit
1642 3473 1759 3517 huic.
1804 3469 2104 3528 Eqrediebatur
2121 3483 2277 3527 quoque
2298 3468 2432 3513 Dauid
2450 3467 2661 3512 adomnia
2683 3481 2854 3526 qtta’cun

321 3544 560 3600 prohibito,
597 3543 671 3588 sed
704 3543 785 3587 sibi
813 3543 901 3599 jam
938 3550 984 3586 ut
1015 3543 1283 3596 aestimabat,
1319 3555 1526 3589 concesse
1545 3577 1557 3597 ‚
1638 3558 1719 3602 que
1740 3543 1920 3587 misisset
1932 3554 2025 3587 eum
2047 3541 2154 3587 Saul
2174 3541 2217 3599 (Ι
2239 3540 2543 3598 Βεςζινιιι,5)
2566 3555 2580 3595 ;
2605 3534 2848 3586 sormamtil
2902 3539 2903 3542 ’

320 3617 432 3661 leoni
469 3617 521 3660 ad
554 3615 841 3660 devorandum
872 3615 1056 3662 traditus
1088 3623 1183 3660 est:
1222 3616 1325 3671 quid
1348 3616 1401 3660 de
1422 3622 1464 3661 te
1487 3617 1560 3673 iu·
1639 3618 1683 3661 in
1710 3618 1792 3661 hoc
1816 3616 2016 3674 periectae
2037 3616 2293 3660 obedientiae
2313 3615 2525 3672 praebens.
2562 3613 2657 3659 Non
2680 3614 2741 3659 ad
2763 3626 2835 3672 qu
2912 3655 2914 3657 .

321 3683 456 3743 dicas,
480 3689 552 3745 qui
574 3689 789 3734 seniorum
814 3695 984 3733 tuorum
1007 3695 1220 3745 praecepta
1260 3695 1304 3734 et
1342 3690 1556 3746 prohibita
1637 3690 1754 3742 dam,
1778 3689 1855 3734 sed
1881 3690 1934 3733 ad
1951 3690 2095 3732 omnia
2112 3689 2184 3732 hio
2203 3688 2299 3745 ejus
2321 3699 2522 3744 egressus
2555 3692 2676 3731 erat:
2701 3687 2867 3731 ut‘nibi‘
2902 3714 2907 3724 ·

320 3773 406 3805 non
430 3773 506 3817 per
529 3761 801 3812 oblivionem,
832 3761 906 3805 sed
931 3774 1006 3817 per
1028 3767 1316 3817 contemptum
1339 3767 1559 3820 transgre-
1635 3764 1715 3807 tibi
1734 3763 2035 3820 excipiendum
2056 3763 2169 3807 scias
2186 3773 2238 3807 ex
2270 3762 2488 3813 omnibus,
2525 3773 2621 3819 quae
2641 3761 2716 3806 tibi
2739 3761 2867 3820 impo-

321 3833 548 3878 derls?.Et
571 3834 642 3877 ille
664 3834 715 3876 ad
743 3834 861 3876 baec:
899 3831 1035 3888 Super
1057 3834 1202 3877 omnia
1220 3865 1233 3886 ,
1264 3833 1403 3889 inquit
1423 3866 1435 3885 ,
1462 3847 1556 3891 quae
1635 3841 1813 3879 nuntur.
1845 3834 1896 3878 Et
1926 3835 2030 3892 quid
2068 3835 2299 3891 sequitur?
2329 3833 2383 3877 Et
2403 3834 2627 3890 prudenter
2652 3847 2696 3878 se
2729 3838 2860 3892 ayoba*
2910 3831 2924 3897 i

322 3904 374 3949 de
395 3905 476 3949 bac
498 3918 545 3949 re
567 3905 714 3950 dixisti
734 3936 745 3957 ,
780 3906 928 3955 verba,
959 3907 1040 3948 hoo
1068 3917 1137 3950 me
1156 3907 1397 3964 exemplum
1418 3909 1555 3965 magis
1636 3906 1774 3965 (ibid.)
1796 3923 1805 3951 ε
1848 3914 1895 3951 ιιι
1918 3919 2129 3965 agnoscas
2140 3907 2357 3958 videlicet,
2376 3913 2419 3951 et
2432 3906 2720 3964 egredientem
2742 3907 2865 3951 fuiss.
2893 3908 2924 3958 tt

322 3983 544 4034 perterret.
564 3978 812 4023 Nulleteuus
834 3979 963 4031 enim,
990 3985 1036 4021 ut
1058 3979 1246 4023 arbitror
1263 4011 1276 4030 ,
1301 3979 1347 4025 in
1367 3980 1441 4024 illo
1459 3981 1555 4025 loco
1634 3982 1835 4034 alacrem,
1849 3988 1891 4026 et
1909 3986 2101 4038 agentem
2115 3980 2344 4042 efficacem.
2359 3979 2469 4023 Audi
2488 3979 2617 4024 alium
2639 3994 2651 4024 ε
2671 3979 2861 4038 Loquere,
2892 4015 2898 4018 .

322 4050 388 4095 vir
409 4050 582 4101 ederet,
619 4051 704 4097 nisi
725 4050 953 4095 Dominum
974 4083 986 4103 ,
1014 4057 1058 4095 et
1083 4064 1209 4096 suum
1244 4053 1384 4097 locum
1408 4053 1554 4109 probi-
1632 4053 1827 4108 Domine,
1846 4055 1944 4111 quia
1966 4054 2084 4097 audit
2107 4066 2248 4097 servus
2280 4059 2375 4096 tuus
2400 4052 2445 4110 (1
2462 4052 2560 4110 Req.
2587 4064 2654 4105 ιιι,
2679 4053 2744 4110 9),
2772 4052 2859 4095 ’is‘
2916 4101 2919 4107 Ι

319 4121 454 4171 bitum
475 4128 679 4174 mutasse,
702 4128 745 4166 et
771 4129 818 4165 ut
845 4123 1085 4167 comederet
1101 4124 1243 4181 315,
1262 4132 1430 4181 putaret
1450 4137 1556 4183 pm·
1633 4132 1773 4170 autem
1791 4126 1970 4171 reddere
1992 4112 2165 4171 vocanti
2186 4137 2460 4183 responsum,
2483 4137 2589 4170 suus
2605 4121 2702 4170 eum
2725 4122 2860 4181 doeuit
2892 4121 2924 4171 Α

321 4194 500 4250 cepisse.
536 4193 642 4239 Nam
663 4202 705 4239 et
727 4195 822 4240 ideo
842 4228 853 4246 ,
880 4196 922 4238 ni
955 4195 1079 4239 fallor
1096 4228 1107 4246 ,
1142 4198 1351 4249 comedit,
1377 4198 1478 4255 quia
1506 4198 1553 4243 in
1631 4197 1847 4254 Magister.
1868 4197 2012 4254 Neque
2027 4195 2143 4242 enim
2167 4197 2283 4242 aliud
2311 4196 2491 4242 reddere
2511 4198 2574 4244 sic
2595 4197 2772 4244 vocatus
2793 4199 2854 4242 ‘dr
2891 4191 2897 4222 ἶ
2917 4186 2924 4233 Ι

321 4266 402 4312 hoc
437 4280 483 4313 se
521 4268 700 4313 Domino
734 4268 1002 4313 obediturum
1043 4271 1220 4326 putavit.
1266 4270 1356 4315 lloe
1397 4272 1553 4334 quippe
1630 4269 1737 4313 buit.
1761 4268 1843 4321 Tu,
1869 4269 2026 4326 inquit,
2051 4269 2241 4326 loquere,
2263 4280 2455 4325 namego
2469 4269 2652 4313 audiam.
2681 4269 2820 4325 Loque
2860 4285 2861 4288 ¹
2889 4270 2924 4335 §l

319 4340 413 4395 ejus
438 4341 634 4386 videntur
660 4342 785 4392 verba
810 4343 1003 4394 innuere,
1028 4354 1124 4399 quae
1145 4343 1232 4401 regi
1257 4350 1300 4389 et
1334 4344 1552 4401 propheta
1629 4342 1767 4388 dixit:
1789 4350 1835 4387 et
1855 4342 1914 4388 ibi
1943 4341 2167 4394 substitit;
2207 4353 2287 4386 nee
2309 4341 2412 4397 quid
2445 4340 2561 4387 'foret
2584 4341 2817 4398 loquendo
2844 4351 2849 4355 ’
2888 4350 2889 4354 ’
2910 4340 2924 4399 ιΙ

319 4424 415 4457 eum
439 4412 492 4456 ad
515 4412 737 4470 prandium
760 4414 1036 4459 invitantibus
1062 4417 1295 4472 respondit.
1320 4417 1371 4462 Et
1395 4430 1474 4476 ego
1494 4419 1549 4463 ad
1629 4417 1857 4473 expressit.
1897 4414 1992 4460 Non
2015 4415 2113 4469 boc,
2138 4414 2330 4471 inquam,
2353 4416 2592 4472 expressit:
2620 4419 2818 4471 promptu

2839 4563 2849 4588 Ι
