2924 4588
266 131 362 184 tot,

267 289 346 338 sed
368 290 459 346 ipsa
496 299 593 331 vera
636 267 1078 345 summaqueju‘stitia
1114 289 1185 328 es;
1211 277 1378 320 instrue
1406 287 1497 325 me,

266 374 346 409 cur
373 363 418 405 in
434 361 514 403 boc
537 369 704 402 omnem
726 353 878 409 imples
910 351 1141 407 justitiam,
1159 347 1276 403 quod
1301 359 1397 390 cum
1433 358 1503 390 ve-

266 435 403 484 neris,
430 438 475 473 ut
496 411 726 485 hassizeris
749 426 802 468 ab
827 436 896 474 eo,
922 423 995 478 qui
1012 434 1035 464 a
1059 427 1102 465 te
1117 422 1241 464 debet
1261 418 1503 475 baptizari?

269 505 468 549 Etaudio
513 507 571 550 te.
604 500 662 543 mi
684 498 802 549 Jesu,
839 508 944 539 aure
987 493 1133 538 cordis
1174 491 1502 547 respondentem

267 579 320 621 ad
361 572 585 620 haec.1deo
627 571 672 614 in
713 571 794 614 hoc
837 579 1008 611 omnem
1042 566 1227 621 implebo
1255 563 1496 620 justitiam,

264 650 367 705 quia
397 647 440 691 in
484 646 565 689 hoc
604 654 818 687 summum
864 647 907 685 et
952 648 1199 694 supremum
1243 635 1504 679 humilitatis

259 719 422 775 impleo
449 715 647 774 gradum.

313 789 368 835 Χ.
399 787 474 831 Est
496 787 609 831 enim
632 784 795 841 primus
817 783 913 838 eJus
933 781 1095 838 gradus
1109 813 1122 834 ,
1157 792 1283 836 quem
1311 779 1503 824 ostendit

263 862 350 914 ille,
373 861 446 916 qui
468 872 513 903 se
538 857 683 903 subdit
706 856 874 911 majori,
893 867 982 899 non
1004 867 1051 899 se
1071 853 1304 910 praeferens
1326 855 1500 909 aequali.

259 933 335 976 Est
367 936 508 976 autem
538 931 664 973 altior
697 930 797 980 illo.
832 939 933 972 cnm
971 940 1047 983 per
1092 938 1281 971 amorem
1299 926 1500 972 fraterni·

258 1007 387 1054 tatis,
426 1014 519 1059 quae
563 1012 782 1057 nunquam
821 1000 1046 1056 superbire
1070 1000 1220 1050 novit,
1259 999 1415 1054 aliquis
1455 1011 1501 1044 se

260 1078 431 1133 subjicit
466 1077 645 1133 aequali:
679 1075 753 1120 sed
783 1085 863 1118 nec
885 1073 1038 1116 minori
1071 1085 1117 1116 se
1150 1071 1316 1127 judicat
1348 1071 1503 1127 praese-

259 1148 451 1190 rendum.
501 1146 545 1190 Si
588 1151 730 1191 autem
770 1151 900 1188 tantae
943 1144 1199 1188 humilitatis
1246 1143 1506 1188 sublimitati

259 1220 455 1264 intuleris
488 1219 600 1268 vim,
638 1226 683 1261 ut
715 1219 842 1266 etiam
865 1229 1002 1273 usque
1034 1216 1086 1259 ad
1122 1228 1338 1262 summum
1367 1217 1504 1272 ipsius

258 1293 446 1346 evadas,
473 1297 749 1349 prosternens
784 1296 827 1334 te
855 1290 986 1333 etiam
1012 1289 1170 1333 minori
1192 1295 1267 1332 tuo
1286 1320 1297 1341 ‚
1323 1288 1504 1334 efficeris
1528 1277 1561 1320 Β
1583 1279 1691 1325 dens
1725 1280 1781 1323 ab
1812 1279 1954 1324 00ϋῖῑὸ
1991 1281 2105 1333 tuis·
2150 1280 2317 1336 subjice
2334 1312 2347 1333 9
2380 1286 2423 1325 θῑ
2455 1287 2544 1324 ⁸²11!
2575 1281 2715 1334 mala,
2748 1295 2776 1339 (1

258 1365 438 1420 proinde
466 1364 684 1420 subiectus
720 1363 836 1406 omni
866 1362 1065 1405 humanae
1085 1362 1303 1415 [creaturae
1331 1367 1508 1418 propter

260 1436 426 1489 Deum,
459 1435 653 1493 profecto
689 1435 779 1490 jam
822 1434 1004 1485 nescio,
1048 1431 1150 1489 quid
1186 1432 1264 1477 tibi
1304 1432 1415 1477 desit
1454 1433 1508 1477 ad

259 1520 429 1553 onlnem
458 1509 665 1564 justitiam
685 1539 696 1559 ‚
723 1519 821 1551 cum
851 1507 1017 1551 nullum
1050 1506 1212 1563 pateris
1242 1519 1339 1551 esse
1365 1507 1506 1552 mino-

258 1590 381 1634 rcm;
413 1592 494 1624 nec
526 1580 645 1623 illum
679 1579 870 1636 quidem,
891 1591 978 1636 quo
999 1586 1042 1622 te
1065 1584 1236 1623 constat
1263 1579 1389 1636 longe
1410 1591 1507 1625 esse

267 1652 548 1708 superiorem.
586 1651 646 1696 De
690 1663 774 1708 qua
826 1652 1029 1695 nimirum
1070 1651 1325 1696 humilitatis
1365 1651 1507 1708 perse-

266 1722 409 1766 ctioue
430 1722 594 1766 videtur
615 1722 718 1764 mihi
736 1721 889 1766 fecisse
909 1722 1184 1773 mentionem,
1207 1723 1380 1778 quando
1396 1721 1507 1768 dixit

263 1792 305 1833 in
319 1789 411 1836 'hoc
433 1805 479 1837 se
497 1804 663 1839 omnem
686 1793 897 1849 iustitiam
918 1794 1190 1850 impleturum
1227 1793 1300 1851 [al.
1320 1807 1418 1840 esse
1440 1808 1507 1846 se,

263 1864 327 1906 iel
353 1864 615 1922 impletum]:
647 1864 816 1921 quando
839 1866 953 1909 venit
977 1871 1022 1909 ut
1048 1866 1104 1909 ab
1127 1879 1179 1910 eo
1197 1867 1503 1924 baptizaretur,

263 1936 335 1989 qui
361 1937 508 1981 debuit
532 1949 555 1979 a
580 1950 626 1981 se
647 1938 870 1993 baptizari.
896 1936 1013 1983 Vade
1039 1946 1080 1983 et
1103 1945 1164 1991 tu,
1194 1940 1260 1983 sac
1285 1942 1502 2003 similiter,

260 2009 301 2050 id
340 2022 415 2064 per
438 2010 719 2054 humilitatem
750 2017 825 2054 tuo
855 2010 1039 2056 offerens
1066 2018 1110 2056 et
1136 2012 1390 2068 impendens
1419 2017 1506 2058 mi-

259 2082 528 2137 nori-„quod
562 2083 625 2126 illi
646 2082 835 2126 debitum
875 2091 940 2128 est
970 2084 1152 2138 offerre,
1189 2092 1232 2130 et
1257 2087 1504 2143 impendere

260 2154 363 2196 tihi:
399 2154 649 2213 et'implesti
678 2167 846 2199 omnem
873 2157 1104 2212 justitiam.

315 2224 387 2271 xl.
416 2224 539 2279 Quod
575 2227 778 2271 nimirum
816 2235 918 2272 tunc
957 2230 1199 2275 sublimiter
1233 2231 1369 2284 sacsss,
1403 2245 1501 2279 cum

263 2310 336 2351 pu·
372 2297 653 2345 humilitatem
689 2307 805 2344 tuam
850 2302 969 2345 illum
1012 2303 1065 2346 ad
1101 2303 1318 2350 lenitatem
1354 2308 1502 2351 studes

262 2370 488 2424 adducere,
514 2384 639 2428 quem
663 2379 832 2417 constat
859 2375 904 2418 in
925 2379 967 2419 te
987 2375 1221 2432 deliquisse
1241 2394 1251 2420 z
1277 2391 1378 2423 vere
1398 2391 1507 2435 opus

264 2441 422 2486 ionum
450 2443 511 2501 etj
528 2452 720 2490 sanctum
737 2476 750 2497 ,
779 2458 888 2502 opus
926 2449 1087 2504 grande
1116 2454 1159 2493 et
1190 2451 1372 2496 sublime
1393 2452 1475 2495 hoc
1495 2482 1506 2503 ,

264 2513 307 2555 in
345 2527 431 2571 quo
465 2528 551 2560 non
587 2517 725 2562 solum
754 2524 795 2562 te
833 2531 919 2562 non
950 2519 1144 2565 defendis
1164 2556 1179 2574 ,
1203 2529 1249 2566 ut
1269 2523 1345 2568 des
1367 2525 1507 2568 locum

268 2587 374 2641 irae,
413 2590 488 2634 sed
528 2596 571 2634 et
603 2603 782 2636 accusas
804 2623 815 2643 ‚
852 2598 900 2636 ut
933 2594 1105 2639 auferas
1137 2596 1279 2640 locum
1313 2598 1387 2642 irae
1423 2610 1510 2642 uon

261 2660 403 2706 victus
427 2674 450 2705 a
471 2664 582 2708 malo
601 2695 613 2715 ,
647 2665 721 2708 sed
745 2666 923 2711 vincens
955 2667 999 2711 in
1024 2667 1137 2712 bono
1168 2670 1329 2714 malum
1368 2670 1504 2728 (Rom.

262 2745 343 2784 ιιι,
367 2734 454 2791 21).
486 2735 569 2780 Sed
593 2735 648 2780 ad
668 2737 759 2781 haec
792 2740 1005 2795 superbus
1033 2741 1144 2786 forte
1174 2744 1331 2800 aliquis
1360 2745 1506 2790 dicet:

262 2807 396 2860 absit,
414 2819 500 2850 non
519 2807 591 2850 fiat
614 2808 694 2852 hoc
715 2822 729 2862 3
745 2812 846 2866 quia
863 2810 955 2855 fleri
977 2825 1064 2858 non
1083 2813 1231 2859 decet:
1258 2829 1358 2860 nam
1376 2831 1507 2875 supra

266 2876 541 2938 Evangelium
562 2912 575 2932 ‚
614 2893 662 2925 ac
699 2895 775 2938 per
806 2884 889 2927 hoc
922 2891 1073 2929 contra
1109 2886 1384 2945 Evangelium
1423 2898 1505 2936 cst.

266 2948 527 3006 Praeceptum
565 2954 736 3010 quidem
771 2955 989 3012 Evangelii
1014 2960 1192 3015 accepi,
1224 2968 1272 3004 ut
1311 2966 1508 3018 peccanti

268 3023 310 3065 in
331 3035 399 3068 me
412 3024 534 3068 fratri
555 3038 664 3078 meo,
684 3032 724 3070 et
742 3029 908 3071 veniam
925 3033 1082 3085 petenti
1100 3035 1314 3077 remittam
1334 3034 1505 3093 (ΜαιιΙι.

268 3106 394 3148 xviri,
424 3096 519 3151 ¹5);
542 3097 617 3141 sed
650 3099 720 3141 ubi
745 3100 848 3143 mihi
871 3105 1072 3158 praecepit
1109 3111 1156 3147 ut
1188 3106 1240 3148 ad
1274 3107 1356 3151 hoc
1378 3121 1446 3152 me
1468 3108 1508 3152 ci

269 3167 488 3212 humiliem
506 3200 518 3219 ,
548 3170 621 3224 qui
644 3171 687 3213 in
713 3183 780 3215 me
809 3172 983 3217 offendit
999 3205 1010 3226 ,
1041 3181 1087 3218 ut
1108 3188 1204 3220 eum
1230 3177 1284 3220 ad
1308 3190 1509 3224 mansue-

268 3239 459 3283 tudinem
482 3242 679 3285 traham?
701 3243 974 3300 Evangeliutn
1009 3249 1266 3303 appellasti?
1291 3252 1344 3296 ad
1367 3251 1507 3296 Evan-

273 3311 428 3364 gelium
450 3311 546 3355 ibis.
580 3312 930 3363 Praedicationem
966 3319 1086 3364 Pauli
1116 3324 1213 3377 quis
1243 3337 1340 3369 esse
1369 3325 1508 3370 Evan-

273 3380 428 3432 gelium
463 3390 616 3439 neget3
644 3387 717 3442 qui
754 3388 857 3432 dicit
885 3391 939 3433 ab
974 3391 1145 3438 homine
1183 3407 1229 3439 ge
1261 3409 1347 3440 non
1381 3410 1506 3442 acce·
1532 3411 1566 3453 Ι)
1590 3402 1671 3439 est.
1711 3395 1787 3440 His
1818 3399 2019 3443 omnibus
2041 3433 2052 3452 ,
2090 3407 2133 3445 et
2168 3413 2263 3457 quae
2294 3402 2338 3445 in
2373 3403 2489 3448 hunc
2522 3402 2698 3447 modum
2720 3414 2831 3463 suit,

275 3452 419 3510 pisse,
457 3455 523 3498 ve!
554 3456 792 3513 didicisse,
841 3461 916 3506 sed
954 3476 1028 3519 per
1068 3467 1367 3513 revelationem
1407 3470 1510 3515 Jesu

276 3524 467 3569 Christi?
488 3526 537 3570 Et
558 3529 648 3583 ipse
670 3535 929 3589 evangelizat
951 3535 1082 3580 Deum
1109 3539 1237 3594 [uisse
1260 3543 1304 3584 in
1325 3542 1507 3595 Christe,

279 3597 474 3641 navandum
510 3603 835 3648 reconciliantem
858 3608 935 3650 sibi
961 3609 1071 3665 (Gal.
1099 3624 1129 3661 t,
1157 3613 1242 3670 12).
1269 3614 1409 3661 Habes
1430 3618 1511 3660 ita-

277 3682 359 3722 que
389 3674 626 3727 cxemplum
660 3676 701 3719 in
742 3678 836 3733 ipso
870 3679 955 3725 Deo
975 3715 987 3734 ,
1014 3690 1059 3725 ut
1092 3686 1220 3728 etiam
1253 3689 1371 3732 illum
1391 3722 1402 3740 ‚
1436 3693 1510 3747 qui

278 3742 322 3783 in
350 3748 392 3784 te
413 3748 616 3798 peccavit,
639 3760 715 3804 per
737 3751 1015 3799 humilitatem
1049 3763 1162 3802 tuam
1188 3761 1239 3803 ad
1264 3771 1511 3808 mansuetu·

276 3811 419 3856 dinem
440 3815 607 3860 trahere
636 3832 871 3876 procures;
895 3826 995 3869 dum
1030 3828 1167 3883 ipsum
1204 3833 1351 3886 audis,
1378 3835 1511 3881 Deum

281 3894 356 3937 per
376 3884 592 3931 Christum
617 3902 735 3935 reum
761 3895 841 3939 sihi
865 3901 1165 3946 reconciliasse
1204 3908 1407 3950 mundum
1442 3908 1483 3965 (Ι
1489 3909 1510 3952 1

279 3952 378 4003 Cor.
401 3971 443 4008 v,
470 3959 552 4014 ¹9).
579 3961 631 4004 Et
661 3969 871 4019 quomodo
895 3972 974 4014 sibi
1007 3987 1082 4027 per
1104 3975 1322 4021 Christum
1361 3993 1512 4025 recon-

279 4028 441 4073 ciliavit
480 4034 720 4078 mundum?
754 4041 972 4095 subjunxit
1012 4046 1122 4090 idem
1155 4048 1341 4095 Paulus:
1375 4052 1508 4107 Eum,

280 4100 351 4154 qui
378 4113 459 4143 non
483 4105 843 4162 uestimentum,
877 4125 949 4167 pro
974 4118 1115 4168 nobis,
1142 4132 1352 4173 peccatum
1386 4125 1508 4180 feeit,

281 4178 325 4211 ut
358 4184 432 4216 nos
469 4175 714 4230 efficeremur
747 4182 916 4235 justitia
948 4188 1022 4230 Dei
1055 4191 1097 4233 in
1130 4194 1217 4246 ipso
1241 4194 1390 4249 (stim,
1421 4198 1509 4256 2¹).

282 4239 365 4286 Pro
389 4245 527 4297 nobis,
562 4249 638 4304 qui
659 4250 765 4294 nihii
785 4256 983 4300 novimus
1006 4261 1086 4305 nisi
1111 4272 1331 4318 peccatum
1354 4299 1364 4319 ‚
1394 4280 1509 4323 eum,

282 4314 354 4368 qui
379 4327 463 4359 non
485 4319 602 4363 novit
626 4328 846 4376 peccatum
867 4358 878 4378 ,
902 4327 1000 4372 iecit
1030 4341 1263 4386 peccatum.
1291 4339 1511 4390 Quatenus

282 4389 327 4428 et
353 4391 398 4430 tu
433 4400 517 4435 non
540 4396 582 4436 te
602 4405 781 4439 excuses
799 4427 810 4447 ,
842 4402 965 4453 quasi
995 4416 1079 4447 non
1121 4410 1384 4456 cononiseris
1413 4425 1521 4468 pecs·>

1158 113 1328 161 amitt
1354 104 1949 157 PRAEMONSTRATENSIS
2050 130 2053 132 ,
2747 107 2811 152 ⁴⁴»

264 217 402 264 tiam?
424 226 487 270 tu,
510 188 583 271 (fui
605 225 691 257 non
713 209 851 255 solum
871 218 1039 251 omnem
1075 204 1291 262 justitiam
1331 203 1500 258 imples,
1524 203 1561 252 Α
1584 206 1743 247 catum,
1771 198 1900 241 etiam
1933 197 1978 239 in
2010 207 2091 246 eo,
2128 194 2242 251 quod
2277 206 2366 239 non
2398 201 2654 240 commisisti
2685 209 2827 253 pecc

1526 994 1528 996 “
1587 990 1712 1045 plena
1737 990 1791 1033 sit
1813 1004 1823 1033 :
1849 989 1891 1032 in
1917 989 2064 1043 corde,
2090 990 2134 1032 in
2164 1001 2255 1042 ore,
2284 995 2414 1044 atque
2446 990 2491 1033 in
2521 996 2651 1047 opere
2677 989 2768 1034 sit:
2790 1004 2796 1034 ῑ

2918 113 2924 155 l

1581 278 1705 315 tum:
1738 275 1786 313 ut
1816 275 1860 313 et
1893 269 2014 312 illum
2050 267 2106 310 ad
2139 267 2426 311 humilitatem
2450 268 2680 324 pertrahas
2699 276 2819 324 pont
2921 291 2924 324 l

1581 342 1744 392 tentiae,
1765 341 1898 396 quite
1917 338 2176 396 offendendo
2190 338 2411 382 commisit
2426 346 2665 395 peecatum.
2710 339 2724 350 '
2797 371 2813 377 -.

1583 413 1664 456 hoc
1686 418 1754 456 est
1777 411 2099 468 quodammodo
2129 417 2173 454 te
2198 410 2407 454 mundum
2440 410 2589 456 venire
2620 411 2676 455 ad
2703 403 2821 457 eum?

1583 491 1630 526 ut
1651 484 1776 539 quasi
1799 482 2044 538 purificeris
2067 482 2122 525 ab
2144 493 2197 525 eo
2215 513 2228 532 ‚
2251 482 2323 536 qui
2345 482 2399 526 ad
2427 489 2468 526 te
2499 483 2646 527 venire
2679 482 2809 530 dehet
2868 488 2869 538 ξ

1584 562 1632 599 ιιι
1661 555 1865 600 sordidus
1899 555 2133 599 mundetur
2176 566 2202 597 a
2231 557 2309 599 te?
2339 561 2384 600 et
2413 557 2478 602 sic
2508 563 2637 614 agere
2678 575 2728 598 ιιι
2781 574 2796 594 ..2
2868 550 2871 611 ζ

1581 628 1795 684 iustitiam
1818 627 1996 683 implere
2014 634 2096 671 est.
2702 647 2705 649 ·
2763 638 2785 646 ”
2816 628 2817 631 ’
2869 613 2871 631 ¹

1644 700 1732 743 xil.
1763 699 1928 745 Videtis
1964 701 2086 756 jam,
2123 706 2169 744 ut
2199 701 2414 752 arbitror,
2451 701 2567 757 quod
2600 701 2752 746 humili
2786 709 2816 759 ².
2870 744 2872 748 .

1585 773 1827 829 baptismus
1867 772 2029 817 Christi
2069 779 2188 818 totus
2233 775 2386 830 plenus
2428 774 2688 827 redundat:
2712 787 2765 831 sp
2800 809 2825 829 ,ἐ

1588 847 1715 890 tualis
1742 858 1928 902 namque
1951 847 2205 891 ennundatio
2223 852 2374 891 nostra
2402 846 2447 889 in
2470 843 2718 890 bumilitate
2736 859 2760 894 c

1587 917 1718 962 sistit.
1766 915 1851 960 Sed
1891 916 2011 967 hnc,
2039 917 2094 961 de
2130 929 2217 973 qua
2255 917 2504 972 loquimur,
2540 917 2765 962 humilitas

1588 1063 1632 1105 in
1653 1062 1783 1106 corde
1805 1061 1979 1118 quidem
2008 1062 2267 1118 dupliciter,
2307 1069 2526 1117 quatenus
2555 1068 2599 1106 et
2623 1057 2809 1116 Ιιιιιιιὶῑί·Υ
2873 1083 2876 1125 3

1589 1136 1642 1181 de
1669 1137 1807 1190 teipso
1828 1167 1841 1187 ,
1879 1140 1923 1180 et
1955 1135 2199 1180 sublimiter
2228 1135 2393 1179 sentias
2426 1136 2480 1180 de
2507 1137 2705 1192 proximo
2747 1141 2767 1179 t
2819 1144 2832 1188 ⁷³.

1588 1207 1735 1252 Primo
1759 1210 1903 1264 itaque
1924 1208 2037 1252 bona
2059 1213 2133 1251 tua
2154 1239 2166 1260 ,
2197 1209 2234 1252 si
2257 1220 2353 1265 quae
2382 1215 2482 1253 suut
2515 1209 2591 1253 tibi
2609 1241 2622 1262 ,
2655 1209 2787 1254 absco
2804 1250 2830 1270 ι,

1587 1352 1777 1404 adsunt,
1811 1364 1941 1409 quam
1979 1363 2075 1410 quae
2114 1354 2228 1398 bona
2251 1353 2330 1398 tibi
2354 1352 2535 1406 desunt,
2569 1354 2730 1400 mentis
2760 1359 2777 1397 t
2807 1351 2812 1355 ’

1582 1426 1744 1483 jugiter
1764 1427 1958 1482 aspectui
1994 1432 2274 1483 repraesenta.
2303 1425 2434 1472 vUnde
2457 1426 2618 1483 quibus
2639 1433 2683 1473 et
2705 1424 2823 1489 quas

1585 1500 1668 1544 bus
1682 1532 1694 1552 ,
1728 1505 1833 1556 quot
1862 1505 1904 1544 et
1927 1501 2103 1558 quantis
2125 1506 2405 1557 peccatorum
2428 1501 2616 1550 molibus
2638 1495 2825 1547 onerat?
2876 1515 2879 1529 ¹

1583 1583 1662 1626 es;
1685 1584 1814 1628 quam
1838 1573 2046 1628 proclivis
2068 1579 2112 1617 et
2136 1573 2262 1617 velox
2283 1572 2337 1617 ad
2361 1572 2448 1616 ima
2472 1573 2690 1630 vitiorum,
2713 1580 2823 1637 (ιιι)
2876 1594 2880 1612 ι

1584 1643 1802 1691 invalidus
1824 1651 1867 1689 et
1899 1645 2021 1702 piger
2045 1645 2099 1690 ad
2136 1645 2274 1690 ardua
2295 1646 2509 1691 virtutum
2533 1653 2696 1692 attente
2721 1658 2827 1692 ιοει

1584 1715 1689 1771 gna,
1715 1715 1951 1760 circumter
1972 1717 2123 1762 oculos
2161 1716 2216 1760 ad
2244 1717 2368 1763 viros
2387 1718 2614 1773 virtutum,
2639 1731 2664 1763 a
2685 1720 2790 1777 quib
2809 1708 2815 1717 ’
2879 1745 2881 1787 ὲ

1584 1795 1625 1833 te
1650 1788 1769 1833 vides
1794 1789 1838 1833 in
1863 1789 1981 1834 omni
2010 1791 2243 1836 sanctitate
2280 1792 2508 1847 superari;
2538 1797 2584 1837 et
2614 1791 2794 1839 conside
2818 1853 2820 1855 Ι
2878 1794 2880 1833 ἕ

1582 1873 1714 1918 quam
1745 1863 1871 1919 longe
1905 1869 1946 1907 te
1981 1863 2069 1908 sint
2110 1863 2154 1907 in
2199 1864 2447 1910 humilitate
2476 1865 2758 1922 superiores,
2800 1867 2811 1909 i
2879 1891 2882 1893 >

1582 1935 1794 1980 charitate
1817 1935 2118 1992 benigniores,
2160 1938 2205 1981 in
2228 1938 2436 1994 patientia
2470 1938 2703 1994 fortiores,
2740 1950 2881 1985 co·

1582 2008 1815 2054 stantior-es
1848 2009 1893 2052 in
1921 2009 2280 2067 longanimitate,
2315 2011 2552 2067 quietiores
2587 2013 2632 2056 in
2659 2013 2823 2058 tribula
2879 2024 2882 2065 ι

1581 2081 1724 2133 tione,
1760 2081 1806 2125 in
1839 2069 2102 2126 abstinentia
2137 2083 2394 2140 rigidiores,
2430 2084 2474 2128 ln
2507 2085 2709 2131 castitate
2742 2085 2823 2130 niti
2880 2084 2884 2144 ξ

1580 2152 1741 2203 diores,
1773 2154 1818 2197 in
1846 2155 2042 2198 moribus
2060 2155 2302 2208 suaviores,
2325 2156 2370 2200 in
2396 2158 2631 2204 virtutibus
2647 2159 2843 2213 ditiores,
2881 2159 2885 2212 Ξ,

1579 2225 1822 2270 devotiores
1867 2227 1913 2271 in
1955 2227 2125 2272 orando
2143 2260 2154 2279 ,
2202 2229 2404 2285 puriores
2452 2222 2516 2274 in'
2545 2227 2811 2288 speculando
2829 2255 2843 2284 ,
2882 2220 2885 2298 ξ

1583 2298 1836 2343 mundiores
1866 2299 1911 2342 in
1943 2300 2220 2354 meditando,
2258 2303 2398 2359 magis
2434 2303 2480 2347 in
2512 2299 2842 2362 contemplatui¹
2882 2301 2885 2319 ’

1590 2374 1816 2428 suspensi,
1840 2373 1886 2417 in
1921 2374 2106 2419 lectione
2129 2375 2346 2429 studiosi,
2381 2376 2427 2420 in
2459 2377 2672 2434 gravitate
2698 2378 2847 2424 vultus
2883 2411 2885 2435 ,

1589 2445 1717 2502 200
1738 2450 1897 2492 maturi
1919 2478 1929 2498 ,
1957 2448 2000 2491 in
2023 2449 2235 2504 parcitate
2257 2450 2402 2494 victus
2425 2450 2659 2503 moderati,
2686 2451 2732 2496 in
2753 2461 2835 2497 me·
2882 2444 2886 2501 ἶ,

1588 2517 1815 2563 diocritate
1848 2520 2024 2565 habitus
2049 2521 2220 2566 honesti
2236 2553 2248 2573 ‚
2271 2522 2315 2565 in
2344 2522 2562 2579 loquendo
2583 2522 2777 2576 discreti,
2796 2522 2846 2572 m

1589 2590 1753 2646 agendo
1791 2592 1987 2636 strenui:
2014 2597 2057 2636 et
2084 2594 2158 2649 qui
2194 2599 2296 2638 sunt
2327 2593 2514 2650 denique
2548 2594 2675 2651 longe
2706 2582 2850 2652 mags
2883 2595 2886 2633 ἶ

1587 2675 1716 2718 quam
1750 2670 1812 2716 tu,
1838 2677 2009 2721 semper
2030 2670 2072 2710 et
2101 2665 2263 2722 ubique
2286 2672 2330 2711 et
2356 2679 2460 2724 erga
2492 2674 2857 2725 unumquemqut
2884 2706 2886 2710 Α

1588 2737 1906 2791 circumspecti,
1931 2738 2073 2780 omnis
2095 2743 2137 2781 et
2166 2738 2375 2794 temporis
2397 2743 2439 2782 et
2461 2738 2566 2793 loci,
2585 2744 2631 2784 et
2649 2739 2776 2796 perso
2885 2752 2887 2786 ἐ

1587 2811 1630 2850 et
1652 2807 1770 2850 modi
1792 2808 2074 2854 observantes
2099 2811 2298 2856 sollicite.
2706 2814 2709 2818 '
2886 2806 2889 2814 ¹

1644 2887 1750 2931 Xlll.
1783 2887 1907 2942 Quod
1929 2891 1967 2934 si
2000 2889 2111 2935 sorte
2140 2892 2246 2947 quid
2277 2891 2391 2948 apud
2425 2902 2533 2947 eos,
2569 2892 2685 2949 quod
2714 2890 2773 2937 d'·
2802 2912 2804 2915 ’
2828 2887 2854 2928 Β
2886 2895 2889 2919 ³

1587 2961 1629 3003 in
1655 2962 1800 3018 atiquo
1825 2963 2084 3020 reprehendi
2109 2965 2272 3020 possit,
2300 2967 2508 3020 intueris,
2533 2965 2675 3023 cogita
2697 2963 2785 3010 stan
2810 2986 2859 3029 ¹⁸,
2884 2921 2889 3032 Ι

1586 3033 1703 3089 quod
1729 3035 1770 3078 id
1794 3035 1836 3077 in
1860 3037 1924 3080 eis
1948 3035 2152 3081 fortassis
2176 3038 2317 3082 reddit
2339 3037 2604 3092 excusabile,
2631 3039 2700 3084 vel
2720 3038 2763 3083 in
2780 3051 2798 3077 ιί
2843 3049 2863 3098 ιι
2882 3035 2890 3112 l

1588 3106 1742 3159 oritas,
1767 3109 1833 3151 vel
1855 3108 2115 3165 ignorantia,
2142 3116 2218 3155 aut
2241 3123 2396 3168 magna
2431 3111 2639 3156 sanctitas
2671 3124 2809 3156 eorum
2847 3114 2890 3167 all

1586 3177 1660 3232 qui
1701 3177 1746 3221 in
1784 3178 1883 3224 aliis
1918 3181 2199 3226 excellentius
2236 3182 2519 3240 praepollent,
2560 3194 2637 3228 scu
2680 3183 2794 3240 aliqu
2823 3188 2891 3247 vl

1587 3251 1729 3305 aliud,
1766 3254 1881 3308 quod
1913 3255 1948 3298 si
1983 3255 2025 3298 in
2062 3262 2103 3299 te
2131 3263 2277 3307 esset,
2311 3257 2634 3302 excusationem
2668 3255 2767 3314 'peni
2801 3277 2818 3295 ι.
2883 3267 2888 3304 ι’

1586 3322 1749 3366 nullam
1775 3324 1969 3378 haberet,
1991 3333 2034 3371 et
2057 3328 2092 3371 si
2117 3333 2206 3379 est,
2240 3329 2360 3384 gravi
2383 3330 2546 3374 ultione
2568 3327 2843 3385 ρΙεοιειιιῙιι,
2886 3322 2887 3329 “

1590 3466 1817 3523 diligenter
1837 3470 2060 3525 inspectis,
2086 3473 2328 3517 conscende
2349 3473 2539 3517 tribunal
2559 3472 2722 3519 mentis
2736 3475 2777 3516 ιι
2794 3490 2849 3510 με

1588 3546 1631 3583 et
1663 3543 1948 3588 concionante
1969 3547 2136 3590 ratione
2157 3552 2199 3590 et
2229 3547 2489 3592 rectitudine
2508 3547 2660 3604 iudicii
2683 3541 2771 3606 ipsi'
2805 3580 2811 3585 v
2836 3546 2865 3596 ἶ·

1590 3613 1781 3670 intellige
1804 3617 1847 3659 in
1871 3625 2080 3671 quantum
2107 3619 2218 3674 apud
2239 3625 2282 3664 te
2304 3627 2347 3664 et
2371 3621 2462 3677 ipse
2481 3620 2629 3678 jaceas
2651 3620 2697 3664 in
2717 3611 2843 3664 ίιιιοῗ
2864 3655 2865 3658 ι
2886 3659 2890 3678 -.

1591 3690 1637 3727 ut
1658 3688 1840 3742 proximi
1867 3689 1928 3731 tui
1951 3702 2082 3745 opera
2100 3692 2342 3736 consistant
2366 3693 2411 3737 in
2432 3703 2620 3738 summo..
2644 3691 2698 3736 Et
2719 3690 2846 3748 cogi·

1591 3758 1776 3803 tationes
1806 3761 1941 3814 istas,
1968 3765 2093 3818 quasi
2125 3765 2335 3820 quasdam
2369 3766 2553 3810 dixerim
2586 3763 2685 3826 esse
2708 3760 2860 3827 hujus

1590 3831 1757 3876 arboris
1794 3834 1979 3880 salubris
1998 3868 2009 3888 ‚
2034 3849 2130 3893 quae
2152 3839 2372 3883 humili-tas
2394 3845 2460 3883 cst
2476 3872 2486 3891 ‚
2515 3838 2698 3883 radices.
2730 3830 2836 3891 Qui-
2855 3818 2888 3852 ⁸

1592 3904 1671 3948 bus
1690 3936 1701 3955 ,
1727 3917 1814 3960 quo
1836 3907 2094 3962 profundius
2118 3910 2262 3967 ligitur
2284 3912 2326 3954 in
2350 3912 2628 3967 interioribus
2651 3881 2872 4015 mentis}

1591 3989 1642 4021 eo
1663 3985 1705 4022 et
1726 3983 1941 4027 excelsius
1963 3995 2160 4029 cresccre
2182 3985 2339 4041 poterit
2364 3986 2407 4027 in
2431 3983 2717 4028 exterioribus
2738 3969 2842 4038 corf

1591 4053 1724 4107 poris.
1752 4053 1971 4100 Excrescit
1992 4069 2179 4114 namque
2210 4057 2437 4102 confestim
2471 4058 2515 4100 in
2547 4059 2801 4100 immensum
2817 4016 2891 4159 ,3

1590 4135 1794 4179 magnum
1814 4127 2041 4182 quemdam
2066 4134 2110 4173 et
2131 4128 2427 4174 admirabilem
2450 4141 2503 4172 ex
2532 4140 2577 4171 se
2600 4118 2841 4184 praeses-ensi
2868 4173 2870 4178 ,
2895 4118 2897 4125 ’

1590 4202 1633 4240 et
1655 4198 1701 4239 in
1725 4198 1839 4242 soliis
1862 4201 2088 4254 decorem,
2122 4209 2165 4246 et
2197 4202 2242 4246 in
2276 4203 2416 4258 pomis
2447 4211 2656 4256 saporem⁴
2680 4195 2799 4244 illum
2817 4199 2864 4258 ,Ἀ-

1593 4281 1679 4325 quo
1700 4273 2012 4327 prospicientes
2033 4274 2233 4319 delectati
2254 4273 2470 4331 gaudeant
2489 4288 2499 4328 ;
2523 4273 2638 4316 hunc
2659 4273 2801 4315 autem
2815 4259 2870 4323 f*
2894 4275 2898 4286 ¹

1591 4354 1678 4398 quo
1699 4345 1875 4390 edentes
1895 4346 2046 4391 refecti
2064 4348 2364 4404 pinguescant.
2385 4344 2472 4391 Nec
2490 4346 2578 4402 jam
2596 4330 2863 4388 timendum&

1592 4417 1630 4460 ei
1648 4447 1659 4468 ,
1695 4419 1761 4462 ve}
1784 4430 1808 4462 a
1832 4420 1968 4466 ventis
1988 4421 2219 4466 verborum
2238 4452 2251 4475 ,
2280 4424 2658 4478 quantumcunque
2690 4403 2864 4495 detra-*t

2838 4300 2857 4309 ,-
