2924 4588
121 135 223 211 ⁴96¹v
253 195 258 200 .
1053 158 1366 205 wiurimos.

1481 146 1626 232 raas
1661 156 1791 205 xvu.
2619 164 2701 207 952

132 233 240 303 siam
264 254 411 299 Sancti
430 253 548 298 Petri
571 253 617 298 in
633 249 1062 298 machamati-morea
1092 256 1373 296 honoriticarn
1396 254 1432 300 A
1455 265 1549 304 nes,
1570 253 1767 309 quamvis
1791 252 2016 296 brevitatis
2046 261 2178 297 causa
2213 253 2266 296 de
2288 253 2350 297 eis
2370 249 2508 310 pauca
2541 252 2702 300 dixeri-

131 330 282 375 habuit
304 328 588 385 sepulturam.

1457 339 1570 376 mus,
1593 331 1681 368 tam
1701 325 1884 377 seroces,
1912 331 1998 368 tam
2025 324 2245 370 mirabiles
2268 325 2459 380 fuerunt,
2492 334 2538 370 ut
2566 341 2696 380 unus,

184 401 379 445 Tradunt
402 401 456 445 de
470 412 522 444 eo
546 399 729 444 Romani
753 398 980 454 quodipse
1002 397 1132 452 Otho,
1153 404 1280 454 capta
1303 397 1378 442 Be·
1455 397 1614 452 pallida
1635 410 1751 442 mors
1770 394 2106 449 Saracenorum,
2132 399 2199 442 vel
2235 399 2564 454 sanguinarins;
2591 399 2699 444 alter

129 479 326 525 nevente,
347 485 447 517 ossa
471 472 612 516 sancti
630 469 931 515 Bartholomoei
947 470 1046 514 inde
1069 471 1373 526 asportaverit,

125 548 236 588 etea
258 543 405 587 Romae
427 543 474 586 in
505 542 648 586 insula
684 541 870 593 Tiberis,
891 553 987 598 quae
1016 541 1177 585 dicitur
1209 541 1375 597 Lycao-

125 612 214 667 nia,
235 615 281 658 in
299 613 499 665 ecclesia,
516 623 612 670 quat
633 622 751 657 nunc
774 617 956 657 vocatur
980 612 1130 657 Sancti
1147 612 1374 656 Bartholo-

125 681 236 739 maeL
265 688 307 730 in
330 686 497 733 concha
522 681 828 743 porphyretica
852 685 1149 736 collocaverit,
1185 690 1228 729 et
1256 692 1373 741 post-

91 756 94 759 ⁴
122 759 300 803 modum
329 757 505 803 easdem
544 754 752 814 reliquias
775 767 877 805 ‚cum
901 756 1053 801 eodem
1085 757 1369 812 sarcophago,

121 842 199 887 per
221 827 409 874 Tiberim
435 827 481 872 in
505 839 640 880 mare,
665 832 710 873 et
732 839 810 884 per
844 836 966 872 mare
1003 830 1049 872 in
1083 837 1206 872 suam
1234 827 1370 871 Fran·

119 903 231 947 ciam
254 901 470 957 deducere
491 901 749 959 cogitasset:
777 909 830 945 eo
851 906 996 946 autem
1019 906 1160 946 morte
1176 898 1371 960 praevene

119 981 181 1028 to,
200 964 395 1032 reliquiae
406 971 568 1018 >Romae
584 974 649 1019 sic
672 980 994 1019 remanserunt.

119 1061 226 1105 Item
249 1061 298 1105 de
326 1060 468 1106 eodem
492 1059 868 1158 Othonebsecundm
896 1062 1162 1116 imperatore,
1186 1060 1371 1116 versifice

600 1130 650 1160 su
681 1125 888 1162 notamus.

44 1145 47 1163 1

44 1173 46 1195 ³
116 1187 240 1233 Otho
249 1175 468 1235 secundus
487 1187 627 1242 adest,
646 1185 796 1239 Romae
813 1187 1058 1234 diademate
1080 1185 1273 1240 functus,

87 1295 92 1300 .
115 1261 259 1317 Laetus
281 1258 532 1330 apostolicis
555 1258 759 1308 manibus
780 1261 968 1307 discedit
986 1260 1211 1325 inunctus,

170 1333 249 1379 Jus
270 1326 388 1390 dedit
407 1332 571 1378 Italicis
595 1324 788 1394 undique
809 1344 916 1390 pace
939 1332 1042 1378 frui.

113 1405 204 1451 Rex
228 1392 303 1451 uhi
333 1402 552 1458 discessit,
575 1415 682 1463 gens
703 1401 810 1451 Itala
835 1407 948 1452 bella
970 1407 1174 1463 capessit,

111 1481 257 1526 Jussio
279 1481 463 1536 vilescit,
486 1493 715 1537 procerum
739 1478 962 1526 discordia
987 1481 1164 1534 crescit,

163 1554 297 1612 Regia
319 1551 495 1608 delituit
510 1556 726 1613 ,paxssquia
746 1555 870 1600 nulla
895 1547 991 1600 suit.

111 1625 246 1670 Terra
267 1626 397 1683 perit,
423 1639 530 1687 gens
553 1639 703 1684 pressa
725 1628 871 1684 gemit,
897 1627 1095 1686 belloque
1111 1634 1331 1684 gravatur,

110 1699 202 1745 Rex
227 1703 345 1746 venit
369 1701 526 1755 iratus,
549 1704 771 1747 concurrit
789 1703 844 1747 ab
865 1702 980 1748 Urbe
999 1711 1192 1758 senatus,

162 1773 355 1832 Suscipit
373 1772 542 1833 imperii
560 1775 680 1833 regia
701 1773 841 1821 Roma
865 1780 1011 1834 caput.

109 1845 282 1903 imperii
303 1854 431 1903 vocat
452 1846 566 1898 Otho
586 1848 720 1893 duces
740 1849 1008 1906 comitesque
1029 1855 1244 1905 potentes,

108 1919 339 1967 Pontifices
362 1921 497 1965 simul
514 1918 718 1966 Ecclesiae
737 1921 890 1977 recipit
917 1924 1154 1974 venientes,

165 1994 219 2036 Et
240 1995 438 2051 queritur
459 1996 644 2050 populos
666 2006 774 2050 pace·
790 2007 939 2039 carere
955 2006 1083 2040 suos.

108 2064 274 2111 Iudicis
292 2066 431 2115 officio
454 2072 669 2119 numerat,
695 2079 805 2122 quos
828 2067 953 2127 culpa
977 2068 1158 2124 notavit,

108 2132 327 2196 Poenaque
346 2130 596 2197 praecipitur
619 2140 802 2185 ducibus
825 2140 1038 2197 condigna
1053 2143 1214 2201 parari,

166 2211 279 2255 Ultio
305 2208 511 2256 terribilis
532 2212 626 2255 dira
653 2208 820 2270 flagella
838 2212 964 2268 parit.

106 2285 216 2329 Ante
238 2280 398 2342 gradus
413 2280 560 2329 Romae
582 2298 756 2333 mensas
778 2285 900 2340 jubet
922 2284 1035 2330 Otho
1050 2287 1213 2342 parari,

106 2355 325 2413 Multaque
345 2357 528 2402 circuitu
542 2358 666 2414 jubet
689 2357 842 2402 ordine
859 2370 1038 2403 scamna
1061 2359 1213 2411 locari,

161 2429 330 2474 Et·loca
352 2430 622 2487 principibus
643 2432 832 2488 undique
851 2444 971 2476 more
990 2430 1102 2476 dari.

105 2503 212 2545 vum
231 2502 354 2550 cibus
376 2504 604 2556 astruitur,
623 2504 725 2547 dum
747 2509 877 2560 potus
897 2512 938 2548 et
959 2516 1059 2548 esca
1076 2509 1269 2561 paratur,

103 2571 212 2616 Dum
232 2569 434 2629 proceres
452 2573 702 2626 comedunt,
727 2574 828 2618 dum
853 2575 991 2618 laetior
1014 2575 1122 2618 hora
1157 2582 1350 2632 putatur,

159 2645 271 2691 Otho
288 2659 364 2703 per
386 2652 578 2691 armatos
601 2645 735 2703 cingit
759 2653 991 2704 utrumque
1014 2642 1144 2692 latus.

102 2716 249 2762 Praeco
267 2718 389 2774 iubet
406 2724 594 2772 taceant,
614 2725 656 2763 et
681 2732 734 2764 ne
758 2720 856 2776 quis
880 2716 1038 2764 abhinc
1059 2725 1299 2771 moveatur,

102 2791 185 2843 Qui
207 2791 412 2847 loquitur,
436 2792 508 2848 qui
528 2803 575 2836 se
589 2797 773 2844 moveat,
801 2790 945 2848 gladio
966 2790 1146 2844 feriatur
1165 2807 1179 2836 ι
1199 2800 1201 2802 ·

158 2861 303 2908 Turba
319 2865 454 2917 timet,
479 2877 708 2922 procerum
729 2871 872 2910 terror
893 2862 1055 2923 ubique
1078 2867 1217 2910 datur.

101 2937 289 2981 Crimina
322 2939 486 2992 scripta
508 2938 683 2988 ducum,
722 2951 818 2994 quae
835 2939 1028 2995 iusserat
1053 2946 1152 2983 ante
1187 2938 1346 2991 notari,

99 3008 211 3054 Ante
234 3022 335 3054 suas
358 3021 532 3054 mensas
551 3010 674 3066 jubet
694 3008 806 3056 Otho
829 3012 913 3056 sihi
933 3009 1124 3064 recitari,

154 3079 338 3124 Damnat
352 3089 393 3126 et
411 3083 611 3129 obtentos
633 3084 815 3129 crimine
842 3086 935 3142 lege
956 3083 1066 3140 pari.

100 3154 182 3207 Qui
204 3156 376 3204 meruit,
402 3155 632 3199 damnatur
650 3151 708 3200 ihi
732 3169 858 3213 poena
887 3144 1080 3214 capitali,
1145 3196 1148 3198 .
1196 3207 1198 3209 ,
1227 3143 1231 3147 ’

101 3227 318 3284 Sanguine
339 3220 660 3284 nobiliumvjam
684 3241 832 3274 mensa
851 3235 994 3286 potest
1014 3224 1246 3282 maculari,

152 3299 267 3344 Otho
290 3300 374 3344 sibi
395 3302 539 3356 capita
558 3301 648 3344 v-ult
661 3302 790 3358 quasi
819 3301 951 3346 fercla
973 3299 1084 3346 dari.

100 3373 285 3417 Humani
308 3374 463 3429 capitis
479 3374 580 3417 dum
603 3387 750 3422 mensa
768 3387 924 3422 cruore
946 3374 1171 3428 madescit

1455 474 1598 512 autem
1636 467 1776 517 Otho,
1807 467 2018 512 mirabilia
2061 470 2211 513 mundi
2245 472 2398 515 solitus
2436 470 2492 515 sit
2528 483 2697 515 nuncu-

1453 541 1561 596 pari.
1605 536 1665 585 De
1705 540 1789 584 isto
1818 545 1962 586 tamen
1993 542 2124 588 tertio
2146 537 2346 600 ‘Othone
2388 542 2581 602 quaedam
2613 545 2698 594 alia

1452 613 1649 658 versifice
1681 615 2018 671 descripsimus,
2054 628 2149 672 quae
2187 615 2232 659 in
2270 619 2470 674 praesenti
2507 604 2698 677 capitulo

1453 688 1761 734 subnotamus:

1535 777 1641 822 Item
1678 778 1728 822 de
1769 779 1890 823 tertio
1924 778 2083 824 Othone
2122 766 2368 835 imperatore
2409 783 2592 827 versibus

1938 835 2205 892 subroyatur.

1450 904 1529 950 Est
1539 905 1665 961 juxta
1689 904 1897 951 Mutinam
1923 907 2102 954 Comitis
2128 908 2301 963 domus,
2331 910 2485 956 Amula
2502 910 2636 969 dicta,

1449 973 1619 1030 Imperii
1643 981 1746 1020 tunc
1773 977 1992 1033 ohsequiis
2007 978 2226 1036 jussisque
2250 981 2414 1032 relicta,

1505 1047 1597 1099 Qua
1614 1054 1739 1092 vacat
1763 1049 1965 1105 hospitiis
1989 1051 2185 1096 crebrius
2205 1050 2316 1096 Otho
2337 1055 2444 1098 suis.

1448 1118 1640 1176 Corpore
1660 1121 1903 1177 glorificum
1924 1124 2143 1175 comitem,
2168 1126 2375 1181 vultuque
2398 1122 2621 1183 decorum,

1449 1191 1556 1236 Dum
1579 1194 1729 1250 regina
1749 1194 1881 1247 videt,
1908 1196 2096 1241 stimulis
2117 1204 2295 1253 urgetur
2318 1211 2529 1251 amorum,

1502 1261 1555 1306 Et
1580 1264 1699 1320 cupit
1725 1265 1839 1314 hunc
1863 1266 1978 1322 regis
2002 1268 2112 1312 clam
2131 1267 2292 1313 violare
2313 1267 2503 1314 thorum.

1390 1319 1422 1363 B
1444 1335 1490 1379 ln
1511 1338 1664 1381 vitium
1686 1339 1836 1396 regina
1859 1341 1999 1384 virum
2024 1341 2126 1385 dum
2150 1339 2322 1386 flectere
2345 1343 2497 1395 credit,

1443 1407 1573 1452 Veste
1594 1409 1730 1453 trahit
1757 1416 1977 1463 comitem,
2003 1417 2169 1466 tractus
2192 1413 2285 1457 sine
2304 1421 2421 1458 veste
2445 1411 2622 1468 recedit,

1497 1481 1653 1539 Spreta
1670 1482 1822 1528 dolens
1842 1484 2015 1536 mulier,
2042 1492 2142 1528 vota
2159 1485 2345 1533 nefanda
2367 1486 2501 1532 dedit.

1440 1553 1646 1599 Protinus
1671 1556 1808 1599 ascito
1830 1554 2026 1611 queritur
2047 1557 2196 1613 regina
2213 1558 2384 1612 marito,

1443 1626 1642 1683 Suggerit
1670 1634 1714 1672 ut
1737 1629 1908 1672 comitis
1929 1635 2059 1686 caput
2083 1635 2274 1686 amputet
2297 1641 2400 1674 ense
2421 1626 2572 1686 petito,

1497 1700 1688 1744 Crimine
1710 1702 1893 1745 mentito
1913 1702 2096 1746 credidit
2118 1701 2231 1746 Ollio
2253 1703 2358 1746 cito.

1440 1771 1550 1815 Dum
1575 1784 1722 1817 comes
1745 1773 1790 1816 in
1812 1774 1941 1829 culpa
1963 1773 2137 1817 domina
2162 1779 2349 1818 testante
2372 1779 2564 1835 putatur,

1427 1843 1531 1887 -Jam
1561 1844 1688 1902 dolus
1707 1845 1935 1898 astruitur,
1962 1847 2049 1890 cito
2074 1859 2191 1890 mors
2209 1846 2384 1904 indigna
2405 1853 2600 1903 paratur,

1492 1910 1582 1962 Nec
1605 1919 1727 1962 locus
1749 1918 1907 1963 insonti
1930 1920 2120 1976 pandere
2141 1933 2241 1966 vera
2265 1921 2407 1967 datur.

1438 1987 1603 2032 indicat
1625 1990 1750 2032 uxori
1773 1991 1958 2046 propria:
1982 2003 2124 2036 comes
2149 1996 2244 2035 acta
2267 1979 2460 2048 pudoris,

1439 2061 1622 2106 Dicens:
1649 2077 1663 2102 ι
1694 2061 1805 2118 Opto
1827 2064 1954 2115 mori,
1980 2076 2108 2119 quam
2133 2064 2250 2120 regis
2271 2065 2423 2108 abesse
2446 2062 2606 2116 decori,

1495 2134 1550 2178 Se
1574 2135 1679 2178 mihi
1706 2135 1928 2191 prostituit
1951 2135 2109 2180 femina
2133 2136 2262 2191 digna
2281 2135 2406 2179 mori.

1437 2207 1489 2249 Et
1510 2208 1611 2263 quia
1634 2208 1800 2260 delitui,
1826 2208 1997 2265 fugiens
2018 2210 2168 2254 luxum
2192 2210 2404 2261 mulieris,
2469 2233 2472 2236 >

1435 2277 1614 2321 Jndicor
1631 2279 1686 2322 ad
1703 2284 1903 2332 mortem,
1929 2280 2037 2324 mihi
2061 2293 2148 2325 non
2170 2282 2272 2325 licet
2298 2287 2395 2326 acta
2417 2278 2560 2335 fateri,

1493 2349 1557 2394 Tu
1578 2351 1684 2394 mihi
1707 2357 1806 2408 post
1823 2357 2010 2398 mortem
2028 2354 2203 2400 conscia
2224 2354 2350 2398 testis
2373 2353 2477 2398 eris.

1438 2422 1482 2466 Si
1502 2424 1681 2468 dubium
1704 2424 1901 2470 videatur
1919 2425 2000 2478 eis,
2026 2425 2142 2483 quod
2159 2432 2268 2470 teste
2290 2426 2510 2482 probabis,

1434 2495 1604 2540 Iudicio
1628 2485 1855 2548 candentis
1873 2509 1950 2543 cos
1973 2497 2077 2542 ferri
2102 2500 2346 2555 superabis.

1492 2567 1565 2612 Sic
1587 2569 1693 2612 milii
1721 2577 1819 2625 post
1842 2576 2021 2615 mortem
2040 2572 2200 2627 gaudia
2224 2573 2336 2615 fama
2360 2572 2492 2615 dabit.
2524 2587 2539 2612 )

1435 2641 1551 2685 Uxor
1582 2643 1639 2686 ait
1659 2659 1669 2686 :
1700 2657 1714 2683 ‹
1734 2640 1850 2699 Fuge
1862 2655 1964 2688 cum
1977 2645 2153 2701 poteris,
2178 2646 2308 2690 nesio
2328 2647 2529 2689 moriaris
2549 2660 2558 2696 ;
2587 2659 2603 2686 ι

1433 2715 1505 2760 lile
1522 2715 1677 2760 refert:
1707 2732 1721 2759 ι
1742 2716 1878 2774 Magis
1896 2725 1997 2774 opto
2013 2731 2182 2772 necem,
2205 2732 2331 2774 quam
2347 2732 2448 2762 sons
2471 2718 2659 2775 reputari

1489 2787 1572 2840 Qui
1594 2787 1717 2844 fugit,
1738 2789 1810 2833 ille
1828 2790 1972 2846 magis,
1988 2790 2231 2846 suspiciosa
2253 2792 2403 2834 trahit.
2438 2807 2451 2830 ι

1432 2860 1563 2916 Dixit,
1589 2867 1631 2906 et
1654 2863 1698 2905 in
1720 2862 1856 2906 satum
1872 2875 2071 2919 praecone
2093 2864 2288 2908 trahente
2305 2869 2511 2915 vocatum

1432 2933 1677 2990 insequitur
1695 2935 1919 2981 comitissa
1940 2937 2100 2988 virum,
2130 2937 2230 2992 quia
2256 2936 2405 2981 fraude
2425 2943 2620 2989 necatur,

1487 3007 1627 3051 Morte
1647 3007 1749 3051 data
1771 3009 1945 3054 comitIs
1968 3009 2123 3054 detulit
2138 3010 2231 3066 ipsa
2254 3017 2399 3066 caput.

1429 3080 1590 3125 ,ludicii
1615 3094 1773 3127 causas
1801 3082 1903 3126 dum
1929 3083 2124 3139 praecipit
2141 3082 2252 3128 Otho
2269 3084 2430 3139 parari,

1429 3154 1619 3210 Imperat
1643 3160 1687 3198 et
1707 3155 1860 3198 viduas
1883 3156 2042 3199 celebri
2065 3168 2263 3211 praecone
2284 3158 2447 3210 vocari,

1485 3227 1649 3284 Hisque
1671 3227 1757 3283 piis
1775 3228 1933 3272 studiis
1955 3228 2054 3284 jura
2081 3229 2227 3284 cupita
2250 3229 2360 3274 dari.

1427 3299 1576 3343 Astitit
1598 3301 1791 3349 occisum
1810 3301 1988 3356 plorans
2008 3302 2231 3347 comitissa
2245 3304 2466 3352 maritum,

1429 3371 1479 3414 Et
1500 3374 1710 3428 queritur,
1733 3374 1834 3430 quia
1853 3374 2065 3429 judicium
2092 3375 2166 3425 dat
2188 3375 2364 3419 Caesar
2355 3377 2456 3431 iniq·
2450 3388 2568 3427 ium»,

99 3443 192 3488 Non
213 3445 356 3489 minus
366 3450 485 3488 ante
513 3445 629 3489 datis
654 3458 730 3491 rex
755 3447 938 3502 imperat
980 3443 1171 3503 undique
1207 3447 1340 3497 vesci,
1370 3448 1404 3491 D
1481 3447 1562 3491 Cui
1585 3461 1662 3503 pro
1686 3461 1806 3493 more
1826 3449 1908 3493 loci
1933 3450 2088 3492 nititur
2109 3454 2200 3494 arte
2223 3451 2355 3506 loqui

155 3519 283 3563 Mittit
306 3527 348 3564 et
372 3521 551 3579 ingratis
575 3521 739 3564 fercula
762 3528 884 3567 cocta
910 3523 1033 3566 satis.

99 3589 265 3636 Taliter
286 3593 436 3636 alludit
459 3593 628 3645 sceleri,
651 3594 714 3636 sic
735 3605 918 3648 corpora
936 3593 1065 3645 fudit,

101 3660 173 3706 Sic
195 3663 338 3706 scelus
367 3663 575 3715 excludit,
599 3665 666 3711 sic¹
685 3665 807 3719 pacis
832 3661 1056 3707 commoda
1074 3663 1208 3715 cudit,

155 3734 225 3778 Sic
244 3748 321 3778 sua
345 3747 428 3791 pax
452 3737 602 3792 viguit,
630 3737 695 3781 sic
717 3749 819 3781 rcus
837 3743 933 3779 acta
957 3737 1049 3780 luit.

179 3825 241 3868 De
261 3825 435 3877 Othone,
463 3827 584 3869 tertio
606 3826 870 3880 imperatore,
899 3828 1178 3882 octuaqesimo
1206 3826 1257 3870 ab

619 3886 824 3938 4.u9.usto
922 3926 924 3930 ,

153 3952 280 3996 Anno
303 3953 518 3998 :ib-,lnear
529 3949 654 3998 Dem.
689 3954 900 4004 98401110
908 3959 1083 4007 tertius
1110 3953 1339 4002 admod.1m

22 4054 25 4055 γ
97 4035 220 4078 puer,
236 4026 407 4082 patriin
426 4039 607 4083 regnum
620 4028 878 4080 succedens,
902 4031 1223 4085 octuagesimus
1245 4045 1341 4075 sex-

18 4103 23 4153 ζ
98 4101 168 4139 tus
191 4095 249 4139 ab
277 4095 489 4152 Augusto,
518 4099 710 4154 suseepit
745 4098 993 4155 imperium
1028 4099 1165 4156 HuJus
1189 4100 1341 4145 diebus·

95 4166 297 4213 Albertus
323 4170 580 4226 episcopus,
610 4170 867 4259 Boemorum
885 4173 1126 4230 praedicans
1146 4174 1337 4226 Prussis,

95 4242 302 4298 martyrio
317 4248 574 4287 coronatur.
879 4282 882 4284 Α
929 4279 931 4281 .
1240 4286 1242 4289 ,

47 4353 49 4355 ,
155 4310 267 4355 Otho
296 4314 542 4370 imperator
561 4314 717 4360 tertius
731 4347 746 4367 „
787 4319 1127 4373 annoovimperii„
1148 4318 1214 4365 sui
1249 4330 1338 4363 xvu

95 4380 209 4425 diem
224 4383 423 4427 ultimum.
439 4386 611 4437 clausit,
631 4394 674 4431 et
693 4386 955 4445 Aquisgrani
975 4390 1018 4432 in
1034 4390 1217 4439 ecclesia
1235 4389 1338 4435 San-

97 4461 174 4497 ctae
196 4455 338 4499 Mariae
362 4459 555 4512 sepultus
578 4467 658 4504 est.
693 4460 887 4511 Duo-'isti
912 4463 1172 4517 posteriores
1202 4462 1335 4507 Otho-

1427 3520 1536 3563 Dicit
1560 3534 1629 3564 ei:
1659 3536 1674 3561 ε
1706 3520 1783 3565 Dic
1807 3534 1934 3578 poena
1954 3522 2039 3566 reis
2058 3522 2155 3578 quo
2166 3522 2273 3583 jure
2285 3529 2478 3578 paratur,

1427 3591 1470 3635 si
1497 3599 1624 3648 rupta
1647 3591 1907 3649 quandoque
1922 3593 2013 3637 rtide
2035 3595 2102 3637 vir
2122 3594 2270 3638 fraude
2292 3596 2499 3636 necaturi
2526 3610 2540 3635 υ

1482 3660 1664 3707 Rettulit
1681 3661 1788 3708 Otho
1809 3679 1820 3706 :
1851 3680 1866 3705 ι
1891 3665 2027 3721 Caput
2049 3666 2228 3720 perdere
2243 3665 2341 3720 jure
2362 3667 2503 3709 datur.
2536 3681 2552 3707 ι

1423 3736 1570 3781 Intulit
1595 3738 1685 3785 haec
1711 3753 1721 3780 :
1753 3751 1766 3777 ι
1783 3731 1888 3786 ,Tua
1909 3743 1968 3788 te,
1992 3737 2154 3789 Caesar,
2182 3738 2393 3782 sententia
2418 3738 2624 3793 caninat,

1422 3809 1589 3852 Fraude
1607 3822 1747 3852 meum
1767 3809 1991 3865 jugulasse
2018 3809 2151 3850 virum
2178 3812 2220 3852 te
2242 3808 2420 3851 crimine
2443 3809 2647 3864 pandam,

1479 3879 1525 3924 Si
1550 3881 1615 3925 vis
1635 3882 1734 3935 jura
1758 3881 1855 3932 coli,
1885 3887 1925 3924 te
1946 3882 2069 3924 decet
2094 3881 2193 3924 inde
2214 3882 2341 3923 mori.
2369 3897 2385 3921 ι

1422 3951 1519 4006 Ηιέ
1542 3955 1676 3996 tacuit
1698 3970 1708 3995 .·
1742 3950 1832 3997 Rex
1855 3953 2094 4008 obstupuit,
2117 3953 2265 3995 dicens
2288 3952 2456 3995 mulieri
2476 3968 2486 3995 :

1425 4041 1440 4067 ‹
1476 4025 1631 4068 Nescio
1658 4026 1759 4081 quid
1783 4026 1956 4080 quaeris,
1982 4038 2121 4080 neque
2143 4037 2244 4068 vera
2269 4025 2418 4069 tulisse
2441 4024 2614 4077 videris,

1476 4097 1614 4152 Hujus
1632 4098 1745 4147 enim
1774 4099 1951 4141 sceleris
1974 4097 2071 4153 quis
2092 4098 2174 4145 ,tibi
2198 4099 2321 4156 testis
2344 4098 2459 4140 erit?

1418 4194 1466 4216 —-·,
1491 4170 1599 4214 Ecce
1623 4176 1749 4226 caput
1768 4171 1954 4221 comitis,
1980 4170 2338 4223 dixitcomitissa,
2364 4177 2579 4226 paratum,

1418 4245 1587 4289 Fraude
1609 4250 1681 4290 tua
1705 4245 1847 4299 periit.
1866 4245 2085 4300 proprium
2104 4257 2315 4300 cognosce
2338 4252 2520 4293 reatum,

1476 4318 1655 4373 Suscipe
1675 4318 1902 4373 Judiciraiii,
1929 4323 1970 4361 te
1992 4318 2436 4373 perhibente,datu1n.
2477 4333 2500 4378 ›⁵

1417 4390 1507 4435 Rex
1534 4391 1590 4438 ait
1613 4406 1622 4434 :
1653 4383 1773 4448 «istc
1789 4403 1933 4438 comcs
1956 4391 2110 4435 meruit
2134 4403 2211 4445 pro
2227 4391 2405 4452 crimine
2425 4397 2619 4442 mortem.
2638 4405 2656 4432 n

1418 4462 1491 4506 Illa
1511 4468 1665 4520 negat,
1686 4464 1865 4519 cupiens
1889 4464 2063 4521 ignitam
2086 4450 2255 4507 sumere
2275 4470 2430 4506 sortem
2450 4475 2462 4515 ;
