2924 4588
134 107 243 152 ¹3¹5
304 99 306 101 ¹

806 103 1064 150 tusroma
1098 103 1490 150 scnetasrtcA.
1526 113 1585 138 .-
1611 103 1810 150 LtBERI
1839 90 2046 153 neuun.

2594 116 2707 162 ¹5ss

135 198 232 242 dies
255 206 420 254 paucos
436 178 602 255 'invasit
626 192 966 255 spiritus-malus
989 192 1165 251 sauls»
1201 199 1243 238 et
1262 191 1387 250 quasi
1411 199 1444 245 A
1470 197 1589 236 cerat
1609 193 1648 238 ei
1679 205 1773 245 rex,
1799 200 1842 242 et
1878 196 2079 240 abierunt
2111 196 2240 241 amb0
2261 198 2306 242 in
2338 198 2510 252 Naioth,
2539 204 2613 257 qui
2642 209 2711 249 est

137 268 448 328 proplietabat;
485 266 631 328 missa·
657 265 807 323 lancea
848 262 978 321 quam
1018 253 1209 316 tenebat,
1249 264 1386 309 David

140 342 395 398 psallentem
424 332 600 395 ‘putavit
621 334 837 395 coningere
871 328 1209 394 parieti.·David
1244 346 1387 383 autem

134 413 369 458 declinavit
405 411 460 455 ab
489 423 542 455 eo
578 410 785 466 secundo.
811 409 959 455 Primo
992 410 1106 454 enim
1127 417 1385 464 recesserat,

139 487 253 532 bello
277 467 544 535 imminente,
568 489 611 527 et
633 489 784 548 postea
810 482 962 527 statuit
986 495 1083 526 eum
1117 480 1222 525 Saul
1247 483 1388 526 ciliar-

133 558 277 608 cham,
299 561 342 606 et
375 554 468 597 ait-1
493 568 508 597 ι
531 551 683 597 Filiam
714 563 854 598 meam
874 550 1021 595 Merob
1042 550 1154 594 daho
1176 550 1270 600 tihi,
1296 556 1387 593 tan-

131 627 356 674 tummodo
383 631 478 684 esto
500 625 569 668 vir
588 617 734 675 sortis,
754 629 796 668 et
812 622 1016 685 vpraeliare
1032 622 1150 672 bella,
1161 621 1347 665 Domini.
1366 638 1379 664 ›

132 700 366 746 Tractabat
392 699 506 744 enim
532 697 647 754 apud
671 687 718 742 se
743 711 755 741 t
788 711 803 737 ι
829 695 925 740 Non
958 695 1016 740 sit
1037 707 1195 740 manus
1221 689 1382 739 mea'in

131 787 248 827 eum,
275 774 351 819 sed
381 785 545 824 ,taanus
570 770 949 817 Philisthinorum.
986 767 1094 814 Cum
1134 773 1276 813 autem
1306 769 1382 813 de-

130 847 226 892 buit
255 847 399 891 Merob
417 845 510 891 dari
530 843 664 888 David
686 843 787 890 data
811 846 878 888 est
912 839 1104 884 Hadrieli
1131 839 1380 884 Molathitae.

135 920 295 970 Dilexit.
311 925 453 967 autem
479 917 633 968 David,
659 911 834 966 Michol,
858 921 902 960 et
921 914 1085 972 placuit
1111 912 1231 965 Saul,
1252 920 1295 957 et
1322 914 1383 957 ait

131 992 186 1037 ad
206 1005 305 1037 eum
332 1008 342 1037 ι
366 991 414 1035 ln
438 991 609 1035 duabus
631 989 762 1032 rebus
780 1001 913 1045 gener
928 1000 1052 1032 meus
1076 987 1164 1031 eris
1183 986 1338 1030 hodie:
1362 1002 1376 1027 ι

130 1063 246 1120 quod
280 1068 346 1107 est
381 1062 425 1106 in
465 1060 633 1105 duabus
662 1059 838 1103 filiabus
875 1059 1031 1103 meis*.
1056 1057 1164 1110 Nam
1201 1058 1381 1101 alteram

130 1136 320 1181 habuisti
341 1146 564 1191 sponsam,
579 1134 758 1177 alteram
777 1131 958 1175 habebis
975 1142 1178 1183 uxorem;
1199 1130 1265 1173 vel
1287 1129 1344 1172 ita
1367 1144 1377 1172 :

129 1208 214 1253 Pro
236 1209 404 1253 duabus
423 1197 567 1260 rebus,
592 1206 692 1264 quia
720 1204 913 1266 stravisti
933 1205 1166 1262 gigantem,
1192 1209 1236 1247 et
1255 1203 1378 1248 dahis

1469 266 1593 309 collis
1629 267 1673 309 in
1696 265 1922 320 Ramatha,
1960 269 2033 313 uhi
2064 276 2157 315 erat
2189 282 2352 316 cuneus
2383 274 2706 329 prophetarum.

1470 339 1594 391 Quod
1620 351 1717 382 cum
1733 340 1967 395 accepisset
1994 340 2112 394 Saul,
2130 343 2248 387 misit
2266 344 2441 388 lictores
2467 346 2510 388 in
2534 346 2706 398 Naioth,

1468 417 1515 453 ut
1537 417 1738 466 raperent
1762 410 1910 456 David.
1931 412 2132 464 Quicum
2157 414 2367 459 vidissent
2390 418 2640 472 prophetas,
2666 425 2710 465 et

1469 481 1641 526 Samuel
1675 487 1861 527 stantem
1898 496 2031 540 super
2061 497 2152 537 eos,
2179 485 2320 530 sactus
2343 494 2409 531 est
2435 489 2477 530 in
2503 490 2587 534 illis
2608 490 2707 546 Spi-

1465 555 1574 598 ritus
1599 553 1786 616 Domini,
1804 560 1847 597 et
1874 556 2201 611 prophetabant.
2243 558 2441 614 Misitque
2474 563 2706 615 secundos,

1465 631 1508 668 et
1540 625 1694 669 tertios
1727 627 1924 678 nuntios,
1952 628 2025 682 qui
2065 634 2107 671 et
2146 630 2227 684 ipsi
2265 633 2644 687 prophetaverunt,
2665 642 2708 679 et

1464 697 1602 741 iratus
1625 695 1729 739 Saul
1749 698 1856 740 abiit
1879 706 1976 753 post
1995 711 2085 748 eos,
2108 706 2151 743 et
2176 708 2408 757 antequam
2441 708 2634 749 venirent
2662 708 2708 750 in

1463 765 1636 816 Naioth,
1662 767 1909 823 ingrediens
1929 772 2228 825 prophetabat,
2249 780 2291 815 et
2318 775 2440 829 quasi
2466 788 2611 820 amens
2645 777 2709 820 sa-

1462 846 1560 885 ctus
1582 849 1665 891 est,
1688 848 1733 885 et
1761 849 1918 885 exutus
1939 850 2056 888 veste
2085 846 2219 900 regia,
2258 853 2345 890 tota
2382 848 2452 892 die
2486 855 2528 892 et
2560 858 2703 903 nocte,

1462 913 1767 956 canebatcum
1799 917 1984 967 caeteris,
2026 916 2159 959 David
2192 923 2233 960 et
2261 919 2460 965 Samuele
2494 923 2603 965 elam
2639 925 2704 966 vi-

1462 985 1714 1034 dentibus.
1736 986 1864 1045 Fugit
1885 995 2026 1032 autem
2060 989 2194 1034 David
2228 991 2326 1036 inde
2349 999 2391 1036 et
2413 996 2528 1038 venit
2554 996 2606 1039 ad
2637 995 2706 1041 Jo-

1465 1057 1661 1110 natham,
1692 1065 1741 1102 et
1763 1062 2036 1116 quaerebatur
2068 1063 2123 1106 ei.
2163 1064 2242 1108 Cui
2286 1064 2492 1110 Jonathas
2519 1083 2527 1111 ε
2567 1083 2581 1108 ι
2609 1068 2705 1112 Non

1462 1128 1680 1174 morieris.
1700 1188 1705 1200 ι
1726 1129 1839 1174 Nihil
1879 1134 2056 1187 grande,
2091 1136 2158 1178 vel
2203 1149 2382 1191 parvum
2421 1138 2548 1183 faciet
2584 1149 2705 1196 pater

1463 1214 1602 1265 meus,
1619 1203 1734 1258 quod
1761 1218 1847 1248 non
1868 1206 2028 1251 indicet
2043 1208 2165 1252 mihi.
2182 1209 2258 1253 Cui
2284 1210 2446 1257 David:
2470 1212 2560 1256 Scit
2583 1221 2706 1270 pater

129 1287 301 1330 centum
317 1278 764 1345 praeputiatiocen‘im
779 1273 1388 1333 signilie'aviteiSaulperse'r-
1411 1260 1446 1308 Β
1469 1282 1586 1327 tuus,
1617 1275 1733 1332 quod
1755 1277 1898 1334 diligis
1920 1292 2004 1331 me,
2031 1287 2073 1324 et
2097 1281 2209 1325 dicet
2234 1299 2242 1325 ε
2266 1283 2439 1328 Nesciat
2471 1286 2552 1329 hoc
2574 1287 2706 1332 Jona-

127 1367 206 1400 vos
229 1366 351 1406 suos,
372 1366 461 1398 non
489 1352 622 1415 habet
644 1352 716 1395 rex
731 1360 922 1396 'necesse
945 1349 1107 1394 habere
1139 1343 1389 1405 sponsalia,-

128 1427 172 1472 id
190 1434 256 1472 est
271 1440 468 1479 munera,
496 1415 566 1471 vel
588 1426 867 1470 donatiouem
892 1427 1068 1481 propter
1084 1423 1278 1480 nuptias,
1295 1413 1389 1467 nisi¹

127 1508 294 1548 tantum
324 1507 499 1557 centu-m
532 1498 744 1557 praeputia
775 1486 1150 1555 Phili'sth'inorum.
1189 1496 1250 1539 Et*
1277 1496 1382 1541 ahiit

130 1565 266 1620 David
285 1569 384 1618 cum
408 1564 964 1627 viris,‚quorum-,tribunus
991 1571 1144 1616 eratin
1167 1570 1378 1621 Accaron,

129 1656 174 1695 et
205 1647 423 1709 percussit
442 1635 511 1691 de'
528 1644 792 1690 Philisthiim
812 1644 1024 1688 ducentos
1052 1643 1188 1694 viros,
1212 1650 1254 1687 et
1279 1644 1382 1688 affe-

131 1735 233 1767 rens
257 1715 466 1778 praeputia
498 1711 672 1771 eorum,
702 1713 1004 1763 annumeravit
1036 1728 1086 1760 ea
1121 1716 1228 1771 regi.
1253 1714 1380 1760 Jose·

128 1795 241 1854 phus
272 1784 416 1838 tamen
444 1792 549 1836 dicit
572 1790 804 1849 abscidens
838 1794 1044 1850 sexcenta
1084 1788 1228 1844 capita
1263 1789 1380 1832 venit

127 1868 181 1912 ad
223 1863 387 1924 regem;
426 1873 468 1910 et
508 1863 683 1921 nuptias
709 1862 925 1918 exigebat,
950 1868 993 1906 et
1034 1861 1155 1905 dedit
1195 1861 1237 1905 ei
1277 1855 1380 1904 Saul

127 1940 259 1984 liliam
298 1951 440 1990 suam,
479 1938 593 1982 licet*
619 1937 800 1980 invitus.
829 1931 1028 1990 Cumque
1064 1934 1246 1986 videret,
1279 1931 1404 1979 eum⁴

127 2008 506 2072 apud'Dominum
546 2015 590 2056 et
628 2009 826 2055 homines
869 2006 1118 2065 approbari,
1150 2007 1309 2058 timuit,
1336 2013 1379 2052 et

127 2086 345 2131 tractabat
388 2085 442 2129 de
481 2089 622 2128 morte
656 2083 771 2139 eius.
796 2082 885 2126 Nec
915 2081 1012 2137 jam,
1037 2085 1198 2126 metum
1238 2078 1378 2123 celare

126 2161 293 2210 volens,
322 2173 337 2200 ι
366 2158 474 2202 dixit
496 2156 708 2206 tetradiae,
734 2159 777 2200 et
811 2155 950 2199 servis
982 2149 1092 2215 suis,
1128 2159 1176 2196 ut
1202 2153 1377 2196 occide-

126 2238 223 2281 rent
250 2230 385 2274 David
417 2229 459 2286 (Ι
490 2229 590 2284 Req.
618 2233 728 2282 xix).
757 2225 884 2279 Quod
922 2214 1130 2278 indicavit
1165 2223 1376 2269 Ionathas'

128 2302 279 2356 David,
302 2289 453 2346 dicens
474 2314 486 2347 :
512 2316 527 2343 ‹
554 2296 848 2351 Abscondcre,
869 2310 1009 2354 usque
1028 2297 1170 2348 mane,
1190 2307 1289 2340 eras
1313 2295 1375 2339 lo-

0 2381 2 2390 '
30 2391 32 2398 ’
67 2375 70 2377 ’
126 2387 236 2432 quar
259 2374 371 2431 patr-i
397 2386 475 2431 pro
499 2379 555 2420 tc.
579 2370 627 2416 In
654 2364 898 2423 crastinum
934 2370 1109 2414 locutus
1131 2374 1198 2413 est
1241 2367 1376 2411 Jona-

127 2448 222 2492 thas
255 2447 526 2507 adpatrem.
560 2438 827 2500 Cur-'peccas
861 2443 905 2486 in.
945 2441 1156 2498 sanguine
1179 2441 1374 2495 innoxio,

126 2520 200 2576 qui
222 2518 324 2563 fecit
347 2518 528 2567 salutem
556 2517 600 2561 in
618 2514 767 2568 lsrael,
794 2520 837 2560 et
861 2508 1116 2572 operaejus
1137 2513 1215 2561 tibi
1249 2507 1379 2556 valde

127 2587 226 2636 sunt
273 2591 535 2643 necessaria,
574 2596 618 2635 et
669 2588 796 2645 eujus
837 2593 979 2634 morte
1015 2586 1101 2637 tilia
1133 2593 1208 2629 tua
1246 2585 1376 2638 vidua

125 2663 365 2722 vexabitur.
387 2663 439 2705 Et
456 2663 649 2718 placatus
675 2659 780 2703 Saul
800 2659 982 2715 iuravit.
1006 2657 1124 2702 Vivit
1147 2657 1372 2708 Dominus,

124 2737 332 2793 quia-'tion
351 2737 590 2781 occidetur.
622 2752 635 2777 ι
667 2734 720 2780 Et
742 2733 983 2779 introduxit
1005 2731 1216 2782 Ionathas
1239 2729 1373 2781 David

128 2809 185 2863 ad¹
205 2807 367 2870 regem,
393 2815 435 2853 et
457 2809 575 2854 stetit
591 2819 748 2851 coram
772 2819 841 2858 eo,
866 2800 979 2851 sicut
998 2806 1135 2862 prius.

182 2878 368 2924 'Addicto
406 2882 445 2925 1.
490 2879 779 2937 Hieronymus
813 2879 917 2922 dicit
955 2878 1065 2922 duas
1116 2889 1185 2921 res
1222 2876 1371 2927 fuisse,

128 2959 300 2999 centum
325 2953 551 3009 praeputia,
571 2965 667 3009 quae
696 2952 819 3008 prius
842 2950 1020 2996 dederat
1039 2949 1145 3003 ‘regi
1182 2961 1259 3005 pro
1283 2947 1372 2992 Mc-

128 3029 224 3079 roh,
250 3035 292 3072 et
315 3028 519 3079 ducenta,
545 3039 641 3083 quae
661 3024 811 3083 pestea
834 3025 949 3068 dedit
975 3036 1052 3080 pro
1074 3018 1244 3067 M'ichol.

127 3120 228 3162 Car.
248 3117 360 3162 XlX.
382 3117 502 3171 ,Quod
525 3117 680 3160 Mic-hol
702 3116 889 3171 deposuit
915 3114 1046 3159 David
1062 3120 1319 3171 persecutum
1345 3128 1371 3162 a

516 3173 623 3218 saut
649 3185 722 3228 per
739 3174 980 3227 fenestram.
1067 3229 1069 3231 q
1170 3184 1172 3186 ·

181 3247 370 3292 Rursum
397 3245 503 3290 inito
530 3245 782 3295 certamine,
808 3243 1029 3300 percussit
1061 3240 1198 3285 David
1230 3237 1370 3286 'Phili-

127 3322 284 3365 sthaeos
307 3321 429 3376 plaga
454 3330 624 3375 magna,
657 3324 697 3362 et
722 3317 878 3360 invidit
897 3314 1016 3366 Saul,
1039 3319 1082 3359 et
1105 3316 1260 3358 iterum
1285 3314 1371 3358 dxe-

127 3406 226 3438 mon
255 3393 499 3449 exagitabat
530 3404 626 3435 eum
644 3423 655 3442 ,
689 3397 731 3434 et
764 3390 900 3433 David
934 3390 1188 3445 psallentem
1215 3387 1365 3438 voluit,
1394 3412 1429 3456 D

126 3467 238 3511 sieut
270 3465 412 3522 ‘pi-ius,
444 3464 682 3520 periurare,
710 3468 753 3507 et
790 3462 901 3517 fugit
937 3461 1074 3515 David
1098 3461 1155 3504 in
1194 3459 1367 3502 domum

127 3551 247 3589 suam
274 3537 314 3596 (1
336 3537 433 3594 Περ.
459 3536 567 3595 xxx).
589 3536 703 3580 Misit
727 3541 869 3579 autem
894 3535 998 3578 Saul
1016 3534 1224 3578 satellites
1247 3540 1371 3576 nocte

126 3614 241 3656 cirea
281 3612 472 3663 domum,
512 3617 559 3656 ut
598 3622 724 3653 mane
773 3598 1064 3665 egredientem
1104 3607 1367 3652 occiderent.

100 3729 103 3731 .
127 3687 250 3738 Quod
274 3698 372 3732 cum
411 3684 710 3743 proesensisset
737 3681 908 3733 michol,
935 3682 1134 3736 deposuit
1157 3692 1254 3728 eum
1294 3690 1370 3734 per

129 3757 379 3813 fenestram,
414 3765 456 3803 et
479 3757 661 3814 aufugit.
687 3755 844 3799 Michol
883 3759 1024 3798 autem
1060 3754 1212 3798 stravit
1236 3754 1369 3796 lectu-

126 3834 213 3876 lum
236 3844 380 3887 suum,
404 3830 530 3889 quasi
545 3827 811 3886 aegrotantis,
830 3828 873 3870 in
899 3820 984 3882 quo
1002 3827 1145 3882 posuit
1166 3831 1365 3877 statuam,

125 3912 168 3950 et
203 3905 355 3962 pellem
386 3915 616 3960 caprarum
656 3902 709 3945 ad
745 3899 1015 3963 eaput‘ejuS,
1040 3898 1366 3942 similitudinem

126 3978 391 4036 capillorum„
418 3976 689 4033 exprimens,
723 3977 765 4022 et
797 3960 924 4029 sagis
943 3971 1218 4028 superposuit
1246 3970 1368 4024 jecur

125 4062 267 4106 caprae
287 4050 459 4106 spirans
482 4039 727 4109 exprimens
745 4037 1034 4093 anhelantein.
1054 4043 1246 4097 Curiique
1265 4041 1366 4084 Saul

127 4122 478 4180 deprehendisset
511 4116 692 4174 seesse
725 4111 1075 4181 i·llu‘sum³,'dixit>
1092 4107 1145 4159 ad
1167 4109 1322 4158 Michol
1352 4130 1362 4159 ε

130 4212 144 4237 ¹
175 4196 262 4242 Cur
287 4196 488 4255 dimisisti
515 4196 738 4239 inimicum
765 4204 923 4236 meum.
950 4188 1094 4243 »Quae
1116 4186 1361 4246 respondit:

127 4263 286 4320 Timui,
306 4269 415 4314 dixit
436 4258 550 4313 enim
575 4266 680 4310 mihi
704 4280 713 4310 :
742 4279 756 4306 ‹
787 4260 960 4317 Dimitte
979 4275 1064 4313 me,
1084 4252 1274 4317 alioquin
1302 4262 1364 4300 in-

126 4331 343 4386 ter-liciam,
369 4348 424 4385 te.
464 4357 478 4382 ι
506 4339 640 4384 David
673 4343 816 4380 autem
848 4335 1034 4391 fugiens,
1070 4328 1183 4376 venit
1210 4333 1260 4375 ad
1283 4329 1362 4372 Sa-

130 4415 311 4458 muelem
335 4414 376 4457 in
403 4412 630 4463 Ilamatha,
655 4417 696 4454 ct
730 4409 932 4451 indicavit
957 4406 994 4449 ei
1020 4406 1163 4450 omnIa
1189 4416 1281 4458 quae
1305 4402 1364 4446 se-

1454 1348 1578 1401 nsas,
1602 1351 1707 1394 vivit
1728 1353 1871 1395 anima
1894 1359 1983 1405 tua,
2011 1355 2113 1409 quia
2141 1369 2226 1399 uno
2252 1362 2435 1409 tantum,
2460 1364 2508 1402 ut
2547 1360 2604 1403 ita
2639 1363 2706 1404 di-

1462 1431 1577 1479 cam,
1602 1423 1753 1478 gradu,
1775 1437 1854 1480 ego
1885 1431 1927 1468 et
1966 1437 2086 1470 mors
2111 1427 2344 1472 dividimur
2365 1429 2408 1484 (Ι
2437 1430 2536 1488 Req.
2565 1434 2656 1488 xx).
2686 1449 2699 1475 ι

1462 1492 1654 1555 Gradum
1691 1495 1830 1540 unuin
1858 1498 1962 1542 dicit
1990 1499 2195 1555 parietem
2231 1502 2383 1547 domus
2403 1517 2505 1557 suae,
2531 1519 2615 1561 quo
2638 1508 2707 1550 in-

1461 1569 1673 1623 terposito
1712 1577 1909 1614 evaserat
1957 1585 2112 1617 manus
2149 1576 2464 1630 apparitorum.
2502 1577 2705 1625 Ilehraeus

1459 1639 1591 1706 habet
1613 1655 1628 1680 ι
1655 1654 1741 1686 uno
1776 1649 1940 1686 tantum
1971 1652 2119 1700 passu,
2151 1661 2166 1687 ι
2203 1653 2244 1690 et
2268 1654 2333 1691 est
2356 1661 2511 1693 sensus
2544 1666 2553 1695 ε
2581 1650 2706 1695 Mini-

1460 1723 1577 1756 mum
1595 1713 1867 1758 intervallum
1887 1716 1966 1759 suit
1982 1717 2228 1761 intermeat
2249 1726 2444 1765 mortem.
2462 1721 2570 1765 «Fac
2584 1735 2702 1779 ergo,

1460 1784 1660 1838 obsecro,
1683 1785 1798 1842 qiiod
1828 1789 1969 1833 dicam
1998 1804 2008 1834 x
2037 1790 2144 1835 Cras
2166 1799 2295 1835 erunt
2315 1792 2530 1844 Kalendae,
2557 1802 2600 1839 et
2621 1808 2702 1852 ego

1460 1856 1702 1902 abscondar
1732 1860 1776 1903 in
1800 1873 1937 1918 agro,
1953 1874 2090 1919 usque
2113 1864 2165 1908 ad
2193 1878 2416 1921 vesperam
2437 1867 2574 1911 tertiae
2600 1869 2701 1913 diei.

1461 1929 1504 1974 Si
1531 1934 1777 1989 requisierit
1798 1947 1865 1979 me
1879 1947 1971 1988 rex,
1991 1937 2092 1993 quia
2118 1938 2355 1982 consedere
2377 1952 2701 1998 consueveram,

1454 2003 1578 2060 juxta
1618 2019 1714 2050 eum
1743 2007 1796 2051 ad
1828 2008 2151 2062 vescendum”,
2191 2010 2308 2055 dices
2331 2010 2369 2054 ei
2391 2026 2402 2055 ι
2424 2011 2604 2067 Rogavit
2635 2026 2703 2058 me

1458 2077 1607 2131 David,
1634 2087 1678 2123 ut
1699 2080 1780 2123 iret
1813 2081 1855 2124 in
1878 2080 2143 2132 Bethlehem,
2162 2084 2262 2138 quia
2280 2083 2465 2128 victimae
2487 2086 2702 2132 solemnes

1459 2158 1561 2195 sunt
1590 2152 1649 2198 ihi
1677 2154 1878 2198 omnibus
1907 2155 2224 2211 contribulibus
2264 2156 2374 2211 ejus.
2405 2172 2421 2200 ι
2455 2156 2583 2202 Forte
2607 2166 2703 2203 erat

1454 2227 1683 2272 neomenia
1719 2227 1926 2272 solemnis
1961 2227 2104 2287 aliqua
2133 2240 2210 2285 per
2240 2230 2444 2274 triduum.
2475 2245 2488 2270 ‹
2518 2231 2640 2284 Quod
2663 2234 2701 2277 si

1443 2301 1618 2360 ‘dixerit
1642 2301 1717 2344 tibi
1743 2313 1817 2345 rex
1845 2316 1856 2345 ι
1881 2300 2010 2354 Bene,
2038 2314 2122 2359 pax
2142 2304 2223 2346 erit
2253 2315 2379 2349 servo
2403 2311 2491 2350 tuo.
2524 2305 2601 2348 Sin
2624 2317 2702 2349 au-

1460 2379 1545 2421 tem
1573 2373 1699 2419 luerit
1723 2373 1876 2426 iratus,
1902 2373 2114 2430 completa
2138 2381 2204 2419 est
2235 2376 2277 2418 in
2302 2388 2370 2420 me
2398 2376 2559 2420 malitia
2586 2377 2697 2432 eius,

1455 2453 1498 2492 et
1536 2448 1596 2491 ait
1625 2448 1832 2494 Jonathas
1855 2464 1866 2492 ε
1890 2448 2173 2505 Egrediamur
2195 2451 2238 2494 in
2267 2462 2433 2507 agrum.
2465 2467 2478 2492 i
2502 2451 2700 2508 Cumque

1455 2522 1617 2582 egressi
1642 2528 1805 2576 essent,
1828 2522 1992 2577 juravit
2014 2523 2054 2567 ei
2088 2521 2298 2568 Jonathas
2340 2525 2453 2580 quod
2490 2524 2700 2581 quidquid

1454 2591 1558 2635 honi
1594 2593 1660 2637 vel
1700 2594 1803 2657 mali
1840 2593 2051 2638 invenerit
2087 2596 2198 2650 apud
2233 2601 2426 2651 patrem,
2470 2597 2696 2651 indicaret,

1454 2672 1491 2710 et
1518 2666 1776 2722 iuraverunt
1801 2667 1884 2710 sibi
1924 2675 2079 2711 mutuo
2100 2668 2243 2712 foedus
2270 2669 2384 2713 inter
2407 2683 2453 2713 se
2479 2677 2520 2714 et
2552 2683 2697 2716 semen

1455 2750 1598 2782 suum.
1635 2753 1650 2779 ι
1679 2738 1856 2782 Addidit
1889 2740 2036 2793 etiam⁴
2059 2734 2268 2784 Jonathas
2303 2740 2513 2796 dejerare,
2554 2742 2596 2784 id
2631 2748 2698 2786 est

1454 2811 1690 2866 plurimum
1727 2811 1891 2866 jurare.
1938 2811 2064 2864 Quod
2103 2819 2246 2856 autem
2288 2814 2591 2870 interpositum
2629 2821 2697 2860 cst

1457 2901 1471 2926 ‹
1507 2886 1736 2948 requisivit
1766 2886 1975 2931 Dominus
2002 2887 2055 2932 de
2083 2900 2215 2932 manu
2244 2889 2515 2932 inimieorum
2544 2890 2693 2942 David,

1453 2959 1535 3003 hoc
1558 2959 1619 3019 ‚de
1637 2971 1723 3003 suo
1756 2960 1920 3006 addidit
1947 2963 2134 3016 scriptor
2155 2962 2197 3005 in
2230 2962 2515 3017 spii-itu“'‚et
2533 2963 2698 3012 addidit

1450 3028 1660 3074 ,Ionathas
1683 3044 1695 3074 ε
1718 3044 1733 3071 c
1759 3029 1803 3075 ln
1825 3031 1893 3075 die
1916 3044 1998 3087 qua
2023 3033 2191 3091 operari
2213 3033 2329 3084 licet,
2361 3050 2375 3075 ι
2406 3033 2445 3076 id
2465 3039 2530 3077 est
2558 3036 2695 3090 pridie

1450 3102 1757 3153 Kalendarum,
1791 3108 1839 3146 ut
1869 3103 2042 3159 quidam
2062 3105 2240 3161 volunt,
2277 3106 2352 3148 sed
2378 3107 2530 3149 melius
2562 3112 2694 3151 estut

1450 3175 1502 3219 de
1521 3175 1718 3231 sequenti
1745 3175 1814 3219 die
1842 3175 2119 3231 intelligatur,
2150 3190 2163 3215 ‹
2187 3177 2433 3231 egredieris,
2462 3185 2503 3221 et
2526 3179 2692 3222 sedebis

1451 3246 1589 3290 latens
1618 3238 1740 3302 Juxta
1778 3245 1962 3300 lapidem
2003 3245 2117 3297 Ezel,
2154 3252 2193 3288 et
2225 3247 2400 3289 veniens
2434 3246 2486 3287 ad
2524 3253 2564 3289 te
2597 3251 2693 3300 post

1450 3321 1757 3370 solemnitates,
1778 3319 1933 3374 jaciam
1959 3325 2046 3362 tres
2071 3319 2249 3375 sagittas
2279 3318 2401 3372 juxta
2426 3331 2540 3368 etim,
2569 3318 2691 3373 quasi.

1450 3405 1656 3436 exercens
1680 3405 1746 3435 nie
1766 3392 1818 3434 ad
1843 3392 2028 3447 signum.
2057 3390 2100 3433 Si
2125 3391 2274 3434 dixero
2296 3402 2444 3446 puer-0,
2471 3391 2541 3445 qui
2573 3392 2690 3433 tollet

1451 3477 1524 3508 eas
1546 3480 1555 3507 :
1581 3463 1691 3508 Ecce
1715 3464 1880 3519 sagittae
1921 3465 2034 3506 intra
2069 3470 2111 3507 te
2134 3470 2249 3515 sunt,
2275 3475 2354 3519 pax
2381 3464 2453 3505 tibi
2487 3468 2566 3515 est,
2593 3464 2690 3506 veni

1451 3537 1502 3579 ad
1529 3548 1612 3579 me.
1630 3535 1752 3588 Quod
1775 3535 1811 3578 si
1836 3535 2014 3578 dixero:
2042 3534 2214 3589 Sagittae
2240 3535 2350 3577 ultra
2378 3540 2417 3577 le
2441 3540 2541 3576 sunt
2564 3535 2686 3583 vade,

1449 3607 1656 3651 Dominus
1682 3608 1737 3651 sit
1756 3608 1869 3650 inter
1885 3619 1953 3650 me
1980 3612 2021 3649 et
2042 3612 2083 3650 te
2106 3607 2301 3660 usquein
2321 3606 2641 3660 sempiternum.
2669 3621 2683 3647 ι

1447 3679 1582 3723 Porro
1605 3680 1743 3735 prima
1767 3679 1835 3722 die
1862 3679 2150 3731 solemnitatis
2187 3678 2383 3732 apparuit
2408 3678 2529 3719 locus
2553 3676 2686 3720 David

1442 3739 1627 3801 venus,
1652 3756 1695 3793 et
1724 3749 1842 3793 siluit
1869 3749 1971 3791 Saul
1989 3750 2209 3792 aestimans
2228 3747 2357 3788 David
2390 3747 2579 3789 nondum
2606 3759 2687 3801 pu-

1451 3821 1682 3864 rificatum.
1710 3820 1853 3863 Altera
1894 3820 1964 3863 die
1991 3820 2244 3874 requisitum
2272 3830 2295 3859 a
2325 3829 2438 3872 rege,
2465 3818 2685 3859 excusavit

1448 3907 1545 3939 eum
1570 3892 1794 3943 Jonathas,
1821 3898 1861 3936 et
1886 3893 2020 3935 iratus
2046 3889 2147 3934 Saul
2180 3890 2286 3932 dixit
2311 3888 2363 3931 ad
2397 3901 2492 3932 eum
2520 3904 2529 3932 :
2558 3903 2571 3927 ι
2606 3887 2683 3933 Fui

1448 3961 1641 4010 mulieris
1663 3966 1801 4008 virum
1827 3951 1940 4007 ultro
1964 3959 2187 4019 rapientis,
2210 3962 2300 4005 scio
2334 3962 2432 4015 quia
2457 3961 2497 4003 in
2532 3959 2684 4003 consu-

1447 4038 1609 4083 sionem
1634 4044 1749 4080 tuam
1767 4037 1910 4092 diligis
1934 4035 2064 4078 tilium
2079 4033 2181 4085 lsai,
2197 4046 2280 4076 non
2303 4021 2534 4076 stabilieris
2550 4043 2601 4074 eo
2620 4031 2684 4072 vi-

1387 4114 1390 4119 *
1444 4116 1571 4154 vente
1602 4116 1664 4160 tu,
1689 4121 1828 4165 neque
1853 4112 2192 4162 regnumtuum.
2219 4105 2367 4148 Adduc
2391 4116 2486 4147 eum
2513 4103 2563 4146 ad
2596 4116 2678 4150 ine,

1445 4184 1543 4237 quia
1571 4170 1680 4224 lilius
1697 4175 1855 4223 ¹mortis
1878 4184 1957 4223 est.
1983 4174 2034 4219 Et
2067 4176 2127 4218 ait
2157 4175 2363 4219 Jonathas
2387 4188 2397 4216 z
2421 4174 2561 4225 Quare
2585 4184 2677 4213 mo-

1445 4252 1605 4295 rietur?
1621 4256 1662 4294 et
1680 4238 1862 4303 arripient
1880 4243 2200 4295 S'aul'lanceaui,
2217 4253 2260 4289 ut
2277 4251 2622 4300 pereutere-teum
2653 4262 2666 4286 i

1444 4326 1493 4368 Et
1513 4324 1739 4368 declinavit
1761 4322 1963 4364 Jonathas
1993 4321 2043 4362 ab
2076 4333 2127 4362 eo
2149 4321 2442 4367 esntrist-atus,
2467 4329 2541 4358 nce
2560 4327 2670 4356 eom

1443 4401 1527 4443 edit
1568 4411 1719 4454 panem
1748 4398 1788 4439 in
1814 4395 1881 4438 die
1913 4395 1998 4444 iila,
2038 4401 2079 4437 et
2103 4404 2300 4448 egressus
2333 4393 2374 4434 in
2405 4401 2551 4446 agrum
2577 4386 2674 4430 fecit
