2924 4588
256 171 375 220 127!
541 176 568 209 ⁸

262 335 367 378 teris
390 336 480 377 suis
506 346 618 388 saepc
634 332 789 387 legitur
805 331 1125 389 improperatus
1139 332 1195 376 ob
1211 333 1510 389 ignominiam.

220 392 222 395 ⁵
262 406 435 451 Hebraei
454 401 635 450 tradxflit
649 406 765 448 bunc
789 405 922 449 fuisse
949 405 1190 461 Beniamin.
1213 403 1265 448 Et
1290 405 1414 461 quasi
1437 415 1514 460 per

261 478 523 537 apheresim,
555 481 629 524 ubi
651 494 730 525 nos
751 483 952 536 ponimus
977 484 1213 538 geminum,
1237 482 1319 538 ipsi
1345 486 1513 537 ponunt

259 552 402 597 Jemin
421 586 432 603 ,
457 554 573 610 qumi
602 551 727 597 sonat
749 555 1010 597 dextrarium
1033 555 1098 598 vel
1121 554 1310 598 dextrale
1337 554 1411 610 qui
1429 554 1511 596 La-

262 626 350 669 tine
386 626 575 681 yemiuus
593 622 684 667 ‘dici
703 632 868 680 posset,
894 625 997 680 quia
1041 625 1284 680 geminatur
1306 637 1405 668 cum
1426 633 1514 668 tra·

263 698 405 749 beute,
441 693 520 740 ni‘si
550 698 747 753 geminus
782 709 805 739 a
835 696 990 743 Jemtn,
1031 709 1111 752 per
1141 695 1163 740 J
1198 706 1508 742 consonantem

261 769 542 811 scriberetur.
567 767 732 809 Dicitur
746 774 888 810 autem
907 780 929 809 a
947 765 1089 810 Jainin
1107 766 1506 824 propi-ieteniinus,

262 841 376 884 sicut
417 852 441 882 a
474 840 653 884 dextera
691 839 958 885 dextrarius.
995 840 1297 898 miseruntque
1329 842 1403 885 sitii
1433 855 1510 900 per

260 912 353 956 Aod
378 925 556 956 munera
578 911 714 968 Eglon
740 914 847 968 regi,
876 914 950 969 qui
977 913 1078 957 fecit
1101 914 1184 958 sibi
1210 914 1400 971 gladium
1431 927 1510 959 an·-

260 985 435 1040 cipiteni
454 985 739 1040 longitudinis
765 986 918 1040 palmae
935 997 1108 1037 manus,
1133 991 1175 1028 et
1198 987 1420 1031 accinctus
1441 995 1508 1031 cst

256 1070 309 1101 eo
327 1058 370 1101 in
386 1058 536 1102 dextro
556 1059 715 1102 femore
740 1060 890 1102 subter
909 1071 1078 1115 sagum,
1098 1059 1213 1115 quod
1234 1067 1300 1104 est
1315 1061 1504 1117 quadra·

257 1142 312 1175 ιε
340 1130 489 1174 tortuae
522 1132 711 1175 militare
736 1132 1052 1175 indumentum.
1080 1129 1181 1175 Erat
1203 1139 1346 1176 autem
1371 1131 1504 1191 Eglon

256 1215 436 1249 crassus
451 1204 599 1247 nimis.
628 1203 824 1259 Cumque
854 1203 1087 1247 obtulisset
1104 1205 1143 1248 ei
1174 1217 1372 1258 munera,
1405 1220 1507 1264 pro·

257 1285 436 1321 secutus
462 1282 528 1320 est
561 1277 723 1326 socios,
749 1277 820 1333 qui
852 1289 952 1319 cum
971 1288 1022 1320 co
1046 1283 1274 1329 venerunt,
1296 1285 1339 1322 ct
1359 1291 1505 1324 ret-‘et'-

258 1364 334 1395 sus
355 1357 421 1395 est
443 1351 498 1395 ad
524 1364 686 1408 regem.
711 1357 754 1394 et
777 1351 837 1394 ait
866 1364 881 1391 t
909 1348 1096 1394 Verbum
1123 1358 1338 1396 secretum
1365 1353 1502 1398 babeo

256 1423 308 1466 ad
346 1430 388 1466 te
422 1435 559 1466 orcx.
599 1438 614 1463 i
655 1421 939 1478 Egi-fessisque
975 1424 1196 1475 omuibus,
1218 1425 1292 1481 qui
1324 1437 1424 1470 cum
1450 1440 1502 1471 eo

253 1503 378 1541 eraut
406 1497 591 1540 accessit
612 1495 662 1538 ad
688 1508 786 1538 eum
812 1496 923 1543 Aod.
955 1501 999 1540 ct
1031 1496 1093 1539 ait
1122 1512 1131 1540 :
1159 1512 1172 1538 ι
1205 1497 1392 1543 Verbum
1418 1499 1502 1542 Do·-

254 1569 359 1613 mini
375 1569 512 1613 liabeo
527 1569 578 1611 ad
602 1576 657 1612 te.
681 1585 694 1609 ι
718 1569 841 1621 Quod
867 1569 1193 1626 intelligendum
1214 1579 1282 1616 est
1304 1572 1357 1616 de
1382 1585 1502 1618 som·

254 1644 328 1686 nio
352 1655 404 1686 ex
446 1643 651 1686 mandato
694 1641 880 1686 Domini.
919 1642 1002 1696 Qui
1029 1645 1177 1688 statim
1214 1647 1407 1690 surrexit
1449 1648 1502 1692 de

252 1716 425 1760 tbi-ono.
445 1716 734 1772 Extenditque
751 1715 842 1759 Aod
868 1729 1043 1760 manum
1070 1718 1312 1771 sinistram,
1339 1728 1382 1764 et
1404 1722 1501 1764 tulit

252 1791 416 1833 siccam
440 1790 494 1834 de
518 1791 671 1834 dextro
697 1790 878 1842 seniore,
898 1796 940 1834 et
957 1790 1098 1834 infixit
1123 1805 1216 1837 eam
1236 1794 1279 1836 in
1309 1802 1499 1839 ventrem

250 1864 346 1919 ejus
375 1864 529 1915 valide,
547 1876 628 1908 nec
646 1864 795 1907 eduxit
814 1877 926 1916 eam,
953 1865 1027 1910 scd
1049 1867 1222 1923 reliquit
1240 1868 1283 1911 iu
1300 1881 1497 1926 corpore.

251 1935 346 1993 lpse
373 1950 476 1981 vcro
516 1938 679 1983 clausis
710 1938 940 1995 diligenter
976 1939 1100 1984 ostiis
1137 1943 1348 1986 coenaculi
1373 1974 1385 1992 ,
1426 1956 1502 2000 per

251 2012 467 2068 posticum
487 2025 690 2068 egressus
708 2019 790 2064 est,
815 2020 858 2058 et
874 2015 1057 2071 aufugit.
1086 2016 1208 2061 Servi
1226 2024 1370 2063 autem
1388 2022 1502 2077 regis

253 2092 349 2142 post
392 2087 564 2142 longam
615 2100 779 2130 moram
834 2089 1065 2141 intrantes,
1113 2091 1376 2137 invenerunt
1399 2106 1499 2138 eum

250 2164 489 2210 mortuum,
518 2164 559 2203 et
596 2159 812 2215 iacentem
842 2163 887 2205 in
931 2168 1063 2213 terra.
1095 2162 1312 2222 Venitque
1332 2164 1425 2211 And
1457 2167 1499 2211 in

248 2231 405 2284 Seirat,
437 2238 480 2276 et
524 2234 716 2277 insonuit
756 2234 940 2279 buccina
986 2238 1030 2281 in
1046 2244 1191 2283 monte
1215 2237 1502 2296 Ephraim,et

249 2306 568 2360 descenderunt
599 2295 698 2350 cum
725 2321 777 2353 eo
803 2308 878 2352 tilii
908 2307 1041 2354 lsrael
1073 2310 1124 2354 ad
1153 2311 1263 2355 vada
1297 2311 1502 2360 Jordanis

249 2393 345 2436 quae
381 2384 683 2425 transmittunt
722 2383 766 2426 in
811 2382 951 2427 Moab.
994 2382 1047 2426 Et
1073 2384 1270 2430 volentes
1311 2388 1499 2432 transire
1523 2416 1554 2461 C

249 2452 458 2497 Moabitas
480 2462 792 2510 percusserunt
812 2457 986 2500 circiter
1000 2457 1149 2501 decem
1174 2459 1327 2511 millia,
1349 2465 1392 2503 et
1417 2459 1497 2503 hu-

248 2528 443 2572 miliatus
462 2536 527 2572 est
550 2528 621 2572 die
646 2529 719 2572 illa
744 2528 870 2573 Moab
888 2531 970 2575 sub
993 2542 1126 2574 manu
1150 2530 1300 2584 lsrael,
1319 2538 1362 2576 et
1382 2533 1501 2589 quie-

245 2599 310 2642 vit
344 2605 460 2643 terra
498 2601 718 2656 nonginta
749 2603 892 2647 antiis.
928 2617 942 2644 ι
970 2601 1022 2647 Et
1050 2609 1249 2649 mortuus
1285 2610 1352 2650 est
1384 2605 1493 2651 Aoo.

246 2671 300 2714 Et
334 2679 437 2715 tune
470 2672 523 2715 de
558 2671 820 2717 Philisthaeis
853 2674 1101 2718 volentibus
1140 2677 1302 2720 intrare
1333 2683 1493 2721 terram

250 2743 381 2790 lsrael
408 2745 576 2803 Saugar
598 2748 758 2791 occidit
786 2756 1016 2793 sexcentos
1050 2751 1169 2795 viros
1193 2763 1368 2795 vomere
1391 2764 1495 2804 uno,

246 2821 339 2875 ipse
375 2833 549 2877 quoque
588 2821 780 2866 defendit
804 2821 954 2875 lsrael,
985 2829 1028 2867 et
1051 2823 1204 2868 eodem
1232 2837 1346 2869 anno
1363 2826 1495 2870 vitam

245 2893 401 2939 linivit.

741 2950 996 2998 lucidentia.

301 3041 345 3086 ln
385 3041 538 3087 diebus
574 3043 681 3095 Aod,
723 3043 890 3101 Cyrene
929 3045 1085 3090 civitas
1122 3045 1297 3090 condita
1337 3054 1404 3092 est
1448 3048 1491 3092 in

243 3113 391 3174 Libya,
415 3123 458 3159 et
484 3115 776 3173 Triptolemus
801 3119 931 3175 longa
954 3120 1055 3163 navi
1079 3119 1259 3164 veniens
1284 3121 1491 3175 Eleusini,

243 3186 459 3231 frumenta
500 3188 559 3232 ibi
599 3188 839 3234 distribuit.
881 3189 1190 3248 Proserpinam
1230 3193 1376 3249 rapuit
1417 3207 1492 3238 rex

246 3260 529 3305 Molossorum
561 3261 746 3316 orcitus,
784 3265 910 3320 cujus
941 3266 1094 3322 ingens
1124 3269 1246 3312 canis
1277 3268 1493 3315 Cerberus

241 3333 482 3379 Pirithoum
516 3335 756 3388 devoravit,
789 3338 863 3394 qui
898 3350 996 3381 cum
1031 3338 1199 3384 Theseo
1228 3339 1279 3383 ad
1321 3347 1491 3399 raptum

242 3406 514 3464 Proserpinae
546 3417 739 3453 venerat.
779 3409 862 3454 Sed
896 3416 940 3455 et
969 3409 1183 3456 Theseum
1219 3413 1487 3466 devorasset,

243 3482 327 3525 uisi
358 3481 563 3527 Hercules
588 3484 898 3539 superveniens
920 3497 1018 3529 eum
1047 3486 1287 3531 liberasset.
1315 3486 1486 3538 Frixus,
1514 3487 1549 3530 D

243 3559 285 3598 et
330 3552 470 3599 ilclles
514 3555 695 3600 insidias
740 3557 995 3601 novercales
1033 3565 1267 3602 evaserunt
1306 3559 1348 3604 in
1383 3563 1485 3605 navi

242 3629 366 3682 cujus
393 3630 563 3685 insigne
588 3629 666 3673 l'uit
686 3631 815 3674 aries.
839 3628 885 3674 ln
909 3629 1124 3675 Dardania
1148 3634 1358 3688 regnavit.
1378 3633 1489 3679 Tros

241 3714 265 3744 a
300 3715 385 3758 qno
423 3702 599 3759 Troiam
637 3703 857 3747 conditam
900 3703 1062 3749 ferunt.
1102 3703 1288 3750 Perseus
1330 3708 1489 3751 occidit

238 3772 480 3831 Gorgonem
510 3776 800 3825 meretricem,
831 3787 928 3832 quae
955 3775 1011 3819 ob
1039 3777 1215 3819 nimiam
1250 3778 1489 3833 pulchritu-

239 3848 383 3903 dinem
416 3854 683 3902 spectatores
718 3859 821 3892 suos
856 3847 1014 3892 mentis
1047 3848 1232 3903 impotes
1265 3851 1484 3895 reddebat.

242 3919 471 3977 Dionysius
495 3921 537 3963 in
560 3919 678 3964 India
696 3920 854 3978 Nysam
876 3920 1086 3973 condidit,
1107 3927 1188 3965 eta
1211 3934 1291 3967 suo
1315 3924 1488 3967 nomine

239 4006 334 4038 eam
359 3994 608 4049 appellavit.

295 4067 510 4111 'Additim
535 4067 633 4111 l.ln
662 4066 824 4124 Regum
850 4067 977 4117 libro,
1011 4067 1086 4111 ubi
1119 4068 1269 4125 incipit
1295 4081 1421 4126 agere
1434 4070 1488 4114 de

242 4139 362 4191 Saul,
398 4141 556 4184 dicitur
575 4143 641 4186 vir
666 4140 792 4184 sortis
826 4141 982 4185 robore
1012 4139 1054 4197 (1
1074 4140 1173 4197 Reg.
1197 4140 1305 4190 xvi).
1329 4141 1385 4185 ob
1405 4143 1487 4186 lioc

238 4214 414 4267 quidam
441 4219 591 4269 putant
614 4213 777 4256 dictum
802 4213 1038 4270 geminum,
1063 4213 1190 4270 quasi
1225 4213 1481 4257 binomium.

237 4306 339 4350 Car.
372 4304 461 4349 vlt.
499 4305 559 4347 De
593 4303 782 4347 Debbora
817 4303 1095 4359 prophetissa,
1124 4312 1164 4347 et
1195 4302 1378 4353 Bai-ach,
1415 4301 1484 4344 Si·

598 4373 713 4409 sara,
741 4359 881 4410 lauet,
906 4367 944 4402 et
973 4357 1119 4402 labin.

298 4447 313 4473 ι
341 4433 444 4478 Post
467 4441 646 4477 mortem
672 4431 764 4475 Aod
788 4431 1048 4476 addiderunt
1076 4431 1150 4476 tilii
1176 4430 1309 4477 lsrael
1339 4430 1481 4475 facore

238 4507 396 4552 malum
426 4520 569 4551 coram
593 4506 792 4550 Domino.
822 4506 904 4559 Qui
938 4506 1113 4552 tradidit
1146 4518 1222 4551 eos
1250 4507 1294 4549 in
1327 4517 1481 4549 manus

1277 168 1446 214 Perat
1470 167 1823 215 cottasrottts

263 268 368 305 cunt
400 260 538 304 tuisse
562 259 790 316 quandam
822 260 947 302 rihni
971 261 1015 304 in
1036 260 1282 316 Beniamin,
1307 262 1380 316 qui
1404 274 1507 317 pos·
1532 265 1565 308 Α
1586 257 1717 303 labin
1748 260 1863 317 regis
1893 259 2221 315 chanaanl‘Qui
2247 264 2442 320 regnavit
2467 265 2510 310 in
2536 267 2663 321 Aser,
2688 276 2731 313 et
2754 270 2838 315 ba·
2910 247 2916 290 ξ

1537 3361 1550 3374 .
1573 3340 1614 3378 et
1644 3333 1820 3378 domum
1853 3334 1996 3379 Habet·
2026 3335 2182 3380 Cinaet.
2215 3335 2355 3379 Porro
2382 3334 2506 3380 Jaliet
2532 3338 2726 3394 suscepit
2753 3337 2822 3382 su·
2901 3323 2903 3353 ²

2722 179 2835 226 {270
2912 134 2916 152 ¹

1591 329 1684 374 buit
1703 330 1858 375 ducem
1877 332 2095 376 exercitus
2112 332 2179 377 sui
2201 332 2414 379 Sisaram.
2435 335 2527 392 ipsc
2546 344 2690 382 autem
2713 338 2839 385 babi-
2908 358 2912 395 g

1592 405 1711 448 tabat
1738 405 1782 448 in
1813 403 2030 450 Rarosteb
2062 394 2254 462 gentium
2281 399 2452 464 (Iudith
2483 418 2560 466 tv),
2600 427 2615 454 ι
2652 425 2748 469 quae
2774 412 2863 461 sie
2908 399 2919 467 ῗς

1590 476 1836 529 dicebatur,
1869 479 1974 534 quia
2002 492 2090 523 non
2122 481 2176 524 ab
2211 494 2299 526 uno
2331 485 2508 540 populo,
2536 485 2611 530 sed
2641 499 2666 529 a
2693 487 2842 534 multi}
2908 467 2923 502 ι’

1590 537 1785 615 collectis
1819 551 2023 606 gentibus
2061 551 2356 606 habitabatur,
2394 563 2436 600 et
2471 558 2690 613 oppressit
2725 557 2840 607 nuos
2908 551 2910 553 ¹

1589 620 1723 667 tsi-aet
1751 635 1827 679 per
1854 625 2009 681 viginti
2041 637 2198 671 antias.
2227 626 2311 680 Qui
2339 628 2638 674 clamaverunt
2668 631 2722 675 ad
2754 630 2841 678 Do·

1590 686 1773 740 minum.
1806 696 1910 740 Erat
1938 706 2079 742 autem
2114 698 2311 744 Debbora
2348 703 2579 757 prophetes
2615 717 2726 748 uxor
2756 702 2841 750 La·

1588 770 1756 826 pidotb,
1793 783 1890 826 quae
1926 780 2132 826 posuerat
2167 775 2403 817 tentorium
2426 788 2567 819 ‘suum
2605 777 2651 820 in
2690 783 2852 825 monte·

1589 843 1794 901 Ephraim
1825 843 1907 887 sub
1935 844 2091 889 arbore
2120 845 2290 902 palinae,
2319 860 2416 903 quae
2443 849 2670 895 dicebatur
2695 853 2855 909 palma.

1587 917 1809 969 Debborae.
1852 926 1896 964 et
1937 919 2227 965 ascendebant
2268 923 2321 964 ad
2362 935 2458 967 eam
2498 925 2573 968 tilii
2616 926 2747 972 lsrael
2792 927 2858 974 itt

1587 1006 1715 1038 onine
1739 994 1973 1049 Judicium.
1997 994 2104 1048 Quae
2139 997 2313 1040 vocavit
2346 996 2482 1042 Barac
2513 1000 2646 1043 tilium
2675 988 2859 1055 Abina·v

1586 1076 1654 1107 em
1682 1062 1918 1115 de'Cedes,
1948 1065 2057 1110 atias
2083 1066 2225 1112 Gades
2267 1066 2323 1114 de
2363 1068 2655 1126 Nephttialim.
2685 1071 2838 1119 Mulier

1586 1137 1702 1180 enim
1734 1137 1848 1181 itura
1882 1138 1938 1182 ad
1969 1140 2167 1196 praelium
2196 1141 2369 1186 vocavit
2403 1144 2546 1186 virum
2572 1151 2724 1195 suum,
2761 1144 2839 1202 qui

1586 1211 1863 1266 supradictus
1881 1219 1948 1257 est
1968 1212 2195 1269 Lapidotb.
2215 1215 2415 1260 Creditur
2431 1217 2545 1260 enim
2567 1216 2700 1263 ruisse
2721 1218 2846 1266 idem⁴

1586 1281 1740 1337 Barac,
1762 1289 1806 1328 et
1837 1281 2066 1340 Lapidotb,
2091 1285 2196 1340 quia
2227 1286 2379 1330 eadem
2410 1293 2477 1331 est
2508 1289 2733 1344 utriusque
2756 1300 2840 1334 no·

1584 1355 1715 1401 minis
1750 1356 2066 1413 interpretatio.
2102 1355 2418 1415 Interpretatur
2450 1362 2567 1405 enim
2601 1368 2860 1420 utrumque

1583 1431 1860 1480 coruscatioc,
1886 1429 2083 1474 Debbora
2109 1441 2209 1475 vero
2234 1431 2445 1477 Hebraice
2468 1433 2577 1488 apis.
2601 1433 2704 1487 Quae
2725 1434 2836 1479 dixit
2853 1439 2859 1451 ·’

1583 1501 1639 1546 ad
1655 1516 1755 1548 eum
1776 1519 1785 1547 ε
1806 1518 1821 1546 t
1844 1502 2052 1560 Praecepit
2074 1505 2152 1549 tibi
2174 1504 2289 1550 Deus
2306 1505 2440 1552 lsrael
2458 1523 2468 1551 z
2487 1506 2578 1551 Duc
2597 1510 2835 1554 exercitum
2864 1526 2874 1530 ·

1582 1577 1628 1621 in
1656 1585 1846 1623 montem
1872 1575 2062 1629 Thabor,
2078 1579 2227 1624 decem
2254 1580 2392 1624 millia
2411 1581 2466 1626 de
2492 1580 2765 1638 Neptitbalim
2792 1592 2837 1631 ct

1583 1647 1795 1710 Zabulon,
1834 1661 1917 1706 ego
1955 1648 2126 1693 tradam
2167 1647 2361 1694 Sisaram
2405 1649 2453 1695 in
2495 1663 2672 1695 manunt
2714 1662 2862 1700 tuam;

1578 1722 1703 1779 juxta
1742 1728 1981 1767 torrentem
2033 1722 2184 1768 Cison.
2215 1722 2296 1767 Cui
2328 1723 2464 1768 Barac
2494 1739 2504 1768 ε
2535 1723 2626 1769 Nisi
2664 1728 2835 1785 veneris

1581 1809 1750 1842 mecum
1773 1810 1860 1842 non
1883 1810 2075 1855 pergam.
2096 1797 2202 1852 Quae
2225 1800 2284 1843 ait
2308 1815 2317 1844 z
2339 1798 2430 1852 Ibo,
2451 1799 2527 1845 sed
2548 1799 2724 1844 victoria
2747 1807 2835 1844 tra·
2870 1800 2873 1803 ’

1582 1870 1708 1915 detur
1732 1870 1780 1915 -in
1811 1883 1968 1916 manus
1992 1873 2204 1917 mulieris.
2234 1889 2249 1915 ι
2286 1872 2539 1918 Nuntiatum
2565 1879 2633 1918 est
2659 1871 2833 1928 Sisarae,
2869 1868 2875 1896 ⁵

1582 1943 1698 2001 quod
1730 1946 2032 1999 ascendissent
2079 1946 2275 1991 Debbora
2307 1953 2350 1992 et
2392 1948 2527 1992 Barac
2562 1949 2608 1992 in
2642 1955 2835 1994 montem
2916 1996 2919 1998 ,

1582 2017 1616 2063 Τ
1622 2018 1756 2063 babor
1785 2019 1838 2063 ad
1869 2020 2168 2078 pugnandum.
2207 2021 2261 2065 Et
2286 2023 2566 2079 congregavit
2592 2023 2831 2068 exercitum
2867 2078 2876 2086 .

1582 2091 1635 2138 ad
1659 2099 1894 2138 torrentem
1915 2093 2046 2139 Cison
2067 2127 2078 2146 ,
2117 2102 2308 2140 trecenta
2333 2095 2468 2139 millia
2486 2103 2767 2140 arinatorum.
2789 2104 2834 2138 ut
2862 2087 2877 2158 3

1581 2163 1885 2224 ait-Iosephus,
1904 2172 1948 2211 et
1968 2167 2118 2212 decem
2139 2167 2273 2212 millia
2291 2157 2506 2226 equitum.
2527 2172 2570 2213 et
2589 2174 2831 2228 nongentos
2866 2164 2876 2248 3
2909 2226 2916 2230 .

1581 2253 1740 2286 currus
1767 2241 1960 2294 falcatos,
1987 2249 2031 2286 et
2044 2242 2154 2288 alios
2182 2253 2341 2287 currus
2364 2242 2451 2286 duo
2476 2242 2633 2294 miliia,
2657 2249 2700 2288 et
2726 2255 2831 2289 cen·
2864 2255 2874 2311 '3
2918 2243 2919 2246 ’

1581 2319 1690 2359 tum.
1719 2314 1771 2358 Et
1801 2316 1862 2360 ait
1894 2314 2092 2360 Debbora
2125 2314 2180 2359 ad
2210 2315 2349 2360 Barac
2375 2330 2388 2361 ι
2418 2331 2434 2357 ι
2473 2315 2713 2368 Descende,
2746 2318 2829 2363 liae
2858 2317 2874 2387 j

1583 2389 1653 2434 die
1677 2388 1799 2446 dabit
1824 2389 1903 2434 tibi
1933 2387 2144 2434 Dominus
2175 2388 2371 2434 sisaram
2403 2390 2447 2434 in
2474 2403 2631 2436 manus
2658 2396 2774 2437 tuas.
2809 2405 2826 2433 ι
2867 2386 2876 2463 3

1582 2461 1633 2504 Et
1660 2461 1884 2507 deseendit
1905 2474 2005 2506 cuin
2030 2461 2179 2506 decem
2214 2461 2422 2511 millibus,
2459 2461 2654 2506 Debbora
2684 2467 2875 2524 stante]

1582 2535 1625 2578 in
1680 2542 1826 2580 monte
1871 2535 1928 2579 ad
1963 2536 2224 2580 orationem.
2262 2535 2315 2578 Et
2352 2537 2589 2592 perterruit
2622 2534 2833 2582 Dominus
2867 2525 2875 2605 ξ

1581 2605 1773 2652 Sisaram
1799 2612 1842 2667 et
1872 2607 2121 2653 universam
2147 2607 2472 2652 multitudinem
2498 2608 2611 2664 ejus.
2640 2605 2824 2660 Ventus.
2866 2608 2873 2653 'i

1577 2680 1759 2737 grando,
1784 2686 1826 2724 et
1856 2681 2000 2736 pluvia
2030 2681 2251 2725 irruerunt
2273 2681 2316 2724 iu
2344 2681 2478 2726 sactes
2505 2694 2672 2735 eorum,
2700 2695 2828 2727 arcus
2866 2665 2874 2704 ³

1580 2760 1622 2797 et
1647 2753 1881 2797 fundibulae
1900 2753 2077 2797 inutiles
2100 2752 2277 2804 flebant,
2298 2753 2474 2811 plurimi
2498 2753 2552 2797 de
2575 2754 2703 2810 equis
2716 2755 2826 2806 suis,
2905 2752 2911 2785 ῗ

1577 2831 1620 2870 et
1638 2825 1841 2869 curribus
1861 2825 2035 2870 excussi
2058 2826 2410 2870 conterebantur.
2437 2826 2598 2883 Sicque
2617 2839 2828 2882 converso
2870 2826 2873 2839 '
2905 2821 2910 2877 f

1578 2899 1620 2942 iu
1649 2897 1791 2954 rugam
1815 2899 2027 2949 exercitu,
2051 2896 2198 2943 Sisara
2219 2898 2274 2943 de
2294 2906 2427 2943 curru
2449 2900 2672 2951 exsiliens,
2693 2906 2735 2944 et
2761 2903 2826 2944 tu·
2869 2893 2873 2953 f
2907 2956 2909 2958 Ι

1575 2970 1714 3028 gieus‚
1753 2972 1950 3027 pervenit
1981 2970 2035 3015 ad
2071 2971 2305 3015 tentorium
2341 2969 2466 3015 satiet
2502 2972 2650 3023 uxoris
2683 2971 2828 3018 liaber
2906 3015 2909 3021 ,

1575 3041 1726 3086 Cinaei.
1748 3042 1892 3087 Haber
1916 3043 2030 3086 enim
2055 3055 2154 3087 cum
2178 3045 2296 3087 omni
2323 3043 2457 3087 domo
2482 3056 2559 3088 sua
2584 3054 2824 3090 recesserat
2867 3069 2870 3077 ν

1576 3127 1599 3158 a
1626 3115 1833 3161 fratribus
1857 3116 1966 3168 suis,
1989 3115 2062 3172 qui
2087 3116 2327 3170 habitabat,
2351 3123 2398 3161 ut
2419 3117 2612 3163 diximus
2637 3120 2682 3162 in
2706 3124 2826 3164 sorte
2866 3105 2871 3185 ξ
2904 3164 2906 3166 ,

1573 3187 1710 3240 Judae,
1741 3195 1784 3234 et
1814 3189 2059 3234 tetenderat
2089 3191 2370 3235 tabernacula
2409 3203 2489 3235 sua
2526 3192 2569 3236 in
2602 3194 2713 3237 valle
2744 3190 2826 3238 Se-
2848 3199 2871 3238 „⁴
2904 3206 2907 3251 ζ

1574 3263 1694 3306 miim
1712 3262 1839 3317 Juxta
1863 3261 2018 3314 Cedes,
2040 3269 2083 3307 et
2105 3269 2200 3308 erat
2224 3263 2369 3307 t'oedus
2392 3266 2506 3309 inter
2529 3276 2672 3322 regem
2690 3264 2822 3318 Asor,
2867 3285 2870 3298 ε

1571 3410 1777 3464 gientem,
1810 3413 1854 3451 et
1883 3414 2125 3464 rogantem,
2162 3414 2209 3451 ut
2241 3409 2401 3453 celaret
2434 3422 2552 3459 eum,
2585 3416 2630 3455 ct
2657 3411 2819 3468 petenti

1572 3481 1776 3537 poculum
1803 3480 1924 3525 dedit
1950 3482 1991 3525 ei
2025 3482 2107 3534 lac,
2144 3488 2185 3525 ut
2225 3483 2403 3540 gravius
2433 3483 2715 3528 obdormiret.
2743 3481 2820 3528 tua

1571 3567 1673 3599 vero
1696 3555 1926 3599 dormienti
1952 3555 2122 3599 clavum
2152 3554 2358 3607 ferreum,
2381 3567 2638 3613 percussum
2663 3557 2819 3602 uiatico
2848 3605 2868 3618 ,A
2900 3566 2901 3569 ’

1570 3641 1647 3685 per
1671 3634 1905 3684 utrumque
1929 3634 2102 3685 tempus
2126 3627 2306 3672 immisit
2330 3639 2470 3684 usque
2495 3627 2738 3672 interram.
2765 3627 2818 3672 Et

1569 3700 1707 3744 Barac
1727 3707 1826 3758 post
1844 3701 2067 3757 paululum
2087 3700 2275 3745 venienti
2298 3701 2490 3747 ostendit
2513 3713 2611 3745 eum
2634 3701 2678 3745 in
2699 3706 2814 3746 terra

1571 3774 1837 3820 confossum.
1857 3773 1909 3817 Et
1931 3774 1995 3819 sic
2017 3774 2239 3836 impletum
2263 3778 2348 3827 est,
2371 3774 2490 3831 quod
2513 3775 2683 3820 dixerat
2705 3772 2815 3820 oet>-
2845 3794 2850 3813 ·
2900 3763 2906 3821 ἶ·

1569 3848 1692 3899 bora,
1738 3846 1855 3904 quod
1897 3859 1974 3903 per
2014 3847 2238 3891 mulierem
2285 3847 2532 3904 triumphus
2579 3847 2813 3892 accideret.

1568 3921 1722 3972 Barac,
1756 3933 1858 3965 vero
1895 3933 2029 3977 agens
2058 3922 2295 3965 exercitum
2334 3934 2466 3978 super
2499 3921 2612 3967 Aser
2641 3921 2812 3966 obviam

1570 3995 1810 4039 venientem
1850 3992 1977 4039 Jabin
2004 3993 2237 4043 interfecit,
2265 3993 2483 4037 civitatem
2512 3993 2706 4038 funditus
2733 3994 2813 4051 eji-
2855 4038 2867 4050 ,

1568 4067 1706 4114 ciens.
1734 4075 1780 4110 ut
1815 4068 1873 4109 ait
1902 4065 2132 4122 Iosephus.
2159 4065 2506 4121 Cecineruntque
2534 4065 2746 4118 Debbora,
2769 4074 2812 4112 et
2861 4090 2867 4143 3

1570 4139 1703 4182 Barac
1725 4140 1941 4183 canticum
1965 4138 2163 4189 Domino,
2186 4138 2229 4182 in
2251 4140 2587 4197 quo-hortantur
2607 4142 2808 4191 victores,
2861 4146 2866 4198 ξ

1566 4214 1620 4256 ad
1643 4213 1983 4257 benedicendum
2009 4212 2162 4264 Deum,
2183 4214 2512 4257 rememorando
2532 4213 2806 4266 beneficium,
2863 4241 2865 4246 .

1565 4285 1680 4341 qnod
1708 4287 1870 4330 fecerat
1892 4284 2103 4328 Dominus
2129 4282 2296 4335 Israeli,
2321 4282 2426 4326 dutn
2450 4284 2574 4327 daret
2601 4284 2737 4340 legem
2763 4284 2808 4327 in

1565 4364 1829 4409 terraemotu,
1846 4363 1889 4402 et
1913 4357 2072 4414 pluvia,
2093 4356 2368 4406 addendo,·et
2391 4356 2504 4412 quod
2526 4369 2601 4412 per
2621 4356 2804 4412 Sangar‚
2863 4362 2864 4365 ’

1564 4439 1611 4477 ut
1638 4431 1846 4483 diximus,
1879 4432 2136 4488 quieverunt
2164 4429 2312 4491 hostes
2340 4442 2364 4472 a
2394 4430 2560 4475 semitis
2587 4427 2736 4479 israel,
2762 4434 2807 4472 ct

1562 4505 1779 4563 quomodo
1807 4503 2059 4563 defecerunt
2085 4501 2292 4568 fortitudo
2318 4500 2467 4555 lsrael,
2489 4497 2626 4548 donec
2649 4497 2824 4556 ειη-βοὶ
2850 4523 2864 4588 3
