2924 4588
226 152 306 199 1171
574 162 600 195 6

219 244 339 297 Quod
365 245 493 291 volui,
514 242 600 296 jam
626 252 709 283 non
740 239 871 294 poeui,
896 237 1018 279 Deus·
1037 237 1127 290 ipse
1156 235 1341 291 negavit,

271 315 373 368 Quae
400 314 507 356 Deus
524 311 723 360 instituit,
741 321 819 351 nos
843 307 1071 362 patiemur.
1099 320 1112 346 1
1135 303 1219 348 Α11.

221 387 336 430 Uxor
358 387 408 426 ati
448 385 536 425 baec
557 383 688 424 iuuat
713 395 722 423 z
748 395 762 419 1
792 379 922 429 Deus,
950 377 1105 432 inquit,
1138 377 1318 418 contulit
1356 376 1455 425 ista,

218 459 402 501 Prorsus
419 457 472 497 ab
490 456 677 496 bumana
700 451 796 495 coeli
818 449 1028 505 sapientia
1052 448 1200 495 distat,

274 530 370 571 Haec
390 537 489 571 sunt
511 532 606 568 acta
628 524 718 574 Dei,
740 534 860 565 mens
879 528 949 563 tua
975 521 1098 562 cedat
1124 520 1176 562 ei.

216 603 261 646 Si
290 611 489 656 generum
512 604 653 640 tamen
678 596 908 649 ingenuum
925 602 1078 635 natura
1098 596 1281 641 notaret,

215 674 300 716 Nec
318 672 487 714 fortuna
509 669 630 720 mihi,
655 678 795 722 neque
816 666 899 707 filia
922 664 1079 707 damna
1105 669 1295 718 pararet,

271 744 317 787 Si
337 753 461 786 secus
476 745 542 783 est
562 750 710 794 gener,
730 735 886 792 gaudia
901 735 1017 777 nulla
1031 735 1169 777 daret.
1197 748 1212 774 1

212 817 389 870 Cogitur
412 814 512 855 binc
533 811 620 866 regi
643 810 729 852 dux
758 809 979 851 insinuare
996 807 1107 862 1111611
1126 806 1228 861 egit,

214 885 313 929 Inde
334 886 441 928 duos
456 884 635 936 juvenes
659 892 806 924 verum
831 879 1013 922 recitare
1036 879 1192 933 coegit,

267 958 482 1012 Compulit
500 963 539 999 et
557 954 773 1003 comitem,
795 964 923 1007 quem
944 950 1075 1006 Nigra
1099 949 1224 1006 Sylva
1244 950 1368 1006 tegit.

213 1033 318 1075 Dum
341 1043 486 1075 comes
503 1029 714 1072 adductus
730 1026 870 1071 eredit
891 1025 971 1070 sibi
993 1036 1190 1068 crescere
1212 1023 1369 1075 luctus,

209 1106 418 1160 Cognitus
435 1115 531 1147 esse
553 1107 690 1157 pater,
708 1099 863 1154 recipit
882 1110 959 1155 pro
978 1104 1169 1152 tempore
1186 1096 1369 1147 fructus,

263 1177 369 1219 Nam
395 1187 524 1232 gener
541 1173 708 1229 imperii
726 1172 839 1215 tilius
857 1171 952 1226 6165
978 1170 1076 1213 crit.

207 1250 354 1295 Cacsar
372 1246 443 1292 ubi
466 1247 603 1303 potuit
630 1246 683 1289 de
703 1244 926 1288 nobilitate
949 1241 1112 1293 doceri,

208 1322 319 1366 Pace
340 1321 425 1365 srui
440 1321 553 1378 regis
569 1319 680 1363 valet
703 1324 744 1363 et
764 1331 895 1374 gener
907 1319 1000 1382 ipse
1018 1318 1190 1367 mereri,

263 1394 348 1443 iste
364 1394 469 1439 mibi
492 1393 637 1438 socius
659 1398 702 1436 et
724 1404 869 1449 gener,
898 1391 1052 1447 inquit,
1077 1391 1175 1434 erit.

208 1468 402 1523 Cumque
421 1465 536 1512 videt
560 1465 675 1522 quod
699 1471 741 1508 et
764 1466 856 1521 ipse
874 1465 999 1508 iidem
1016 1475 1153 1520 puero
1171 1462 1362 1514 violavit,

208 1539 378 1583 Plaudit
395 1539 433 1582 ei
451 1551 575 1594 quem
595 1538 747 1581 dextra
770 1536 844 1581 Dei
864 1537 1068 1586 servavit,
1089 1531 1265 1585 amavit,

268 1612 332 1656 Tu
357 1624 488 1669 gener
507 1611 693 1667 imperii,
707 1615 755 1653 tu
779 1610 883 1653 mibi
900 1614 1045 1660 natus,
1065 1609 1139 1652 ait.

203 1685 296 1730 Rex
319 1686 435 1730 cadit
459 1685 502 1728 in
522 1683 674 1737 satum,
697 1683 812 1739 regis
834 1695 965 1739 gener
986 1682 1057 1726 ille
1074 1689 1270 1733 vocatur,

204 1758 365 1803 Ordine
386 1757 603 1809 laudatur,
623 1768 775 1802 socero
796 1768 927 1812 gener
948 1755 1192 1799 associatur
1212 1770 1223 1798 :

263 1830 335 1874 Sic
358 1835 455 1873 rota
482 1829 667 1873 sortunae
687 1840 779 1872 rem
800 1827 996 1871 variasse
1011 1827 1155 1870 datur.

206 1901 281 1946 ille
303 1903 423 1946 locus
449 1912 674 1944 nemorum
695 1911 780 1955 quo
796 1899 862 1942 vir
891 1898 972 1941 1611
996 1898 1068 1941 1116
1086 1902 1277 1949 creatus,

203 1974 368 2018 Nobilis
385 1973 572 2018 Ecclesia
591 1971 815 2016 monachis
834 1970 1061 2027 Hirsaugia
1083 1978 1279 2022 vocatur,
1355 2012 1360 2015 Α

256 2047 408 2102 Magna
423 2044 615 2089 Creatori
639 2055 756 2088 nunc
779 2043 839 2087 ibi
860 2055 1018 2100 pompa
1042 2042 1185 2088 datur.

203 2137 265 2181 De
289 2136 410 2180 tertio
441 2134 907 2189 Henrico.imperatore,
945 2131 1035 2189 filio
1068 2131 1256 2177 Conradt'
1276 2131 1448 2176 secundi

311 2193 592 2247 imperatoris,
613 2190 888 2246 octuagesimo
909 2189 1028 2232 tertio
1052 2188 1103 2231 ab
1127 2189 1331 2248 Auqusto.

258 2264 383 2308 Anno
402 2264 457 2308 ab
478 2261 781 2306 incarnatione
803 2261 972 2305 Domini
1004 2256 1236 2307 millesimo
1257 2261 1447 2318 quadra·
1474 2256 1478 2260 ⁴

201 2338 381 2393 gesimo,
405 2335 619 2380 Henricus
649 2335 803 2379 tertius
835 2346 967 2389 supra
989 2340 1237 2380 memorata»,
1262 2337 1448 2392 impera-

201 2410 324 2454 tricis
358 2408 503 2454 Gisilae
537 2409 670 2460 1111115,
695 2408 770 2464 qui
805 2413 996 2464 coeperat
1026 2413 1148 2464 patre
1171 2408 1344 2452 vivente
1373 2421 1445 2452 re·

201 2493 349 2537 gnare,
375 2487 495 2537 patre
517 2486 703 2530 mortuo,
729 2481 783 2524 ab
805 2480 999 2536 Augusto
1022 2480 1345 2536 octuagesimus
1365 2486 1449 2525 ter-

201 2555 287 2598 tius
302 2554 431 2610 coepit
456 2554 684 2609 imperare.
699 2551 747 2595 In
765 2553 860 2608 ipso
882 2552 1073 2608 dignitas
1087 2554 1337 2610 imperialis,
1351 2566 1447 2610 quae

201 2638 279 2683 per
299 2627 474 2683 longum
505 2631 676 2681 tempus
709 2631 830 2669 extra
864 2624 1119 2669 Carolorum
1150 2626 1444 2683 genealogiam

201 2698 382 2744 deducta
402 2700 492 2755 Jam
527 2700 814 2751 exsulaverat,
836 2699 890 2743 ad
917 2698 1237 2744 nobilissimum
1271 2711 1444 2755 germen

201 2771 474 2826 Carolorum,
497 2785 573 2829 per
595 2778 776 2816 matrem
801 2771 896 2827 eJus
913 2770 1110 2824 Gisilam,
1136 2777 1203 2817 est
1225 2779 1443 2815 revocata.

257 2845 341 2890 lste
359 2845 588 2896 Henricus,
614 2845 726 2900 patri
752 2857 834 2888 suo
855 2845 1033 2901 oequalis
1057 2845 1102 2888 in
1125 2844 1378 2895 virtutibus,
1403 2849 1446 2888 et

203 2919 447 2977 praecelsior
469 2918 603 2962 161556
634 2918 899 2974 11611111161111.
939 2918 1086 2963 Ρ111116
1119 2918 1292 2975 1111111661
1311 2917 1448 2962 Bobe-

204 3003 371 3034 morum
390 2991 559 3042 ducem,
586 2990 766 3046 imperio
803 2996 906 3034 tunc
941 2989 1168 3041 6116656111,
1195 2988 1240 3033 in
1262 2988 1448 3035 deditio-

202 3075 301 3107 nem
339 3063 518 3118 accepit.
564 3062 739 3106 Petrum
780 3070 922 3107 autem
954 3075 1097 3119 regem
1121 3061 1396 3120 Ungarorum
1421 3072 1447 3106 a

202 3145 337 3191 regno
358 3133 600 3190 expulsum,
627 3139 669 3177 et
689 3134 882 3178 exsulem
907 3135 1114 3190 suscepit,
1139 3139 1268 3192 atque
1283 3134 1447 3179 inserto

202 3207 350 3262 praelio
372 3218 472 3269 cum
495 3205 681 3268 Ungaris
702 3207 1058 3251 innumerabilem
1078 3218 1230 3253 eorum
1253 3205 1448 3251 multitu-

204 3280 348 3324 dinem
395 3278 521 3331 l'udit,
562 3278 916 3334 Pannoniamque
946 3280 1218 3336 ingressus,
1269 3277 1447 3324 Petrum

203 3354 346 3408 ipsum
368 3364 500 3408 regno
534 3363 614 3396 suo
631 3351 834 3395 restituit.
857 3351 1034 3408 Accepit
1075 3358 1227 3408 postea
1267 3351 1449 3396 nobilis-

1137 139 1425 190 confirmet
1454 136 1831 202 vrrssnnmrtsts

1479 202 1516 282 „a
1538 231 1787 285 Gratianus,
1805 231 2012 277 Ecclesiae
2039 231 2117 276 Dei
2148 233 2195 276 in
2221 237 2343 277 tanta
2377 232 2634 279 confusione
2661 224 2806 279 coma>

2700 147 2783 192 972

1538 317 1711 361 passus,
1735 305 1938 361 praefatos
1957 306 2076 349 viros
2114 304 2245 358 adiit,
2283 306 2434 363 eisque
2456 319 2480 350 a
2509 313 2659 352 sancta
2680 309 2783 354 56116

1538 379 1705 429 cedere,
1735 378 1916 433 pecunia
1939 377 2443 432 persuasit.-Bcnedicto,
2458 380 2531 433 qui
2557 380 2782 425 interillos

1538 450 1716 505 maioris
1732 451 1955 508 videbatur
1973 451 2262 499 auctoritatis,
2279 451 2488 495 reditibus
2506 451 2683 507 Angliae,
2705 465 2782 508 pro

1538 522 1658 578 pacis
1675 523 2007 578 compositione,
2033 522 2212 566 relictis.
2239 521 2420 578 Propter
2439 522 2570 578 quod,
2597 519 2786 569 Romani

1538 594 1737 638 eumdem
1752 592 2003 637 Gratianum
2019 593 2333 649 presbyterum,
2358 602 2560 650 tanquam
2578 593 2782 638 Ecclesiae

1540 666 1830 720 liberatorem,
1868 666 1923 709 ad
1954 678 2169 710 summum
2195 665 2462 721 pontificium
2494 665 2783 710 communiter

1537 739 1761 794 clegerunt
1779 769 1791 787 ‚
1831 749 2014 794 eumque
2069 735 2320 792 Gregorium
2379 738 2604 792 septimum
2653 749 2780 782 voca-

1536 816 1704 855 verunt.

1591 881 1842 937 imperator,
1857 879 1928 924 his
1946 878 2122 928 auditis,
2148 877 2327 922 [tomam
2347 889 2523 935 pergere
2544 877 2779 923 festinavit.

1533 956 1612 999 Cui
1636 954 1872 998 Gratianus
1893 952 2006 1009 apud
2037 951 2229 995 Sutrium
2264 953 2472 1002 occurrit,
2502 951 2628 1006 eique
2651 962 2779 995 coro-

1532 1040 1633 1072 nam
1654 1028 1904 1085 pretiosam,
1930 1025 1985 1069 ad
2010 1025 2269 1082 captandam
2301 1025 2396 1079 6365
2421 1024 2777 1075 benevolentiam,

1531 1105 1724 1148 donavit.
1749 1102 1985 1159 Imperator
2006 1114 2106 1149 eum
2138 1108 2242 1144 tunc
2266 1101 2450 1157 benigne
2472 1100 2678 1156 suscepit,
2704 1097 2779 1143 scd

1532 1178 1805 1234 postmodum
1826 1177 2005 1220 collecta
2026 1174 2207 1231 synodo,
2221 1179 2396 1230 propter
2419 1179 2566 1217 notam
2589 1172 2782 1216 simonioe

1531 1251 1685 1295 6611616
1707 1249 1938 1306 persuasit3
1974 1249 2102 1304 eique
2138 1246 2420 1303 Suidegerum
2453 1245 2781 1300 Babenbvrgcn·

1473 1301 1508 1344 B
1531 1335 1621 1367 sem
1645 1323 1913 1378 episcopum,
1929 1333 2144 1365 consensu
2164 1319 2367 1363 Ecclesiae
2387 1319 2627 1371 substituit;
2652 1328 2777 1374 quem

1529 1394 1659 1439 6116111
1682 1392 1962 1438 Benedictum
1980 1391 2139 1448 placuit
2154 1391 2386 1434 nominari.

1584 1467 1754 1512 Extunc
1777 1467 1986 1511 66666166
2016 1466 2170 1510 6166116
2206 1464 2499 1508 Romanorum
2526 1462 2776 1520 pontificum

1529 1539 1797 1596 usqueadeo
1818 1537 2030 1583 suffocata
2053 1535 2189 1579 1111556
2219 1539 2439 1584 narratur,
2465 1540 2511 1577 61
2535 1537 2617 1578 1516
2639 1533 2775 1578 Bene·

1529 1611 1690 1663 dictus,
1714 1615 1756 1656 et
1772 1607 2080 1658 Aldibrandus,
2108 1615 2150 1651 et
2172 1605 2245 1650 alii
2261 1611 2447 1662 quatuor
2463 1609 2707 1660 sequentes,
2724 1604 2779 1648 ab

1530 1683 1794 1740 imperatore
1817 1680 2041 1726 constituti
2066 1680 2109 1722 in
2133 1679 2330 1734 catalogo
2353 1677 2646 1723 Romanorum
2669 1688 2778 1732 pon-

1529 1757 1693 1801 tificum
1718 1756 1869 1813 scripti
1891 1755 2166 1812 reperiantur
2210 1753 2404 1804 Qualiter
2418 1756 2558 1794 autem
2581 1749 2775 1793 Ecclesia

1529 1827 1604 1874 Dei
1622 1828 1776 1885 partim
1795 1828 1877 1872 sub
1898 1827 2042 1871 Leone
2060 1827 2249 1883 iuniore,
2288 1825 2343 1869 ad
2374 1825 2547 1881 plenum
2571 1835 2674 1867 vero
2697 1822 2777 1866 sub
2832 1876 2834 1878 v

1526 1901 1774 1948 Alexandro
1792 1896 1816 1953 ,'
1835 1901 2015 1945 liberam
2051 1901 2307 1944 electionem
2361 1898 2623 1948 rehabuerit,
2664 1894 2776 1940 sicut

1529 1975 1807 2032 probatorum
1830 1974 2022 2018 virorum
2058 1973 2299 2017 assertione
2347 1971 2592 2022 didicimus,
2625 1973 2775 2025 postea

1528 2054 1706 2092 6661616
1729 2046 1912 2093 Domino
1931 2045 2186 2091 reseremus.
2205 2045 2369 2091 Caetera
2387 2045 2440 2089 de
2471 2044 2656 2088 ilenrico
2686 2047 2776 2086 ter·

1527 2122 1589 2166 tio
1610 2121 1808 2166 versibus
1825 2121 2108 2176 explicamus.
2232 2124 2236 2126 ’

1850 2194 1912 2237 De
1935 2193 2077 2237 eodem
2103 2192 2286 2236 Henrico
2310 2185 2447 2237 tertio.

1527 2265 1762 2311 chricum
1784 2266 1932 2312 dixere
1954 2266 2149 2322 Nigrum,
2185 2265 2319 2310 barba
2343 2264 2604 2322 nigricante,

1525 2339 1780 2383 Romuleum
1806 2339 1903 2382 tulit
1938 2339 2163 2394 imperium
2186 2349 2295 2394 papa
2319 2336 2550 2392 mediante,

1581 2409 1808 2466 Prospexit
1833 2410 2003 2466 populis
2027 2421 2124 2453 cum
2149 2410 2362 2466 probitate
2378 2410 2486 2454 suis.

1527 2482 1821 2529 'theutonicus
1845 2484 1987 2528 dictus
2006 2490 2107 2527 tunc
2125 2495 2233 2540 papa
2258 2483 2339 2527 1611
2363 2483 2637 2535 Benedictus,

1527 2556 1734 2600 Romanis
1759 2555 1832 2612 qui
1858 2555 2126 2611 principibus
2150 2567 2249 2598 cum
2275 2567 2379 2611 pace
2402 2555 2585 2606 relictis,

1582 2627 1645 2672 Ad
1670 2628 1855 2685 patriam
1873 2627 2017 2679 rediit,
2041 2627 2202 2673 nobilis
2230 2627 2344 2672 unde
2373 2627 2468 2671 11111.

1525 2703 1657 2748 Curia
1677 2701 1875 2746 Romana
1897 2702 2059 2758 pariter
2088 2715 2187 2747 cum
2206 2702 2378 2747 Caesare
2391 2702 2546 2759 pergit,

1525 2776 1661 2834 Copia
1686 2775 1954 2819 Theutonica
1979 2775 2110 2831 digno
2133 2776 2427 2821 moderamine
2452 2775 2602 2827 servit,

1582 2847 1782 2903 Urbeque
1805 2845 2054 2890 Wormatiae
2082 2845 2129 2889 nt
2151 2846 2233 2891 sibi
2258 2847 2396 2902 prima
2420 2839 2581 2902 quies(

1526 2921 1728 2966 Pluribus
1751 2920 1951 2977 alloquiis
1975 2931 2073 2963 eum
2101 2919 2270 2965 Caesare
2294 2932 2400 2977 papa
2423 2925 2619 2976 vagatur,

1527 2995 1644 3051 Papa
1660 2995 1757 3038 1666
1777 2992 1962 3036 moritur
1985 2992 2060 3048 qui
2081 2991 2357 3049 Babenberga
2376 3000 2570 3042 vocatur,

1581 3066 1706 3111 Tunc
1725 3064 1812 3110 Leo
1836 3062 2132 3110 Theutonicus
2149 3076 2259 3122 papa
2279 3065 2440 3120 recepit
2469 3075 2598 3108 onus.

1526 3155 1588 3201 De
1609 3162 1757 3213 quarto
1778 3154 1961 3199 Henrico
1991 3155 2240 3252 immature
2276 3152 2575 3206 Romanorum,
2610 3162 2770 3198 nutv

2010 3223 2035 3253 a
2118 3217 2285 3266 11911616.

1582 3285 1708 3329 Anno
1740 3285 1795 3328 ab
1833 3282 2136 3329 incarnatione
2167 3282 2334 3327 Domini
2384 3283 2509 3328 1047.
2555 3282 2769 3331 1166116115

1527 3362 1723 3414 quartus,
1743 3368 1822 3400 rex
1852 3355 2128 3406 victoriosus,
2165 3352 2312 3398 Romae
2343 3355 2388 3398 in
2406 3355 2475 3398 die
2497 3353 2662 3398 Natalis
2684 3351 2770 3397 Do·
2850 3395 2853 3405 Α,
2914 3353 2924 3407 j

204 3424 303 3469 simi
341 3423 552 3481 principis
597 3421 850 3475 Galliarum,
885 3423 1085 3468 Pictaviae
1126 3430 1171 3472 et
1206 3418 1452 3480 Aquitaniae
1471 3437 1508 3481 1)
1529 3429 1651 3483 mini,
1677 3428 1938 3474 aClemente
1959 3439 2069 3485 papa
2087 3434 2337 3479 coronatus,
2363 3440 2523 3472 cxxxiv
2546 3428 2600 3471 ab
2620 3428 2769 3484 Augu·

204 3496 329 3540 ducis
374 3494 593 3539 wilhelmi
648 3507 838 3539 sororem
887 3495 1094 3553 Agnetem
1146 3496 1194 3542 in
1248 3507 1442 3540 uxorem.

203 3567 398 3623 Cumque
420 3578 539 3610 more
575 3566 693 3622 regio
717 3566 830 3621 apud
859 3564 1092 3623 Ingelheim
1127 3566 1303 3622 nuptias
1333 3566 1446 3609 cele·

204 3640 367 3689 braret,
390 3639 615 3682 universos
633 3637 898 3693 joculatores
915 3639 1036 3682 abire
1058 3639 1254 3694 permisit
1276 3638 1443 3690 inanes;

205 3716 334 3766 atque
350 3722 401 3754 ea
425 3711 568 3753 omnia
592 3722 687 3766 quae
706 3710 768 3754 615
795 3709 966 3754 fuerant
983 3710 1220 3768 largienda,
1246 3709 1446 3767 pauperi-

206 3782 287 3826 bus
310 3782 441 3825 dedit.

261 3852 388 3896 Circa
412 3853 523 3898 idem
546 3861 716 3910 tempus
734 3857 777 3899 in
807 3856 999 3901 Ecclesia
1028 3855 1220 3900 Romana
1251 3864 1317 3901 est
1341 3870 1447 3901 con·

207 3924 320 3969 111516
343 3926 491 3981 gravis
504 3934 669 3980 exorta,
697 3928 839 3972 tribus
862 3929 1136 3973 invasoribus
1160 3930 1304 3973 sedem
1326 3930 1445 3973 illam

206 3997 532 4052 occupantibus.
564 3997 757 4051 Quorum
778 4012 892 4043 unus
915 3999 1174 4045 Benedictus
1190 4002 1443 4044 vocabatur.

206 4068 346 4125 Atque
369 4069 423 4111 ad
441 4069 616 4124 maioris
633 4072 817 4114 miseriae
838 4073 1076 4123 cumulum,
1101 4072 1253 4118 divisis
1268 4073 1380 4116 inter
1399 4084 1447 4116 56

205 4141 498 4197 patriarchiis,
530 4154 763 4197 earumque
790 4142 1014 4193 reditibus,
1051 4157 1164 4189 unus
1195 4145 1307 4202 apud
1334 4143 1446 4188 San·

207 4217 322 4254 ctum
343 4210 531 4262 Petrum,
551 4213 658 4255 alter
681 4214 793 4268 apud
808 4214 1008 4258 Sanctam
1032 4215 1210 4258 Mariam
1224 4215 1445 4270 Maiorem

207 4285 376 4336 tertius,
418 4285 460 4327 id
501 4293 568 4329 est
600 4284 870 4337 Benedictus,
896 4288 939 4330 111
976 4290 1137 4343 palatio
1165 4277 1448 4339 'Lateranensi

210 4355 399 4410 sedebat.
420 4355 578 4400 01111165
599 4357 730 4400 vitam
753 4363 938 4415 turpem,
957 4367 1003 4403 ut
1026 4362 1287 4416 accepimus,
1306 4369 1350 4406 ct
1370 4363 1447 4406 116,-

179 4419 181 4422 ’
213 4427 409 4483 gitiosam
428 4426 656 4474 habebant.
684 4427 804 4473 Tunc
828 4430 998 4487 quidam
1013 4434 1251 4490 presbyter,
1272 4436 1447 4480 nomine

1526 3508 1608 3556 516,
1641 3501 1810 3558 1111116111
1835 3513 1994 3544 nomen
2034 3499 2370 3557 dignitatemque
2407 3501 2611 3557 suscepit.
2666 3499 2769 3546 lude

1524 3589 1602 3634 per
1617 3576 1815 3632 Apuliam
1836 3574 1968 3620 ducto
1990 3575 2196 3628 exercitu,
2221 3575 2275 3619 ad
2287 3576 2470 3631 patriam
2485 3579 2582 3618 cum
2605 3574 2768 3619 honore
2845 3609 2847 3615 ⁴

1525 3649 1775 3696 revertitur.

1579 3721 1740 3765 Eodem
1767 3731 1898 3772 anno,
1924 3726 2094 3763 mortuo
2112 3718 2362 3776 Suidegero,
2395 3719 2438 3764 id
2460 3726 2527 3764 est
2550 3718 2767 3763 Clemente

1526 3806 1651 3851 papa,
1678 3792 1814 3849 Popio
1839 3792 2126 3849 Aquileiensis
2150 3793 2413 3848 patriarcha,
2439 3793 2482 3836 in
2508 3788 2650 3837 locum
2672 3791 2765 3848 ejus
2836 3783 2838 3801 ⁵

1526 3865 1673 3910 Romae
1697 3865 1977 3922 subrogatur.¹
1994 3863 2091 3909 Non
2109 3865 2244 3909 multo
2265 3870 2380 3921 post,
2404 3876 2479 3908 rex
2494 3863 2764 3914 Unaarorum

1525 3934 1695 3989 Petrus,
1723 3948 1749 3980 a
1769 3936 1956 3992 quodam
1974 3946 2055 3980 suo
2069 3933 2242 3988 cliente,
2262 3935 2436 3982 nomine
2448 3935 2636 3987 Andr-ea,
2661 3946 2766 3978 ocu-

1525 4009 1580 4052 lis
1604 4019 1824 4065 regnoque
1849 4008 2058 4064 privatur.
2089 4006 2213 4052 Tunc
2235 4014 2433 4052 mortuus
2462 4013 2530 4052 est
2545 4006 2694 4063 Papio,
2720 4006 2766 4051 id
2830 4016 2832 4024 ’

1526 4087 1594 4137 est
1621 4079 1834 4125 Damasus
1853 4092 1978 4137 papa.
2010 4080 2090 4127 Cui
2115 4080 2259 4126 Bruno
2280 4079 2497 4126 Turrensis
2518 4081 2762 4135 episcopus,

1527 4150 1571 4194 id
1594 4156 1661 4194 est
1681 4149 1768 4194 Leo
1791 4162 1916 4207 papa,
1939 4148 2087 4196 Romae
2121 4150 2330 4213 succedit.
2358 4150 2432 4195 llic
2451 4151 2585 4194 nobili
2629 4149 2766 4192 Fran·

1526 4234 1676 4266 corum
1692 4221 1892 4277 prosapia
1911 4222 2153 4277 oriundus,
2178 4223 2436 4268 auctoritate
2475 4222 2681 4279 imperiali
2709 4221 2763 4265 ad

1527 4293 1672 4339 sedem
1697 4294 1811 4338 beati
1835 4292 1952 4338 Petri
1976 4294 2117 4341 suerat
2153 4294 2421 4340 destinatus:
2455 4296 2528 4351 qui
2573 4307 2669 4338 611111
2689 4307 2760 4339 as·
2823 4289 2830 4332 η’

1527 4371 1698 4420 sumpta
1714 4377 1903 4422 purpura
1939 4377 2015 4421 per
2054 4364 2215 4410 Gallias
2261 4367 2344 4410 iter
2385 4372 2546 4423 ageret,
2586 4365 2763 4420 contigit

1512 4451 1624 4483 ·eum
1653 4438 1905 4487 Cluniacum
1928 4439 2091 4492 venire,
2118 4440 2189 4482 ubi
2204 4439 2493 4484 Aldibrandus
2508 4448 2760 4495 papa-supra
