2924 4588
252 151 410 206 ,sor
536 179 566 215 .

294 321 498 366 conscius
531 318 734 373 seipsum,
771 317 974 358 accusent
1007 311 1162 356 iratres
1200 324 1262 362 se,
1286 313 1395 355 alter
1431 310 1537 352 alte·

295 402 418 444 rum;
452 390 526 446 qni
560 394 714 445 paeest
741 383 963 440 corripiat,
997 389 1040 428 et
1071 387 1293 438 correptos
1325 380 1534 428 absolvat,

293 467 337 507 et
358 461 526 507 nescios
549 460 732 504 erudiat.
768 459 819 503 lli
853 465 953 503 sunt
983 469 1221 508 sermones,
1251 454 1391 510 quiin
1417 452 1536 508 capi-

294 536 385 580 tulo
407 534 588 578 habendi
614 538 728 578 sunt.
757 533 864 577 Cum
887 538 1028 576 autem
1057 531 1101 573 in
1121 527 1307 584 capitulo
1329 525 1381 571 de
1402 536 1536 581 nego-

296 608 364 652 tiis
377 604 662 651 exterioribus
682 604 967 648 admittuntur
985 612 1221 651 sermoneS,
1238 611 1324 642 non
1342 603 1535 641 servatur

293 679 541 734 plerumque
558 687 739 720 censura
762 674 1013 731 disciplinae.
1042 673 1134 729 ipsa
1158 683 1244 715 non
1271 676 1441 715 servata
1468 669 1535 712 in-

291 749 489 795 discretis
518 746 764 806 inolulgetur
795 747 994 804 loquendi
1027 746 1227 797 licentia;
1262 755 1347 800 qua
1370 741 1535 787 indulta

292 822 453 878 aliquid
478 820 708 878 profertur,
734 832 808 878 per
830 821 943 877 quod
967 820 1019 863 ad
1045 821 1151 862 iram
1179 818 1357 862 audiens
1379 827 1535 874 provo·-

290 903 425 939 catnr.
457 894 526 938 Sic
559 897 757 938 oriuntur
783 893 941 949 iurgia,
975 896 1187 947 augentur
1223 890 1352 943 rixae;
1384 889 1535 944 sicque

290 966 442 1011 domus
459 966 747 1011 confessionis
770 966 891 1009 locus
913 963 1093 1009 eflicitur
1111 962 1394 1007 confusionis.
1419 958 1535 1005 Inter

291 1050 367 1081 vos
401 1046 541 1083 autem
580 1051 666 1082 non
703 1038 860 1095 passim
896 1037 1112 1089 omnibus,
1148 1049 1227 1079 nec
1261 1036 1313 1079 de
1346 1034 1462 1078 omni
1487 1046 1534 1078 re

290 1107 388 1154 licet
410 1111 451 1154 in
473 1111 659 1166 capitulo
685 1111 813 1169 loqui.
835 1111 908 1155 Est
933 1123 1062 1166 super
1079 1110 1160 1153 hoo
1182 1110 1293 1153 enim
1319 1108 1534 1152 institutio

291 1182 452 1227 ordinis
484 1184 634 1235 vestri,
675 1184 792 1227 hune
822 1184 984 1228 liabens
1027 1184 1218 1227 modum.
1263 1182 1314 1225 In
1350 1181 1548 1237 capitulo>

290 1267 497 1312 autequam
531 1258 612 1300 nisi
642 1269 693 1300 ea·-
725 1256 887 1300 duabus
919 1258 1058 1301 causis
1093 1256 1246 1313 [ratres
1279 1255 1529 1311 loquantum·

290 1329 472 1375 videlicet
495 1332 636 1387 culpas
659 1344 773 1385 suns,
798 1331 859 1374 vel
882 1330 1060 1375 aliorum
1077 1330 1318 1386 simpliciter
1339 1328 1529 1381 dicendo,

289 1400 351 1445 vel
375 1401 558 1456 praetatis
581 1402 668 1446 suis
688 1401 742 1444 ad
766 1403 1020 1459 interroqatu
1045 1409 1207 1445 tautum
1232 1399 1530 1457 respondendo.

292 1473 446 1517 Nullus
482 1474 611 1529 [aciat
654 1475 943 1518 clamationem
979 1487 1100 1531 snper
1139 1474 1318 1530 aliquem
1352 1486 1404 1518 ea:
1439 1472 1533 1518 sola

289 1549 531 1603 suspicione.
558 1546 606 1590 Ei
631 1548 758 1603 paulo
792 1547 1024 1604 superius:
1062 1547 1143 1601 Qun·
1179 1547 1356 1604 aliquem
1373 1547 1532 1590 clama-

288 1621 406 1673 verit,
447 1634 528 1663 non
558 1626 717 1677 quoerat
749 1621 1008 1665 circuitiones
1032 1622 1075 1664 in
1115 1621 1296 1664 clamore
1328 1634 1431 1672 suo,·
1459 1619 1531 1664 sed

289 1699 428 1748 aperte
449 1693 562 1737 dicat
580 1707 593 1736 .·
622 1692 702 1737 Ille
723 1695 817 1750 ,fecit
839 1694 929 1738 hoc.
957 1693 1039 1739 Sed
1061 1701 1099 1738 et
1126 1695 1195 1750 qni
1211 1694 1416 1737 clericatus
1439 1694 1532 1750 [ue-

290 1767 360 1817 τῖε,
382 1780 477 1811 moa:
496 1773 539 1809 ut
559 1766 738 1810 audierit
758 1779 905 1811 nomen
930 1780 1067 1819 surim,
1088 1779 1170 1810 non
1190 1766 1456 1823 respondens,
1488 1768 1529 1811 in

287 1836 380 1881 sede
400 1851 478 1880 sua
495 1843 607 1893 petat
626 1837 799 1881 veniam.
826 1837 876 1881 Et
901 1843 1048 1882 sancta
1073 1836 1260 1894 quidem,
1284 1845 1326 1882 et
1345 1837 1530 1882 salubris

289 1911 500 1955 institutio
538 1911 644 1965 haec,
677 1918 717 1955 ct
752 1913 795 1956 in
830 1912 1042 1956 clamante
1077 1911 1252 1967 pariter,
1290 1917 1333 1956 et
1363 1912 1407 1955 in
1440 1912 1530 1955 cla·-

286 1991 423 2039 mato;
448 1990 493 2029 ut
514 1991 556 2029 et
572 1985 642 2029 ille
669 1986 832 2030 scilicet
850 1986 1068 2030 moderate
1103 1990 1145 2028 et
1165 1983 1377 2029 veraciter
1400 1997 1530 2028 accu-

288 2063 367 2107 set,
400 2062 441 2102 et
478 2058 559 2103 iste
583 2057 799 2103 moderate
830 2064 978 2103 tacens
1005 2070 1050 2103 se
1074 2070 1159 2100 nen
1191 2063 1382 2102 excuset.
1408 2058 1529 2110 Quod

288 2134 428 2173 autem
456 2129 633 2186 jubetur
654 2133 880 2183 clamatus,
915 2131 1061 2174 audito
1096 2131 1269 2175 nomine
1293 2142 1388 2183 suo,
1422 2126 1527 2175 n‘hil

286 2198 560 2256 respondere,
584 2202 658 2246 sed
685 2203 848 2247 veniam
873 2209 1043 2258 petere;
1064 2202 1178 2246 illius
1202 2202 1373 2246 videtur
1396 2203 1527 2259 potis-

284 2273 440 2319 simum
467 2274 766 2330 humilitatem,
791 2288 841 2320 ac
859 2276 1230 2321 mansuetudinem
1248 2276 1455 2329 redolere,
1475 2278 1527 2322 de

286 2361 370 2406 quo
398 2349 582 2407 legitur,
623 2351 736 2408 quod
770 2355 878 2396 sicu-t
911 2355 995 2397 oris
1030 2352 1083 2396 ad
1107 2355 1350 2397 occiswuem
1378 2354 1526 2399 ductus
1549 2365 1582 2412 C

286 2429 362 2475 est,
387 2432 426 2467 et
456 2424 563 2467 sicut
591 2427 674 2469 ovis
699 2439 838 2470 coram
871 2426 1061 2470 tondente
1083 2441 1126 2470 se
1143 2427 1362 2480 obmutuit,
1388 2437 1429 2473 ec
1447 2443 1529 2474 non

289 2499 451 2553 apeniit
471 2513 516 2542 os
534 2514 654 2544 suum
682 2500 790 2557 (isa.
815 2513 912 2553 Lm,
939 2502 997 2559 7).
1019 2501 1069 2545 Et
1092 2503 1144 2546 de
1164 2515 1252 2558 quo
1269 2506 1368 2547 item
1394 2505 1528 2549 habe-

285 2577 375 2623 tur,
402 2574 516 2628 quod
546 2587 643 2619 eum
668 2583 943 2622 accusaretur
973 2590 996 2621 a
1026 2579 1187 2631 multis,
1213 2580 1319 2623 nibil
1349 2593 1529 2637 respon-

284 2641 345 2689 dit
370 2645 537 2702 (Manli.
563 2661 696 2700 xxvii,
720 2650 804 2708 12).
832 2651 882 2694 Et
906 2664 1001 2708 quae
1016 2659 1134 2697 esset
1162 2654 1528 2710 capituli-humili-

281 2723 366 2769 tas,
387 2718 421 2763 si
441 2720 669 2776 unicuique
692 2722 876 2767 clamato
894 2724 1034 2769 verbis
1059 2738 1104 2770 se
1125 2725 1272 2769 liceret
1295 2728 1532 2771 excusare?

284 2788 361 2835 Vel
376 2803 470 2847 quae
490 2792 667 2847 utilitas,
690 2795 790 2838 dum
808 2800 974 2841 constet
991 2797 1197 2852 geminari
1221 2798 1407 2853 culpam,
1433 2811 1527 2854 ‹111ae

284 2867 542 2914 excusatur?
562 2864 712 2912 Nonne
734 2868 787 2912 ad
810 2869 892 2913 hoc
914 2870 957 2913 in
979 2871 1215 2926 capitulum
1240 2872 1455 2921 venimus.
1482 2881 1527 2917 ut

283 2943 325 2980 et
358 2939 641 2995 nosmetipsos
675 2952 945 2994 accusemus,
982 2948 1024 2988 et
1056 2944 1109 2986 ab
1143 2945 1238 2988 aliis
1273 2945 1527 2990 charitative

283 3012 531 3066 clamemur,
572 3028 657 3071 qno
682 3017 743 3061 sie
768 3030 790 3060 a
824 3019 984 3064 nostris
1011 3020 1199 3063 reatibus
1232 3021 1522 3069 absolvamur.

284 3083 388 3129 lum}
411 3087 558 3143 utiquo
582 3088 834 3135 humilitatis
863 3098 929 3136 est
946 3124 957 3142 ,
975 3092 1057 3136 hoc
1076 3098 1218 3138 antem
1243 3095 1452 3141 utilitatis.
1476 3096 1526 3139 Et

284 3169 410 3214 qaam
438 3158 613 3211 foedum,
637 3174 851 3219 quamque
867 3165 1155 3220 periculosum
1175 3172 1255 3218 est,
1279 3179 1355 3223 per
1374 3170 1523 3212 vitium

284 3232 588 3282 excusationis,
615 3240 657 3277 et
681 3235 722 3278 in
747 3235 842 3280 loco
865 3236 1119 3283 humilitatis
1142 3241 1382 3296 superbire,
1412 3249 1453 3286 et
1480 3242 1524 3286 in

284 3304 379 3348 loco
399 3306 682 3352 consessionis
707 3309 891 3363 diffiteri,
919 3318 961 3356 et
984 3313 1027 3356 in
1051 3313 1147 3358 loco
1172 3315 1455 3360 absolutionis
1481 3319 1523 3361 in

285 3385 460 3432 peccato
478 3381 640 3424 arctius
666 3381 801 3439 ligari.

341 3449 448 3495 xlx.
485 3451 566 3498 Sed
599 3456 754 3511 aliquis
781 3456 889 3501 sorte
917 3470 1081 3509 eorum,
1104 3461 1174 3516 q'ui
1197 3462 1290 3505 hacc
1322 3463 1522 3507 mandata

284 3521 439 3568 litteris
463 3525 651 3572 lecturus
685 3537 765 3580 est,
795 3530 857 3574 sic
890 3544 957 3575 me
989 3533 1211 3588 alloquens
1248 3538 1522 3591 respondebit

285 3593 337 3636 aet
362 3593 480 3638 haec:
507 3594 609 3648 Quae
645 3598 697 3646 de
733 3602 1007 3646 excusatione
1042 3605 1167 3656 dicis,
1205 3606 1294 3661 ipse
1329 3609 1519 3663 quidem,

286 3666 358 3721 qui
388 3669 598 3714 veraciter
626 3677 668 3714 et
705 3673 956 3719 charitative
994 3677 1221 3727 clamatur,
1257 3679 1364 3723 bene
1399 3679 1523 3724 debet

286 3738 534 3795 observare3
558 3741 631 3786 sed
653 3745 687 3787 si
712 3747 761 3791 is.
787 3748 861 3801 qui
893 3749 1104 3794 malitiose
1127 3757 1168 3794 et
1193 3752 1318 3801 salso,
1349 3759 1392 3795 ut
1414 3768 1522 3798 non-

285 3826 502 3870 nunquam
538 3819 694 3871 evenit,
734 3828 977 3873 accusatur,
1017 3827 1294 3881 semetipsum
1329 3837 1519 3880 excuset,

287 3888 476 3943 nunquid
514 3890 558 3932 in
595 3891 675 3934 hoe
706 3897 882 3948 peccat?
930 3897 1007 3941 Cui
1044 3899 1126 3943 hoc
1162 3901 1288 3944 modo
1325 3910 1523 3947 occurret

286 3959 508 4012 responsio
532 3970 676 4006 nostra
699 3980 708 4007 ;
735 3965 787 4008 Et
815 3968 849 4011 si
873 3969 1057 4013 dicimus
1092 3982 1177 4014 non
1201 3986 1401 4028 magnum
1427 3989 1523 4020 esse

289 4035 524 4082 peccatum,
564 4035 676 4088 quod
707 4049 752 4079 se
790 4050 966 4083 excusat
1002 4042 1171 4097 justus,
1208 4045 1349 4089 dicere
1380 4051 1520 4091 tamen

287 4111 532 4156 possumus,
553 4118 637 4148 non
663 4120 859 4164 magnum
878 4124 971 4156 esse
988 4115 1204 4167 meritum,
1229 4117 1342 4172 qnod
1368 4132 1413 4161 se
1436 4131 1524 4162 non

287 4179 463 4217 excusat
488 4175 688 4230 injustus.
724 4180 869 4224 Potest
892 4197 1073 4242 namque
1096 4189 1313 4245 percipere
1337 4192 1523 4242 veniam,

289 4250 331 4286 et
350 4246 528 4291 evadere
566 4261 765 4305 poenam,
799 4255 871 4297 sed
903 4255 1033 4309 iliam,
1071 4261 1128 4303 ad
1146 4274 1274 4316 quam
1305 4270 1453 4307 sancte
1482 4270 1524 4317 et.

289 4314 409 4360 beate
434 4320 731 4373 sublimantur,
765 4328 835 4381 qni
871 4340 916 4372 se
947 4342 1034 4374 non
1064 4341 1273 4379 excusant
1291 4335 1416 4391 justi,
1441 4351 1523 4383 nee

290 4391 467 4446 gratiani
487 4402 688 4443 merctur,
717 4411 792 4441 nec
811 4400 1000 4455 gloriam.
1032 4403 1138 4448 lllud
1163 4408 1310 4463 utique
1331 4409 1520 4459 bonum:

292 4461 371 4512 boc
397 4476 494 4508 vero
527 4468 677 4512 melius
701 4477 780 4514 est.
806 4471 855 4514 Et
880 4474 1162 4532 ideumelius,
1199 4479 1298 4536 quia
1329 4481 1524 4538 perducit

1546 3442 1582 3485 D

1186 143 1352 192 soant
1384 136 1970 188 PRAEMONSTRATENSIS
2919 201 2921 208 ἲ

295 245 470 304 ripiant,
496 248 570 303 qui
608 244 847 293 absolvant,
879 241 952 296 qui
971 238 1201 295 erudiant..
1227 239 1414 282 Accuset
1453 234 1535 280 sibi
1557 234 1593 279 A
1616 231 1668 275 ad
1691 232 1915 287 optimum.
1942 229 2038 274 Scis
2060 230 2223 286 utique,
2249 227 2364 285 quod
2384 236 2473 274 tres
2492 224 2536 273 in
2559 227 2630 279 die
2645 219 2840 285 passion
2899 276 2901 283 s

1587 1510 1590 1512 .
1608 1470 1724 1515 biam
1745 1467 1994 1526 defendens,
2017 1471 2107 1516 ru'it
2127 1472 2174 1516 in
2190 1470 2408 1517 infernum
2428 1473 2627 1530 peccam
2650 1472 2857 1520 secundu

1589 3240 1718 3284 ‘santi
1742 3238 1971 3283 confestim
1995 3238 2191 3295 aperiunt
2218 3237 2335 3295 (Luc.
2365 3237 2445 3288 xn',
2469 3235 2540 3293 37>
2561 3251 2572 3279 z
2597 3248 2695 3280 cum
2725 3231 2780 3280 de
2801 3246 2856 3285 ea

1614 305 1849 348 Dominicae
1872 303 2048 347 suerunt
2058 302 2107 346 in
2129 311 2258 346 cruce
2274 301 2474 360 suspensi
2494 317 2505 346 z
2538 302 2650 352 latro
2665 301 2845 348 videIIc
2911 334 2920 354 2

1616 378 1911 434 blasphemus,
1930 375 2042 419 latro
2059 376 2287 426 contitens,
2306 381 2348 419 et
2367 375 2459 431 ipse
2469 374 2619 432 Agnus
2637 375 2845 427 innocens
2901 397 2924 420 ἰ

1615 451 1667 495 Et
1687 450 1788 507 quid
1811 448 1927 493 aliud
1949 455 2151 506 putamus
2173 450 2351 505 capituli
2372 450 2576 507 rigorem,
2603 449 2689 494 nisi
2710 462 2829 507 qua
2921 459 2924 467 ⁴

1615 523 1712 567 dam
1736 523 1880 566 crucis
1897 522 2173 578 passionem?
2195 520 2278 566 Sed
2296 521 2340 565 in
2363 521 2445 565 hae
2466 522 2670 578 passione
2690 521 2819 580 quida
2847 545 2851 561 ι

1615 601 1717 640 sunt
1744 594 2117 650 blasphemantes;
2156 593 2331 650 quidam
2369 594 2652 648 confitentes,
2689 593 2850 652 quida

1613 681 1716 714 vero
1740 671 2008 713 innocentes.
2025 662 2160 710 Primi
2179 673 2282 711 sunt
2301 667 2484 712 rebelles
2497 700 2508 720 ‚
2534 667 2711 712 secundi
2727 667 2859 725 poenl·

1614 749 1753 787 tentes
1770 776 1781 794 ‚
1804 742 1918 787 tertii
1942 741 2145 786 humiles.
2170 740 2305 786 Primi
2328 749 2549 787 merentur
2570 755 2769 800 poenam;
2793 755 2841 791 se
2916 761 2924 792 ι

1614 815 1746 860 cundi
1766 815 1937 861 veniam
1953 828 1964 869 ;
1983 814 2101 859 tertii
2125 815 2323 872 gloriam.
2350 814 2522 861 Primos
2536 815 2734 874 designat
2752 817 2813 862 lat
2850 840 2856 854 ι

1613 888 1916 945 blasphemus;
1955 887 2171 933 secundos
2208 889 2317 932 latro
2352 889 2465 933 alius
2518 894 2562 934 et
2595 881 2698 934 vere
2736 889 2847 936 alius

1614 961 1715 1017 quia
1739 971 1826 1003 non
1848 959 2172 1016 blasphemans,
2194 959 2268 1003 sed
2296 959 2533 1014 confitens;
2567 961 2717 1007 tertios
2741 961 2834 1006 inn

1613 1046 1734 1085 cene,
1765 1039 1807 1078 et
1829 1033 2007 1079 humilis
2025 1032 2168 1078 Jesus.
2201 1033 2253 1076 Et
2289 1046 2387 1078 cum
2424 1034 2468 1077 in
2511 1047 2597 1078 una
2631 1036 2840 1092 eademqn

1613 1118 1764 1151 omnes
1799 1106 2001 1162 passione
2038 1106 2140 1159 sint,
2187 1107 2351 1163 primus
2390 1113 2632 1150 murmurat
2685 1114 2728 1152 et
2764 1107 2845 1152 saei

1613 1179 1728 1235 qnod
1754 1191 1841 1222 non
1864 1178 2018 1233 debet;
2054 1179 2270 1224 secundus
2306 1185 2418 1231 orat,
2453 1185 2496 1224 et
2533 1179 2638 1224 facit
2655 1181 2768 1237 quod
2792 1180 2864 1225 de-

1613 1252 1713 1306 bet;
1740 1253 1891 1296 tertius
1914 1264 1993 1308 pro
2016 1252 2114 1296 aliis
2139 1253 2423 1308 semetipsum
2460 1253 2655 1297 immolat
2686 1260 2728 1298 et
2762 1253 2866 1298 iaci

1610 1325 1858 1381 plusquam
1892 1324 2034 1369 debet.
2071 1323 2267 1382 Cumque
2291 1338 2442 1370 omnes
2466 1333 2742 1380 accusentur,
2779 1318 2864 1385 pri·

1611 1409 1707 1443 mus
1731 1403 1963 1441 accusatur
1983 1398 2117 1455 juste,
2140 1405 2183 1444 et
2207 1411 2330 1443 suam
2353 1399 2591 1457 nequitiam
2610 1413 2687 1456 per
2711 1411 2865 1458 super·-

1611 1558 1701 1590 non
1740 1546 1916 1601 injuste,
1952 1545 2028 1591 sed
2065 1547 2236 1603 culpam
2274 1559 2351 1603 per
2380 1546 2700 1592 confessionem
2735 1560 2837 1606 agn⁴

1610 1629 1754 1670 scens,
1771 1624 1814 1663 et
1832 1618 1876 1662 in
1892 1618 2157 1663 voluntatem
2178 1620 2480 1664 necessitatem
2496 1627 2771 1673 convertens,
2791 1634 2844 1678 pe

1610 1692 1927 1738 absolutionem
1968 1694 2134 1750 praelati
2171 1695 2500 1748 reconciliatus,
2542 1702 2585 1740 et
2614 1709 2665 1741 ex
2700 1697 2862 1742 latron

1609 1772 1774 1825 martyr
1807 1766 2014 1820 effectus,
2053 1766 2293 1825 ingreditur
2333 1769 2584 1825 paradisum
2626 1767 2865 1816 Ecclesiae:

1609 1842 1766 1886 tertius
1789 1853 1891 1885 vero
1908 1840 2085 1885 omnino
2109 1841 2290 1897 injuste,
2322 1847 2364 1886 et
2394 1854 2517 1886 suam
2539 1855 2628 1887 non
2651 1854 2866 1888 excusan

1609 1913 1920 1964 innocentiam,
1958 1925 2034 1970 per
2055 1914 2234 1958 tacitum
2267 1914 2392 1959 bonae
2427 1914 2864 1972 conscicntssae·32
2914 1923 2924 1940 ‘

1609 1987 1920 2038 testimonium,
1960 1999 2037 2042 per
2062 1986 2234 2043 plenum
2265 1987 2408 2032 omnis
2442 1996 2563 2032 vanae
2587 1988 2736 2044 gloriae
2760 2000 2812 2033 co
2841 2014 2843 2017 ν

1610 2063 1834 2115 temptum,
1872 2072 1948 2116 per
1983 2059 2277 2104 invincibilem
2304 2060 2370 2104 sui
2398 2059 2535 2116 ipsius
2572 2059 2863 2118 triumphum,

1609 2132 1739 2176 etiam
1761 2133 1919 2177 coelum
1944 2132 2090 2177 animo
2110 2132 2379 2179 conscendit.
2407 2132 2538 2178 Vides
2569 2147 2690 2191 ergo,
2729 2134 2839 2180 frate

1600 2205 1684 2258 mi,
1709 2206 1825 2264 quod
1854 2212 2064 2264 quantum
2096 2218 2121 2253 a
2159 2206 2363 2263 passione
2396 2207 2579 2253 latronis
2616 2208 2864 2255 confitentis

1608 2282 1755 2337 passio
1778 2281 1908 2327 distat
1936 2280 2238 2338 Redemptoris
2278 2280 2539 2334 innocentis,
2574 2286 2742 2326 tantum
2768 2270 2864 2338 ejus
2914 2324 2918 2333 ,

1609 2365 1757 2405 causa,
1792 2353 1866 2411 qui
1902 2353 2131 2406 malitiose,
2165 2359 2207 2398 et
2241 2353 2351 2399 falso
2383 2361 2632 2407 accusatur.
2673 2355 2729 2400 ab
2761 2356 2862 2413 ejus

1609 2426 1750 2471 differt
1773 2439 1921 2480 causa,
1947 2428 2023 2485 qui
2044 2427 2300 2474 charitative
2321 2433 2364 2472 et
2385 2428 2599 2474 veraciter
2619 2421 2859 2491 eluuntur:
2918 2471 2920 2476 .

1607 2509 1649 2544 et
1679 2501 1791 2546 sicut
1824 2513 1949 2558 pares
1971 2514 2058 2550 non
2080 2507 2181 2547 sunt
2212 2502 2256 2550 in
2279 2501 2450 2554 merito,
2474 2503 2539 2549 sic
2561 2515 2643 2548 nec
2672 2503 2861 2560 aequales

1607 2581 1734 2619 erunt
1757 2575 1802 2618 in
1822 2575 2012 2632 praemio.
2039 2574 2163 2628 Quod
2184 2575 2221 2619 si
2247 2587 2292 2620 se
2311 2581 2489 2621 excusat
2517 2575 2676 2632 injuste
2699 2573 2861 2621 clama-
2923 2587 2924 2629 j

1608 2657 1694 2701 tus,
1722 2650 1835 2693 sicut
1867 2659 1954 2693 non
1979 2649 2066 2692 ruit
2104 2661 2180 2704 per
2211 2654 2454 2706 peccatum,
2481 2649 2520 2695 si
2549 2655 2694 2696 tamen
2724 2663 2860 2702 excu-
2918 2691 2919 2694 ,

1609 2723 1819 2767 sationem
1842 2722 1952 2780 Jejus
1989 2722 2199 2778 permittit
2235 2723 2413 2778 capituli
2459 2723 2579 2780 rigor
2617 2740 2627 2769 ε
2675 2723 2740 2776 sic
2774 2737 2859 2770 nec

1607 2795 1800 2842 ascendit
1825 2807 1902 2851 per
1923 2794 2149 2848 meritum
2173 2799 2216 2839 et
2237 2794 2339 2839 dum
2373 2794 2416 2838 in
2442 2794 2632 2852 capitulo
2649 2794 2857 2842 innocen-

1607 2876 1671 2914 ter
1702 2882 1789 2913 non
1813 2868 2071 2925 1›21nitur,in
2102 2867 2273 2912 inferno
2290 2867 2463 2924 quidem
2489 2879 2575 2912 non
2595 2867 2853 2925 damnatur;

1606 2942 1681 2987 sed
1702 2941 1744 2986 in
1768 2942 1879 2986 eoelo
1903 2948 2049 2986 tamen
2072 2939 2314 2985 sublimiter
2333 2953 2420 2984 non
2440 2946 2686 2986 coronatur.

1660 3015 1754 3061 XX.
1786 3014 1861 3060 Est
1883 3015 2050 3060 officina
2074 3015 2287 3071 quaedam,
2312 3027 2407 3071 quae
2431 3014 2475 3058 in
2498 3014 2650 3061 ordine
2673 3015 2855 3071 septima

1605 3098 1698 3144 est;
1723 3093 1768 3135 in
1805 3103 1889 3147 qua
1915 3091 1996 3134 viri
2024 3090 2179 3141 sancti,
2209 3089 2282 3145 qui
2313 3088 2356 3132 in
2390 3094 2604 3133 conventu
2639 3093 2758 3141 sunt,
2781 3093 2857 3133 ve'-
2919 3121 2922 3139 ι

1605 3166 1739 3208 nienti
1763 3164 1960 3216 Domine,
1982 3170 2026 3209 et
2049 3162 2283 3207 invenienti
2314 3174 2390 3207 eos
2420 3162 2662 3219 vigilantes,
2686 3173 2736 3206 ae
2757 3161 2856 3219 pul·
2921 3209 2922 3212 ,

1604 3324 1679 3369 per
1715 3319 1899 3356 mortem
1937 3317 2120 3361 exeunt,
2164 3321 2243 3368 pro
2281 3310 2452 3355 senario
2493 3308 2716 3365 praesentis
2754 3319 2856 3364 per-

1606 3386 1818 3438 feetionis,
1840 3386 1892 3429 ad
1911 3385 2203 3440 septenarium
2227 3383 2475 3439 pertingunt
2499 3382 2653 3429 futurae
2675 3381 2851 3438 qnietis.
2876 3376 2877 3395 ³
2915 3395 2917 3398 ’

1605 3458 1700 3514 ipsa
1719 3465 1787 3503 est
1808 3458 2144 3509 infirmnm-iuni,
2173 3458 2214 3501 in
2242 3470 2328 3512 quo
2361 3457 2424 3500 sic
2457 3467 2504 3500 se
2527 3454 2684 3500 debent
2705 3465 2854 3500 coeno-

1604 3533 1704 3576 bita:
1727 3533 1899 3583 habere,
1928 3538 1972 3575 ut
1998 3544 2085 3575 suae
2117 3531 2159 3574 in
2194 3543 2246 3575 eo
2277 3529 2554 3575 resolutionis
2588 3528 2736 3586 boram
2762 3532 2854 3574 ‘tre-

1604 3607 1802 3649 mendam
1835 3618 1986 3650 secure
2007 3605 2176 3661 poss'nt
2205 3608 2472 3659 exspectare.
2497 3601 2558 3645 lta
2583 3600 2853 3661 singulorum

1603 3679 1925 3723 infirmitatibus
1961 3678 2138 3722 inclinet
2176 3691 2237 3730 se,
2273 3682 2315 3722 et
2341 3674 2660 3720 condescendat
2681 3674 2852 3719 miseri-

1603 3753 1750 3795 cordia
1778 3764 1851 3807 per
1877 3751 2237 3807 compassionem,
2262 3756 2308 3794 ut
2332 3749 2490 3793 nullam
2513 3747 2619 3793 ordo
2637 3748 2863 3807 sustineat,¹
2911 3774 2917 3810 1

1603 3825 1944 3870 dissolutionem.
1971 3824 2065 3868 Non
2092 3825 2372 3868 admittantur
2396 3824 2437 3867 in
2456 3834 2506 3867 ea
2529 3820 2633 3873 sscti,
2652 3821 2726 3878 qui
2749 3832 2850 3865 cum
2915 3878 2918 3894 l

1606 3901 1699 3942 sani
1733 3901 1835 3951 sint,
1870 3899 2113 3944 simulatam
2149 3899 2376 3954 quamdam
2412 3897 2551 3940 solent
2585 3893 2851 3950 praetendere
2912 3914 2915 3923 ·

1605 3972 1922 4025 infirmitatem,
1964 3973 2039 4016 sed
2077 3980 2120 4016 et
2151 3971 2325 4022 infirmi,
2365 3981 2463 4012 cum
2497 3968 2610 4013 vires
2643 3965 2852 4023 pristinas

1605 4047 1912 4102 reparaverint,
1938 4046 2115 4090 redeant
2146 4045 2198 4089 ad
2233 4043 2466 4089 feliciorem
2491 4039 2850 4086 consuetudinem

1606 4132 1745 4171 suam,
1765 4132 1859 4175 quae
1884 4119 2065 4163 famulos
2082 4117 2157 4162 Dei
2179 4123 2300 4161 tanto
2322 4117 2506 4172 amplius
2524 4115 2662 4165 decet,
2683 4107 2850 4174 quanto
2914 4152 2917 4166 -,

1606 4195 1749 4235 minus
1772 4193 1979 4248 indigent.
2011 4190 2066 4236 Et
2088 4190 2191 4247 quid
2215 4189 2443 4245 sequitur?
2463 4187 2550 4231 Nee
2580 4186 2665 4230 eibi
2688 4188 2763 4230 eos
2785 4191 2850 4229 te·
2918 4179 2919 4182 '

1606 4272 1704 4308 neat
1728 4266 1923 4319 voluptas
1942 4266 2031 4320 iam
2053 4269 2244 4320 vegetos,
2275 4275 2384 4319 quos
2417 4260 2655 4307 necessitas
2684 4259 2847 4301 levarat
2916 4299 2917 4304 ,

1606 4337 1815 4381 infirmos.
1835 4337 2046 4394 Cogitem,
2071 4337 2144 4394 qui
2170 4342 2272 4380 sunt
2294 4336 2338 4378 in
2362 4331 2647 4384 infirmitorio,
2675 4329 2844 4384 fratres,

1607 4410 1718 4466 quod
1742 4410 1785 4453 in
1808 4411 1904 4454 loco
1925 4412 2008 4455 isto
2029 4411 2249 4455 solventur
2268 4419 2292 4451 a
2315 4406 2570 4461 corporibus
2598 4403 2751 4446 animae
2771 4414 2845 4444 ra·
2867 4442 2871 4473 ς

1607 4483 1771 4540 piendae
1794 4482 1846 4527 ad
1869 4483 2058 4546 tribunal
2079 4481 2269 4536 Judicis;
2292 4485 2341 4526 et
2378 4486 2613 4535 recepturas
2642 4478 2758 4519 ‘uxta
2781 4473 2838 4525 id,
