2924 4588
338 123 449 171 {6⁵3

309 223 451 279 ⁸terra
483 208 590 257 levis
615 203 878 254 scaturiebat
909 202 950 245 in
982 198 1134 248 fundo,
1163 196 1277 240 sicut
1311 194 1356 238 in
1392 193 1585 237 sontibus
1611 195 1644 240 Α

336 288 445 333 solet
468 261 787 330 arenaffiullire,
809 283 852 320 et
873 274 1013 318 adbuc
1036 267 1296 327 quandoque
1318 266 1468 310 eadem
1488 274 1585 308 sca-

337 361 476 414 turigo
511 355 666 400 bullire
694 353 755 397 ibt
793 344 980 395 fldetur.
1007 343 1132 389 Unde
1171 340 1294 384 multi
1324 341 1585 395 putaverunt

335 444 431 474 enm
452 429 596 472 vivere
614 425 695 469 sub
719 429 853 471 terra,
880 426 923 463 et
946 415 1140 461 anhelitu
1157 415 1252 470 ejus
1276 409 1583 466 scaturiginem

337 503 445 554 neri,
471 500 545 545 alii
564 486 707 541 austm
726 495 815 551 iam
853 491 1108 535 translatum
1138 488 1192 531 ad
1218 485 1385 536 coelum
1412 486 1582 539 putant,

336 577 390 619 de
428 568 675 629 hujiismodi
715 578 818 611 vero
840 562 996 608 melius
1018 567 1086 606 est
1110 560 1177 615 pie
1210 556 1425 608 dubitare,
1452 563 1583 610 quam

336 655 497 691 temere
519 641 718 687 diffinire.

335 738 434 781 Cir.
463 730 661 778 CXCVH.
692 727 753 772 De
786 726 1047 782 apparitione
1087 720 1258 764 Domini
1303 720 1346 761 in
1385 716 1579 765 Gentilem,

390 792 462 833 ubi
486 793 730 831 mandatum
752 792 812 827 est
848 780 1090 836 discipulis,
1108 785 1155 821 ut
1191 775 1385 819 docerent
1409 780 1581 828 ventes,

389 855 428 891 et
455 847 727 901 baptizarent.

395 953 410 980 ι
434 935 641 982 Undecim
669 938 809 975 auten·
833 927 1038 982 discipuli
1072 924 1274 968 abierunt
1296 923 1342 965 in
1363 918 1582 963 Galilaeam

336 1014 390 1058 ad
412 1017 600 1057 montem
627 1006 699 1051 ubi
722 1003 1007 1049 constituerat
1032 1000 1120 1043 illis
1144 997 1291 1042 Iesus.
1315 993 1370 1038 Et
1389 991 1583 1037 videntes

335 1098 432 1129 euim
457 1082 762 1130 adoraverunt,
788 1074 961 1132 quidam
1001 1068 1495 1116 autemdubitaverunt,
1532 1061 1584 1105 Et

334 1154 611 1214 exprobravit
642 1152 734 1196 illis
761 1148 966 1194 duritiam
1002 1145 1150 1189 cordis
1173 1153 1342 1186 eorum.
1379 1138 1435 1182 Et
1478 1137 1538 1180 ait
1569 1151 1579 1178 ε

334 1233 442 1278 Data
467 1235 532 1275 est
551 1227 655 1272 mihi
677 1226 821 1270 omnis
851 1227 1044 1280 potestas
1066 1219 1110 1262 ln
1135 1218 1264 1267 coelo‚
1298 1221 1343 1260 et
1382 1213 1430 1257 in
1468 1219 1583 1256 terra
1664 1209 1746 1259 sia,
1774 1206 1888 1261 quod
1915 1207 1978 1250 illi
1998 1205 2074 1263 qui
2099 1205 2275 1250 exibant
2297 1205 2352 1250 de
2372 1203 2509 1260 sonte,
2527 1205 2673 1251 statim
2690 1202 2847 1261 loqueb
2919 1274 2921 1279 Ι

335 1302 506 1360 (nauh.
531 1310 692 1351 xxvim
731 1296 869 1340 Μανσ.
905 1293 1014 1348 xvi),
1046 1305 1062 1333 ι
1085 1291 1129 1335 ιιι
1161 1294 1228 1334 est
1262 1289 1584 1341 nuneapparet
1607 1276 1640 1319 B
1663 1286 1735 1323 tur
1756 1278 1933 1336 linguis.

336 1373 646 1431 omnipotentia
670 1379 782 1415 mea.
817 1367 896 1411 vel
921 1367 981 1410 ita
1005 1365 1198 1408 dixeram
1222 1360 1364 1411 vobis,
1385 1358 1430 1402 in
1466 1356 1581 1401 viam

335 1451 524 1506 gentium
549 1461 603 1492 ne
626 1445 835 1495 abieritis,
856 1443 931 1488 sed
953 1441 1054 1498 quia
1071 1438 1207 1483 Judaei
1227 1437 1481 1493 abiecerunt
1497 1445 1580 1485 me,

335 1522 458 1578 quasi
485 1521 695 1564 dederunt
731 1516 834 1559 mihi
875 1518 1150 1571 potestatem,
1186 1507 1385 1554 mittendi
1425 1506 1584 1563 ubique

336 1602 551 1639 terrarum
583 1592 664 1635 sub
684 1590 810 1634 coelo.
845 1587 968 1632 Unde
993 1586 1125 1642 igitur
1148 1582 1340 1627 subdidit
1368 1597 1378 1625 :
1406 1596 1423 1623 ι
1451 1579 1512 1625 lte
1536 1578 1583 1622 in

337 1665 483 1707 orbem
518 1663 784 1711 universum,
809 1664 852 1703 et
892 1656 1122 1714 praedicate
1145 1654 1425 1711 Evangelium
1464 1651 1583 1696 omni

340 1742 549 1780 creaturae
572 1767 583 1786 ,
617 1749 632 1776 ι
661 1734 702 1777 ιιι
729 1738 797 1777 est
826 1730 1007 1782 homini,
1024 1742 1101 1786 pro
1128 1740 1216 1785 quo
1252 1727 1364 1772 sacta
1401 1732 1467 1771 est
1490 1738 1583 1769 om-

332 1806 403 1850 nis
438 1810 655 1848 creatura.
695 1801 768 1846 Vel
792 1802 867 1858 qui
902 1801 1034 1844 babet
1062 1799 1458 1855 participationem.
1482 1809 1582 1841 cum

332 1879 447 1923 omni
468 1884 687 1922 creatura.
719 1874 843 1919 Unde
865 1881 910 1919 et
934 1874 1063 1918 homo
1087 1874 1418 1924 microcosmus,
1443 1870 1488 1916 id
1516 1876 1584 1916 est

333 1950 467 1993 minor
487 1947 663 1991 mundus
691 1946 868 1991 dicitur.
891 1945 943 1990 Et
967 1945 1134 1989 addidit
1161 1959 1170 1988 :
1201 1958 1216 1986 t
1246 1943 1406 1988 nocete
1429 1955 1583 1988 omnes

334 2026 497 2078 gentes,
523 2035 537 2061 ι
560 2021 600 2064 id
624 2025 691 2065 est
714 2020 858 2064 omnia
882 2030 1039 2075 genera
1059 2018 1270 2074 gentium,
1291 2029 1467 2062 servare
1487 2029 1584 2074 quan

333 2094 421 2139 ‹llxi
453 2093 591 2143 vobis,
630 2107 645 2133 ι
680 2092 955 2148 baptizantes
978 2085 1053 2135 eos
1079 2091 1123 2134 in
1146 2090 1323 2134 nomine
1353 2088 1513 2150 Patris,
1540 2095 1584 2134 et

334 2166 446 2217 Filii,
472 2172 515 2210 et
553 2166 742 2221 Spiritus
774 2166 931 2209 sancti.
964 2181 980 2207 ι
1011 2164 1059 2208 ln
1094 2163 1373 2208 inchoatione
1401 2176 1581 2220 opernm

333 2245 581 2282 nostrorum
599 2238 796 2281 eaiudem
819 2236 1104 2293 proponimus
1126 2236 1309 2280 sormam
1331 2236 1580 2287 verborum,

335 2311 410 2354 sed
447 2311 691 2355 invocando
726 2316 918 2362 orantes,
955 2318 1003 2366 ut
1037 2310 1088 2353 ad
1110 2310 1322 2354 bonorem
1356 2308 1583 2354 TrInitalis

334 2384 406 2426 liat
430 2395 555 2438 opus,
577 2383 690 2438 quod
707 2382 978 2433 inchoamus,
998 2388 1043 2426 et
1062 2388 1108 2425 ut
1126 2380 1314 2427 Trinitas
1335 2380 1462 2427 nobis
1478 2395 1582 2428 coo*

332 2454 586 2510 peretur.<ln
627 2455 839 2510 baptismo
875 2461 1017 2499 autem
1043 2455 1205 2500 dicitur
1240 2455 1584 2508 affirmando‚-et

333 2535 401 2572 cst
425 2544 436 2571 ε
463 2528 641 2583 Raptim
663 2535 699 2571 te
736 2530 777 2571 in
801 2530 964 2571 nomine
987 2528 1148 2582 Patris,
1167 2536 1206 2572 et
1230 2528 1350 2581 Filii,
1382 2536 1423 2573 et
1446 2531 1582 2586 Spiri-

337 2609 402 2645 tus
426 2602 575 2651 sancti,
604 2600 647 2644 id
671 2608 737 2644 est
761 2603 1014 2657 mysterium
1036 2602 1239 2658 baptismi
1272 2614 1368 2659 ego,
1395 2602 1470 2646 sed
1507 2615 1582 2646 au-

331 2674 512 2718 ctoritas
550 2687 682 2730 penes
709 2673 961 2719 Trinitatem
984 2680 1066 2719 est.
1094 2690 1109 2715 ι
1144 2675 1225 2728 Qui
1259 2675 1507 2727 crediderit,
1541 2681 1583 2718 et

333 2749 575 2804 baptizatus
607 2748 751 2800 suerit,
781 2750 926 2793 salvus
948 2749 1055 2802 erit;
1095 2750 1168 2806 qui
1207 2762 1295 2794 non
1330 2749 1580 2801 crediderit,

334 2820 710 2868 condemnabitur.
754 2835 767 2860 ι
794 2820 889 2864 Νοιι
924 2821 1002 2870 ait.
1034 2833 1126 2867 nee·
1153 2823 1396 2879 baptizatus
1436 2822 1580 2869 suerit.

336 2895 444 2940 Sine
481 2896 693 2951 baptismo
718 2897 832 2939 enim
857 2896 1049 2940 salvatur
1083 2896 1227 2948 bomo,
1252 2908 1352 2942 cum
1374 2909 1472 2941 eum
1496 2909 1583 2942 *ex-.-

335 2969 469 3012 cludit
493 2969 704 3012 articulus
740 2968 1032 3020 necessitatis,
1055 2982 1143 3013 non
1177 2975 1450 3026 contemptus
1482 2972 1582 3015 reli-

337 3041 493 3097 gionis.
527 3040 647 3086 Unde
672 3042 784 3098 qnod
807 3043 970 3086 dictum
993 3029 1059 3088 est
1087 3058 1098 3087 τ
1129 3058 1143 3084 ι
1170 3041 1260 3088 Nisi
1283 3044 1381 3099 quis
1403 3050 1581 3101 rena-tus

338 3114 487 3167 suerit,
520 3131 533 3155 ι
559 3121 642 3160 etc.
672 3114 814 3171 (.Ιοαη.
856 3116 942 3173 ιιι),
969 3117 1032 3161 sic
1060 3116 1348 3173 intelligitur:
1375 3117 1457 3170 Qui
1477 3130 1582 3162 con·

337 3189 560 3244 tempserit
587 3189 773 3233 renasci.
807 3188 1212 3235 Ordinivediorum
1233 3190 1407 3236 Domini
1439 3192 1582 3236 adbae-

336 3266 434 3305 rent
458 3261 645 3305 haeretici
669 3262 799 3317 hujus
821 3263 1029 3320 temporis
1049 3265 1258 3317 dicentes,
1275 3278 1360 3309 non
1381 3272 1582 3322 oportere

338 3333 548 3389 baptizari
574 3334 658 3377 nisi
677 3336 933 3387 credentem,
955 3341 998 3381 et
1034 3336 1128 3380 ideo
1147 3350 1234 3380 non
1257 3339 1472 3394 recipiunt
1505 3339 1581 3383 ba·

1312 98 1478 144 cerni
1504 80 1856 141 conesroats

1606 2343 1638 2388 C
1664 2305 1800 2361 Quasi
1832 2304 1949 2349 dicat
1982 2320 1993 2351 ς
2019 2301 2242 2358 Recedite,
2285 2317 2340 2349 ne
2375 2305 2635 2357 exspectetis
2666 2303 2831 2358 lesum,

2801 89 2880 136 tot
2908 104 2910 106 ·

1669 187 1948 242 'noc‘quoque
1980 195 2060 240 pro
2093 182 2286 237 tempore
2322 179 2488 224 dictum
2531 185 2614 224 est.
2642 179 2762 224 Tu'nc
2799 181 2869 226 eiii
2899 204 2903 220 .

1666 262 1789 317 signa
1842 259 2019 310 flebant,
2055 268 2134 312 pro
2176 253 2423 298 infidelibus
2461 254 2782 299 convertendis.
2807 255 2921 318 Qu's

1664 345 1766 389 ergo
1792 334 1914 389 signa
1943 343 2029 375 non
2064 335 2166 374 sunt
2203 329 2466 379 necessaria,
2498 339 2588 372 non
2628 329 2755 372 modo
2791 327 2868 373 {iu
2896 363 2901 384 „

1666 406 1778 448 sicut
1800 404 1961 459 passim
1987 408 2091 444 tunc
2123 400 2297 444 fiebant.
2325 398 2413 444 Nos
2452 398 2567 443 enim
2603 411 2702 443 cum
2740 400 2872 447 arbus

1663 478 1927 534 plantamus,
1947 475 2098 519 tandiu
2121 474 2391 519 infundimus
2415 467 2588 530 aquam,
2613 486 2839 531 quousque
2871 476 2888 520 ἰ

1665 560 1779 597 terra
1803 552 2066 597 coalescant.
2891 542 2899 596 J

1721 625 1911 670 'Additio
1931 626 1972 668 ι.
1998 623 2132 676 Quasi
2152 623 2316 668 diceret
2337 639 2347 668 :
2370 622 2493 677 Quod
2521 623 2563 666 in
2599 634 2704 667 aure
2729 621 2861 678 ,audis
2895 638 2897 641 ·

1664 700 1897 756 praedicate
1914 710 2045 752 super
2070 702 2247 741 tectum.
2267 695 2373 740 lnde
2402 702 2470 740 est
2493 695 2609 752 quod
2641 694 2843 752 Evangeli
2884 703 2900 745 ᾖ

1665 775 1822 830 legitur
1846 775 1890 817 in
1915 773 2049 822 edito,
2075 779 2282 828 tanquam
2306 771 2464 826 ubique
2482 777 2525 815 et
2543 771 2597 814 ab
2621 770 2824 814 omnibus
2844 778 2898 832 εξ

1666 848 1888 899 diendum,
1908 854 1951 890 et
1970 857 2115 890 coram
2140 845 2358 890 omnibus.
2388 843 2536 889 Primo
2556 842 2600 888 lit
2625 846 2795 900 signum
2820 854 2846 888 c

1661 922 1730 967 cis
1752 933 1885 976 super
1907 919 2084 970 librum,
2110 918 2239 974 quasi
2261 917 2376 962 dicat
2396 932 2411 961 z
2436 915 2515 960 tue
2541 922 2608 961 est
2628 915 2737 960 liber
2768 914 2879 959 Cru

1662 992 1754 1044 fixi,
1775 997 1874 1048 post
1894 991 1938 1035 in
1959 989 2118 1042 fronte,
2146 995 2189 1034 et
2211 995 2405 1046 pectore.
2433 988 2558 1044 quasi
2575 988 2622 1032 iu
2644 997 2827 1045 utroque
2883 1033 2890 1040 ,-

1665 1064 1948 1123 perliminari.
2307 1115 2311 1119 ι

1720 1133 1928 1178 ''Additio
1947 1133 1989 1176 2.
2008 1131 2219 1177 Generale
2238 1131 2353 1176 enim
2375 1130 2458 1176 suit
2480 1131 2522 1176 in
2537 1131 2752 1188 primitiva
2770 1129 2908 1186 Em,-

1833 1351 1937 1398 Ctr.
1963 1350 2184 1397 cxcvlu.
2210 1350 2272 1396 De
2291 1351 2534 1397 ascensione
2557 1351 2745 1402 Domini.
2894 1399 2895 1402 ,

1722 1426 1799 1472 Die
1819 1435 1964 1471 autem
1994 1427 2263 1473 ascensionis
2284 1426 2404 1472 venit
2423 1426 2479 1471 ad
2497 1437 2578 1471 eos
2598 1428 2642 1472 in
2664 1426 2888 1473 Jerusal

1665 1506 1708 1546 et
1729 1501 1790 1544 ait
1813 1515 1827 1545 ι
1854 1516 1870 1543 ι
1902 1499 2057 1546 Sedete
2094 1501 2139 1545 in
2175 1500 2373 1554 civitate,
2413 1512 2642 1557 quousque
2678 1500 2810 1545 indua
2860 1501 2870 1512 ”

1664 1574 1826 1620 virtute
1846 1587 1899 1619 ex
1921 1574 2010 1620 alto
2045 1573 2166 1631 (Luc.
2202 1586 2333 1628 xxiv3
2372 1571 2510 1629 Marc.
2543 1575 2653 1631 xvi).
2681 1591 2696 1617 i
2725 1574 2881 1633 Cumq

1666 1649 1925 1693 comedisset
1946 1661 2045 1693 cum
2067 1649 2149 1702 eis,
2167 1649 2282 1693 unde
2305 1649 2562 1706 intelligitur
2580 1655 2748 1695 sextam
2766 1650 2893 1699 bora

1666 1714 1892 1782 transisse,
1910 1711 2060 1765 eduxit
2075 1732 2151 1764 eos
2175 1719 2295 1765 foras
2316 1719 2366 1763 ιιι.
2381 1726 2572 1765 montem
2592 1718 2747 1766 Oliveti
2769 1734 2870 1767 vers
2884 1729 2895 1761 f
2916 1711 2919 1726 ³

1664 1787 1932 1837 Bethani'am.
1958 1792 2009 1836 Et
2034 1793 2213 1839 elevatis
2250 1793 2471 1846 manibus,
2507 1793 2730 1838 benedixit
2762 1794 2843 1840 eis.
2884 1805 2898 1848 -g

1663 1865 1911 1910 videntibus
1931 1866 2019 1910 illis
2039 1867 2232 1912 elevatus
2257 1873 2323 1911 est
2353 1867 2399 1912 in
2416 1867 2591 1921 cretum,
2617 1874 2660 1912 et
2681 1868 2819 1914 nubes
2883 1891 2885 1894 ⁴

1663 1938 1760 1982 cida
1786 1937 2009 1993 bajulabat
2027 1950 2126 1982 eum
2152 1938 2395 1983 ministerio
2412 1938 2697 1996 angelorum‘.
2724 1936 2896 2000 eumq«-

1660 2010 1750 2066 jam
1772 2010 2024 2055 subtractus
2048 2017 2162 2054 esset
2186 2011 2241 2054 ab
2264 2011 2404 2056 oculis
2421 2006 2752 2067 discipulorum,
2772 2006 2877 2065 tam
2905 2021 2911 2025 ·

1663 2084 1806 2128 adbuc
1835 2085 2117 2129 intuebantur
2139 2085 2184 2128 in
2212 2085 2387 2138 coelum,
2406 2091 2632 2142 propterea
2655 2083 2743 2130 duo
2759 2097 2860 2145 ang
2890 2082 2895 2099 ³

1665 2159 1709 2203 in
1731 2159 1868 2205 forma
1888 2159 2097 2209 virorum,
2113 2148 2328 2206 steterunt
2346 2158 2470 2214 juxta
2496 2158 2612 2219 illos,
2627 2158 2868 2217 etdixerun

1663 2246 1683 2275 t
1716 2230 1807 2276 Viri
1830 2230 2012 2284 Galilaei,
2037 2231 2143 2288 quid
2181 2231 2378 2288 aspicitis
2402 2231 2448 2275 in
2476 2232 2634 2275 coelum
2666 2231 2778 2288 (Act.
2799 2231 2867 2290 .t).

1666 2378 1794 2431 modo
1818 2379 1964 2423 redeat
2002 2382 2147 2423 tamen
2189 2378 2239 2425 in
2275 2377 2359 2421 tine
2387 2383 2648 2434 temporum,
2667 2377 2736 2422 sic
2757 2377 2870 2430 ven'

1664 2451 2027 2508 quemadmodum
2050 2450 2222 2498 vidistis
2245 2463 2343 2495 eum
2367 2457 2542 2495 euntem
2564 2450 2611 2495 in
2636 2451 2812 2502 coelum,
2852 2468 2859 2487 ι

1659 2525 1766 2582 julis
1787 2523 1952 2568 scilicet
1974 2523 2180 2574 nubibus,
2205 2523 2439 2568 descendet
2467 2523 2511 2567 in
2541 2535 2659 2573 aera.
2686 2521 2753 2568 ini
2772 2527 2872 2569 aute

1663 2599 1850 2655 regressi
1885 2604 1989 2644 sunt
2027 2600 2071 2641 in
2109 2596 2369 2650 Jerusalem,
2396 2603 2438 2641 et
2467 2597 2780 2654 exspectabant
2801 2648 2803 2650 ,
2814 2609 2884 2655 pr

1664 2671 1848 2714 missum
1874 2668 2086 2726 Spiritum
2122 2675 2339 2715 sanctum.
2365 2668 2460 2723 Quo
2493 2676 2687 2725 accepto,
2711 2669 2894 2727 tempori

1663 2745 1744 2787 bus
1783 2744 1875 2788 suis
1897 2744 2122 2800 prosectis,
2150 2743 2494 2800 praedicaverunt
2521 2744 2695 2801 ubique,
2734 2741 2876 2788 Domi

1662 2825 1936 2875 cooperante,
1958 2823 2002 2863 et
2029 2811 2272 2868 sermonem
2292 2817 2603 2871 confirmante,
2628 2823 2673 2862 et
2696 2817 2924 2875 sequenti

1662 2892 1744 2937 bus
1768 2892 1919 2948 signis.
1945 2890 1997 2935 Et
2026 2898 2127 2936 nota
2160 2891 2463 2937 differentiam.
2490 2890 2744 2936 Translatus
2766 2890 2859 2944 Euo
2897 2902 2899 2928 ἐ

1662 2971 1745 3018 est,
1778 2965 2012 3010 subvectus
2060 2970 2128 3010 est
2165 2963 2299 3018 Elias,
2347 2960 2543 3011 ascendit
2575 2963 2704 3012 lesus
2738 2977 2868 3023 propr
2903 2974 2921 3023 f

1663 3039 1731 3083 sui
1748 3039 1923 3084 virtute.
1970 3075 1972 3077 .
2892 3031 2921 3110 j

1717 3113 1908 3158 'Additio
1926 3113 1963 3159 l.
1990 3113 2112 3170 Hanc
2145 3114 2340 3159 ultimam
2365 3114 2685 3170 processionem
2708 3119 2807 3172 post
2843 3113 2867 3158 J
2900 3110 2915 3123 ·’

1661 3198 1756 3231 sum
1789 3194 2073 3243 repraesentat
2099 3187 2292 3233 Ecclesia
2324 3187 2562 3237 Dominicis
2592 3187 2764 3242 diebus,
2787 3124 2924 3318 cmg

1661 3261 1819 3305 diendo
1837 3261 1890 3306 de
1912 3261 2124 3322 Ecclesia,
2149 3269 2192 3307 et
2222 3262 2447 3308 redeundo
2469 3261 2523 3306 ad
2556 3274 2668 3315 eam⁵
2696 3263 2824 3319 quasi
2888 3323 2891 3326 ἢ
2912 3318 2918 3328 ι

1661 3334 1902 3380 Jerusalem
1948 3336 2116 3389 exiens,
2136 3341 2184 3380 'et
2207 3335 2380 3381 rediens
2403 3337 2449 3380 in
2484 3334 2746 3389 Jerusalem,
2769 3343 2812 3382 et
2841 3330 2924 3387 σὸι

340 3407 543 3463 ptismum
569 3409 858 3462 parvulorum.
893 3408 974 3452 Sed
1009 3421 1094 3452 non
1129 3410 1372 3466 intelligunt
1394 3394 1590 3468 tempus:
1607 3411 1642 3454 D
1665 3409 1836 3464 quendo
1856 3421 2048 3463 crucem,
2076 3417 2122 3453 ut
2160 3410 2222 3453 illi
2245 3409 2517 3455 crucifixum.
2543 3409 2596 3455 Et
2617 3410 2718 3455 licet
2745 3411 2808 3455 illi
2917 3425 2924 3452 ι

342 3494 427 3535 quo
451 3481 532 3524 boc
569 3481 732 3524 dictum
759 3490 840 3526 est.
866 3482 1010 3526 Primo
1041 3484 1172 3534 enim,
1197 3486 1298 3539 quia
1319 3487 1581 3541 praedicaba-

343 3558 414 3593 tur
449 3552 621 3604 adultis,
647 3552 891 3607 baptizandi
923 3561 1044 3597 erant
1081 3555 1231 3607 adulti,
1253 3570 1438 3612 quorum
1478 3558 1583 3602 sides

342 3625 528 3681 exigitur
568 3627 609 3669 in
646 3626 872 3680 baptismo.
900 3626 1178 3672 Postmodum
1211 3631 1377 3686 parvuli
1413 3644 1581 3684 eorum,

341 3709 446 3754 ergo
481 3710 557 3754 pro
592 3699 748 3742 adultis
769 3706 914 3754 potest
932 3700 1109 3758 intelligi
1154 3702 1234 3745 hoc
1272 3715 1374 3748 esse
1400 3703 1580 3750 dictum.

344 3768 423 3815 Vel
439 3771 475 3815 si
495 3783 571 3826 pro
593 3774 792 3816 omnibus
815 3775 877 3817 sic
899 3786 1066 3829 expone
1091 3789 1103 3817 ι
1135 3790 1149 3816 ι
1178 3775 1259 3828 Qui
1283 3776 1516 3821 crediderit
1539 3784 1581 3822 et

343 3841 586 3899 baptizatus
618 3845 759 3895 inierit,
792 3861 807 3887 ι
831 3846 911 3889 hoc
934 3855 999 3890 est
1018 3848 1091 3902 qui
1109 3848 1151 3892 in
1172 3847 1253 3892 tide
1274 3848 1578 3904 baptizabitur.

344 3913 520 3970 Oportet
537 3915 647 3958 enini
667 3916 985 3971 baptizandum,
1008 3919 1076 3963 vel
1093 3931 1169 3974 per
1188 3931 1251 3971 se,
1269 3919 1335 3965 vel
1351 3931 1429 3975 per
1449 3921 1582 3965 alium

346 3986 535 4029 credere.
558 3986 687 4043 Signa
727 3995 868 4032 autem
900 4002 974 4033 eos
1005 3991 1078 4046 qui
1101 3990 1476 4036 crediderinthaec
1510 4005 1572 4037 se·

347 4063 533 4114 quentur
560 4074 571 4103 ε
601 4074 615 4100 ι
643 4059 690 4103 ln
728 4062 900 4107 nomine
921 4075 1017 4109 meo
1041 4064 1249 4109 daemonia
1284 4063 1475 4120 ejicient,
1498 4066 1582 4110 lin-

347 4130 445 4190 guis
461 4131 691 4190 loquentur
712 4135 888 4189 novis··,
912 4143 1132 4194 serpentes
1159 4139 1327 4191 tollent,
1356 4153 1371 4181 ι
1399 4145 1504 4194 etc„
1540 4147 1584 4185 et

1565 4322 1570 4326 .
1587 4302 1643 4317 μ

1665 3486 1822 3530 dierint
1857 3485 1948 3529 sine
1969 3483 2088 3536 Jesu‚
2111 3491 2268 3537 ‚tamen
2294 3497 2377 3528 nos
2403 3485 2595 3530 redimus
2626 3497 2724 3530 cum
2761 3497 2811 3535 cr,
2878 3480 2924 3546 ”q

1664 3558 1764 3613 quia
1799 3560 1892 3614 ipse
1917 3558 2058 3602 dixit:
2091 3574 2103 3599 ι
2136 3557 2375 3603 Vobiscum
2397 3571 2510 3612 sum,
2538 3571 2674 3617 usque
2712 3559 2766 3604 ad
2828 3569 2832 3574 ·
2918 3577 2924 3599 ι

1665 3633 1994 3677 summationem
2019 3632 2182 3676 saeculi.
2217 3648 2235 3674 i
2259 3632 2311 3676 Et
2334 3639 2436 3677 nota
2456 3633 2557 3689 quia
2578 3634 2794 3688 primitiva
2824 3630 2924 3709 Rq

1664 3705 1797 3750 clesia
1817 3705 2065 3750 observavit
2083 3706 2196 3764 diem
2226 3704 2513 3759 Dominicam,
2544 3711 2593 3750 ut
2616 3713 2660 3750 et
2691 3705 2838 3759 modo,
2858 3691 2924 3784 fl<

1663 3777 1790 3820 etiam
1813 3776 1962 3820 seriam
1985 3778 2181 3833 quintam
2202 3778 2247 3823 in
2268 3778 2520 3838 memoriam
2556 3779 2843 3831 ascensionis,
2863 3773 2924 3855 *i

1664 3858 1765 3894 tnnc
1782 3851 1932 3906 quinta
1957 3850 2063 3895 seria
2083 3851 2214 3897 tiebat
2242 3853 2478 3909 processio.
2501 3851 2586 3896 Sed
2610 3851 2924 3918 multiplicatis·

1662 3922 2009 3969 solemnitatibus
2046 3929 2314 3977 sanctorum,
2340 3925 2509 3970 sublata
2549 3932 2617 3970 est
2654 3922 2903 3994 solemni&

1663 3996 1824 4053 quintae
1846 3997 1977 4050 seriae,
2004 3997 2294 4056 etprocessio
2313 3999 2521 4044 translata
2543 3998 2685 4044 estad
2706 3997 2902 4142 Domi}

1663 4080 1776 4114 cam.
1801 4067 1923 4115 Unde
1963 4071 2138 4127 dicitur,
2161 4073 2276 4129 quod
2316 4073 2470 4130 quinta
2498 4071 2606 4118 feria
2627 4076 2812 4130 cognata
2863 4060 2882 4132 J

1661 4139 1905 4187 Dominicae.
2845 4122 2913 4221 ηις

2863 4320 2893 4353 ιι

2870 4400 2915 4432 ὅόι

2861 4452 2894 4497 ul·
