2924 4588
75 224 93 268 ¹
101 224 180 268 525

685 222 942 270 HISTORIA
972 225 1359 273 SCHOLASTICA.
1392 255 1436 264 -
1471 231 1612 276 LIBRI
1639 231 2084 287 MACHABAEORUN..

2495 248 2597 293 1520

66 315 151 359 Alii
175 319 349 359 tradunt
370 313 480 359 duas
503 326 600 359 esse
626 314 857 368 dictiones,
877 329 928 362 eo
951 318 1066 374 quod
1094 319 1170 362 tali
1191 324 1302 363 tem·
1323 323 1357 367 A
1378 319 1533 376 legitur
1559 323 1848 369 intermissum
1872 328 2003 373 fuisse
2026 343 2203 386 regnum
2226 344 2360 391 usqne
2382 336 2439 379 ad
2452 336 2600 380 llirca-

67 398 174 444 pore
192 378 348 432 collata
367 386 454 431 sint
476 398 576 432 ossa
593 387 704 443 ejus.

118 459 174 479 '³
196 457 384 503 Addicto.
423 458 468 501 Ξ.
508 457 620 504 Hinc
650 459 783 505 habes
816 462 1143 516 auctoritatem,
1177 465 1294 520 quod

24 559 27 562 >
65 531 230 576 animas
268 535 519 575 sanctorum
550 531 786 589 efflagitare
817 533 1048 586 debemus,
1074 536 1188 590 quod
1221 549 1298 592 pro

64 603 188 648 nobis
233 609 358 647 orent
392 603 761 656 etintercedant:
789 617 867 660 per
887 606 999 661 quod
1022 607 1298 652 confutantur

62 674 222 729 ludaei,
261 675 334 732 qui
377 682 536 732 negant
575 676 763 734 alicujus
801 684 1050 722 sanctorum
1088 669 1293 724 auxilium

62 747 406 804 deposcendum.

142 854 244 899 Car.
271 853 324 898 Η.
355 854 415 899 De
436 856 789 901 commendatione
809 856 988 903 Ioannis
1017 859 1208 903 Ilii-cani.

116 954 286 998 Mortuo
319 953 520 1007 Simone,
556 956 632 1011 qui
666 957 847 1002 ultimus
884 959 1074 1016 quinque
1111 959 1294 1004 filiorum

61 1027 306 1071 mathathiae
337 1025 579 1072 Asamonaei
612 1029 726 1081 dux,
762 1036 803 1074 et
839 1031 1043 1075 sacerdos
1079 1031 1217 1075 fuerat
1251 1034 1293 1075 in

59 1096 228 1148 Judaea,
256 1099 466 1143 successit
488 1099 527 1143 ei
551 1099 664 1144 iilius
689 1101 783 1156 ejus
807 1099 1016 1155 Joannes,
1041 1103 1295 1158 cognomine

59 1168 274 1214 Hircanus
294 1181 318 1212 a
335 1169 516 1214 devictis
531 1169 730 1216 Hircanis
752 1172 765 1227 (
783 1172 803 1214 1
818 1172 863 1215 M
867 1173 1010 1217 achab.
1031 1174 1125 1231 xvi)
1138 1205 1151 1224 ‚
1169 1185 1300 1230 quem.

57 1241 271 1299 Iosephus
293 1243 337 1287 in
360 1243 501 1288 tribus
529 1245 829 1297 commendat,
857 1246 898 1289 in
924 1247 1129 1302 religione
1152 1257 1291 1290 sacer-

58 1315 164 1360 dotii
180 1312 262 1368 ‚in
293 1315 547 1361 strenuitate
571 1316 754 1361 ducatus
770 1350 780 1370 ,
805 1323 848 1363 et
871 1318 972 1373 quia
998 1319 1061 1362 vir
1085 1318 1291 1373 propheta

1376 404 1508 436 num:
1533 402 1575 439 et
1595 395 1891 451 Aristobulu'm
1923 402 2215 456 intransitive,
2242 404 2284 448 id
2305 412 2523 464 estusque
2549 410 2601 451 ad

1373 464 1667 511 Aristobulum
1694 468 1882 514 Hircani.
1905 472 1992 516 Nec
2013 479 2180 519 tantum
2210 479 2401 533 regnavit
2433 479 2599 523 Aristo-

1373 535 1500 581 bulus
1522 539 1605 583 nisi
1630 551 1705 595 per
1729 553 1905 595 annum,
1940 558 1992 589 co
2017 549 2131 602 quod
2159 555 2336 593 matrem
2366 550 2477 596 fame
2501 564 2598 606 per-

1372 616 1532 652 emerat
1565 610 1608 653 in
1642 612 1840 658 vinculis.
1864 614 2055 672 Cumque
2081 625 2305 675 aegrotaret
2326 620 2596 669 Aristobulus

1374 679 1416 721 in
1440 684 1583 733 turre,
1613 695 1710 737 quae
1741 690 1837 738 post
1867 686 1919 730 ab
1946 686 2113 733 Herode
2140 691 2254 734 dicta
2282 699 2348 736 est
2379 692 2563 739 Antonia
2580 726 2592 743 0

1372 749 1538 792 redibat
1567 751 1807 807 Antigonus
1829 755 1882 798 dc
1904 755 2100 809 Galilaea,
2138 760 2182 802 in
2210 772 2294 815 qua
2326 762 2460 805 multa
2490 775 2595 819 prae-

1372 820 1486 864 clare
1509 821 1693 875 fecerat,
1718 825 1896 870 indutus
1927 829 2050 873 novis
2077 831 2242 882 armis,
2267 838 2310 875 et
2328 832 2593 885 decentibus.

1373 889 1568 945 Cumque
1588 892 1886 948 ingrederetur
1906 890 2142 943 Jerusalem
2176 902 2221 944 in
2256 901 2405 946 diebus
2436 901 2596 947 Sceno-

1371 961 1594 1015 pegiarum
1617 963 1672 1007 ob
1693 963 1899 1009 honorem
1921 967 2091 1023 fratris,
2118 977 2159 1014 et
2182 978 2227 1014 ut
2248 978 2484 1018 ostentaret
2517 975 2594 1019 de-

1372 1044 1514 1077 corem
1553 1045 1768 1080 armorum
1805 1039 1985 1093 populo,
2022 1047 2211 1087 armatus
2246 1044 2433 1088 intravit.
2473 1045 2595 1097 Quod

1370 1101 1563 1147 videntes
1582 1106 1724 1149 aemuli
1748 1106 1899 1162 ipsius,
1922 1116 1964 1152 et
1987 1110 2171 1155 maxime
2191 1125 2298 1156 uxor
2320 1113 2482 1167 fratris,
2501 1129 2598 1171 quae

1371 1175 1520 1218 oculos
1545 1176 1590 1218 in
1609 1188 1708 1220 eum
1734 1178 1963 1233 injecerat,
1991 1181 2065 1225 sed
2090 1183 2180 1237 ipse
2202 1184 2242 1227 ei
2265 1195 2485 1229 assensum
2510 1198 2593 1230 non

1370 1245 1614 1300 praebebat,
1644 1249 1904 1293 accusabant
1942 1261 2038 1295 eum
2057 1283 2068 1302 ‚
2098 1252 2289 1297 dicentes
2317 1254 2592 1299 Aristobulo:

1374 1331 1388 1356 ι
1406 1315 1580 1361 Fratrer
1603 1324 1704 1363 tuus
1727 1320 1908 1365 audiens
1931 1327 1973 1365 te
1995 1329 2269 1378 aegrotantem
2294 1325 2339 1368 in
2360 1337 2487 1369 manu
2511 1327 2597 1370 sor-

55 1395 163 1434 erat.
197 1387 278 1441 Qui
310 1388 532 1432 insecutus
565 1394 632 1432 est
667 1387 971 1440 Ptolemaeum,
1011 1386 1084 1444 qui
1126 1395 1288 1444 patrem
1315 1401 1347 1447 B
1369 1387 1427 1438 ti,
1453 1394 1496 1432 et
1528 1399 1692 1434 armata
1726 1391 1929 1443 intravit,
1964 1399 2012 1436 ut
2046 1399 2087 1438 te
2115 1396 2323 1449 perimat,
2357 1403 2399 1440 et
2431 1406 2596 1454 regnet.

54 1460 151 1518 ejus
172 1461 272 1505 dolo
293 1459 566 1505 interfecerat
582 1492 594 1512 ,
614 1467 879 1516 matremque
897 1462 991 1516 ejus
1009 1472 1105 1504 cum
1124 1459 1292 1503 duobus

55 1533 248 1591 parvulis
271 1533 446 1586 tenebat
469 1534 513 1576 in
538 1534 726 1578 vinculis
742 1566 752 1585 ‚
777 1539 818 1578 et
849 1533 1103 1588 confugerat
1133 1532 1184 1575 ad
1216 1545 1292 1588 op-

56 1606 205 1663 pidum
227 1606 342 1650 ultra
365 1604 613 1650 Jericbonta
637 1605 752 1662 quod
787 1605 907 1662 Agon
935 1604 1182 1648 vocabatur.
1206 1603 1292 1647 ob-

29 1723 32 1727 ,
55 1686 179 1721 sesso
200 1674 374 1731 quidem
407 1674 567 1730 oppido
591 1687 690 1718 cum
725 1674 918 1720 ¹loannesv
943 1675 1086 1719 acrius
1118 1674 1291 1719 insiste·

54 1744 162 1798 bar,
189 1742 452 1790 Ptolemaeus
477 1751 656 1790 matrem
687 1745 894 1800 Joannis,
913 1753 956 1791 et
982 1747 1136 1790 fratres
1163 1750 1297 1803 super

53 1827 227 1867 muros,
270 1826 407 1872 usque
441 1815 494 1860 ad
528 1818 750 1873 sanguinis
791 1817 1042 1863 effusionem
1075 1818 1288 1869 caedebat,

53 1887 304 1945 fractusque
346 1889 506 1945 pietate
552 1887 742 1936 Joannes
786 1890 841 1933 ab
883 1889 1209 1946 impugnatione·
1243 1900 1292 1932 se

53 1960 333 2017 temperabat.
370 1960 505 2004 Matre
540 1967 683 2005 tamen
721 1961 959 2013 clamante,
983 1971 1038 2004 ne
1060 1970 1138 2015 pro
1160 1971 1208 2003 se
1231 1960 1291 2004 si-

52 2039 173 2078 neret
193 2033 336 2077 scelus
355 2032 572 2076 Ptolemaei
594 2033 808 2086 inultum;
832 2038 1014 2076 mortem
1033 2032 1148 2076 enim
1169 2043 1289 2076 suam

51 2106 116 2151 sic
137 2105 347 2150 indicaret
370 2106 692 2150 immortalitate
715 2105 952 2149 meliorem.
974 2103 1042 2149 Ob
1076 2104 1158 2148 boc
1190 2104 1289 2148 diu·

51 2178 139 2223 tius
163 2174 346 2222 tractata
369 2177 595 2223 obsidione
629 2179 838 2234 septimus
863 2177 1034 2221 advenit
1057 2176 1196 2222 annus
1229 2178 1292 2222 fe·

50 2251 187 2294 riatus
213 2261 237 2293 a
261 2247 438 2294 ludaeis.
457 2249 740 2306 Recessitque
762 2250 816 2294 ab
837 2249 1062 2294 obsidione
1077 2249 1291 2302 loannes,

0 2316 1 2371 ἕ
52 2320 310 2367 Ptolemaeus
336 2333 438 2365 vero
462 2327 601 2366 matre
620 2321 783 2378 ipsius,
809 2327 851 2366 et
877 2321 1083 2367 iratribus
1104 2322 1286 2374 occisis,

0 2409 1 2439 l
53 2395 248 2452 confugit
273 2395 326 2438 ad
351 2394 567 2439 Zenonem
593 2395 899 2451 philadelphiae
932 2396 1288 2451 tyrannum‚'qui

50 2468 190 2515 cotila
223 2469 626 2525 cognominabatur.
1028 2455 1032 2457 ’

162 2571 264 2617 Car.
297 2571 367 2617 ΙΙΙ.
399 2574 460 2617 De
490 2573 747 2617 institutione
786 2571 1174 2623 Xenodochioram‚

421 2636 460 2673 et
495 2630 545 2673 de
583 2627 928 2673 morte-loannis.

109 2718 215 2765 Post
235 2720 319 2765 hoc
343 2719 583 2765 Antiochus
615 2718 824 2769 Ponticus
856 2730 933 2761 rex
961 2715 1094 2774 Syriae
1124 2715 1292 2761 obsedit

52 2793 308 2839 Jerusalem.
336 2792 623 2846 Quamobrem
648 2780 816 2848 aperuit
841 2789 1063 2834 Hircanus
1100 2789 1208 2833 duos
1239 2789 1291 2832 de

0 2904 1 2908 ,
54 2875 154 2913 octo
178 2867 331 2912 loculis
351 2865 735 2910 circumstantibus
769 2863 1016 2920 sepulcrum
1050 2861 1213 2912 David,
1250 2866 1292 2903 et

0 2951 1 2964 ¹
55 2941 228 2985 sustulit
249 2953 301 2985 ex
326 2941 392 2984 eis
417 2941 646 2996 plusquam
669 2936 751 2980 tria
770 2935 905 2979 millia
936 2935 1194 2978 talentorum
1217 2932 1292 2975 de·

53 3014 203 3071 ditque
226 3019 421 3058 trecenta
443 3013 605 3056 talenta
628 3009 840 3053 Antiocho
858 3039 870 3059 ,
906 3013 951 3050 ut
986 3007 1039 3050 ab
1070 3005 1293 3050 obsidione

56 3088 294 3133 recederet.
321 3086 374 3129 Et
398 3092 446 3129 ut
470 3086 663 3142 placaret
684 3093 880 3127 murmur
911 3080 1055 3137 populi
1089 3079 1142 3124 de
1171 3090 1294 3134 aper-

0 3192 1 3219 2
55 3161 172 3204 tione
195 3159 383 3216 sepulcri
403 3188 415 3211 ,
439 3159 493 3203 de
517 3158 681 3214 reliqua
705 3155 887 3211 pecunia
910 3155 1075 3210 primus
1108 3150 1294 3203 instituit

0 3221 1 3229 ἵ
56 3234 321 3280 xenodochia
343 3244 578 3291 pauperum
603 3231 646 3274 in
670 3229 929 3275 Jerusalem.
962 3225 1197 3270 Samariam
1222 3235 1295 3265 ca-

57 3315 172 3366 ptam
199 3308 292 3353 solo
308 3306 519 3364 aequavit,
546 3315 674 3360 quam
699 3309 798 3359 post
824 3300 1016 3345 Herodes
1043 3299 1294 3341 instaurans

61 3380 284 3426 Sebastem
306 3380 432 3424 dixit.
471 3378 666 3422 Mortuus
696 3381 761 3418 est
796 3379 936 3416 autem
972 3370 1158 3414 loannes
1177 3401 1187 3419 ,
1217 3369 1295 3410 tri-

59 3455 176 3511 ginta
203 3454 339 3497 tribus
365 3452 490 3495 aunis
513 3450 643 3494 rebus
667 3448 827 3504 optime
851 3444 1191 3491 administratis,
1227 3453 1306 3484 re-v

60 3527 172 3571 lictis
212 3526 402 3582 quinque
443 3522 572 3573 tiliis,
615 3519 862 3563 Aristobulo
907 3513 1218 3572 primogenito,
1254 3517 1295 3554 et
1321 3505 1354 3548 D

60 3598 278 3656 Antigono
314 3609 414 3641 eum
452 3595 593 3640 tribus
632 3592 888 3636 minoribus.
925 3588 1119 3642 Cumque
1152 3583 1295 3627 nullus

64 3682 211 3715 eorum
246 3668 299 3712 ad
335 3665 570 3723 regendum
602 3663 807 3721 populum
844 3659 1079 3708 sufficeret,
1121 3665 1294 3698 uxorem

62 3754 185 3788 suam
208 3740 537 3786 disertissimam
558 3735 715 3781 Judaeae
737 3732 929 3791 praefecit
951 3736 992 3773 et
1017 3729 1130 3772 tiliis.

202 3846 306 3892 Car.
330 3844 401 3889 iv.
427 3843 488 3887 De
509 3830 765 3886 restitutione
789 3837 902 3893 requi
916 3835 943 3877 J
949 3833 1161 3876 udaeorum

477 3911 549 3953 per
572 3893 874 3941 Aristobulum.

121 3990 394 4035 Aristobulus
415 3997 519 4032 vero
538 3984 762 4040 impatiens
780 3978 957 4023 dominii
979 3974 1185 4025 materni,
1211 3984 1299 4015 ma-

67 4071 176 4109 trem
197 4075 296 4107 cum
318 4062 461 4105 tribus
484 4057 691 4101 tratri-bus
714 4053 953 4098 minoribus
991 4047 1223 4092 vinculavit
1256 4046 1303 4088 in.

67 4147 309 4185 carcerem,
329 4140 372 4178 et
394 4132 654 4187 Antigonum
672 4160 682 4179 ‚
702 4138 826 4184 quem
848 4123 1047 4178 diligebat
1067 4119 1299 4164 secundum

69 4220 95 4252 a
117 4220 163 4254 se
187 4205 425 4252 ccnstituit.·
450 4202 739 4258 Imposuitque
776 4197 857 4239 sibi
876 4194 1068 4237 diadema
1084 4223 1094 4241 ,
1111 4195 1152 4233 et
1172 4188 1292 4232 resti·

72 4284 213 4322 tutum
245 4283 311 4321 est
333 4268 511 4332 regnum
542 4271 714 4315 Judaeae.
746 4267 977 4311 Fluxerant
1003 4269 1143 4306 autem
1171 4272 1192 4301 a
1226 4258 1302 4338 δεῖ

72 4343 192 4395 dcc-ia
210 4382 221 4400 ‚
245 4350 327 4394 sub
347 4359 434 4403 quo
465 4355 647 4401 regnum
679 4342 820 4384 suerat
853 4338 1136 4389 interruptum
1154 4362 1165 4381 ‚
1203 4342 1302 4372 anni

73 4420 373 4479 quadringenti
397 4418 663 4474 septuaginta
693 4413 880 4468 quinque
896 4442 907 4461 ‚
928 4414 970 4450 ct
987 4410 1267 4462 mc-nsesftrcs
1288 4432 1300 4448 .

78 4495 143 4540 vel
177 4506 198 4536 a
234 4493 375 4538 reditu
408 4492 461 4536 de
496 4489 741 4545 captivitate
774 4480 1015 4539 Babylonis.
1048 4475 1164 4520 Unde
1194 4484 1303 4528 saepe

1372 1455 1492 1508 Quod
1515 1460 1574 1502 ita
1597 1462 1782 1516 probare
1804 1468 1941 1517 potes.
1976 1462 2086 1508 «lube
2107 1477 2203 1508 eum
2226 1467 2371 1510 venire
2397 1467 2449 1510 ad
2473 1475 2536 1519 te,
2561 1469 2597 1512 si

1370 1530 1534 1572 venerit
1570 1537 1763 1576 armatus
1778 1566 1789 1585 ‚
1831 1545 1960 1588 super
1997 1534 2066 1578 his
2102 1548 2196 1590 quae
2230 1536 2410 1581 dicimus
2454 1545 2599 1583 certus

1370 1606 1481 1643 esto.
1505 1615 1519 1641 i
1547 1599 1699 1645 Posuit
1722 1615 1825 1658 ergo
1849 1604 1903 1647 ad
1927 1606 2243 1662 suggestionem
2267 1609 2416 1653 uxoris
2435 1607 2596 1653 Aristo-

1370 1668 1499 1713 buius
1522 1675 1713 1715 armatos
1735 1673 1778 1715 in
1801 1674 2097 1727 subterraneo,
2120 1677 2192 1731 qui
2212 1676 2366 1733 Pirgus
2385 1677 2599 1723 Stratonis

1371 1739 1596 1784 dicebatur
1618 1754 1695 1798 per
1715 1756 1844 1799 quem
1877 1744 2121 1802 Antigonus
2143 1749 2375 1802 ⁴transitum
2407 1749 2598 1796 facturus

1370 1815 1481 1861 erat,
1506 1811 1598 1866 qui,
1626 1813 1668 1856 s'r
1685 1814 1848 1859 veniret
1874 1821 2084 1868 armatus,
2107 1828 2202 1860 eum
2226 1810 2527 1862 interficerent.
2547 1818 2601 1862 Et

1370 1881 1584 1926 advocans
1604 1883 1782 1928 fratrem
1802 1885 2084 1931 Aristobulus
2106 1889 2308 1942 praecepit
2338 1890 2516 1940 nuntio,
2552 1895 2601 1932 ut

1369 1951 1531 1996 diceret
1548 1954 1588 1997 ei
1604 1985 1617 2007 ,
1638 1967 1691 1999 ne
1711 1957 1875 2000 venIret
1899 1963 2111 2002 armatus.
2139 1957 2222 2001 Sed
2244 1958 2390 2014 regina
2409 1961 2601 2015 corrupit

1369 2025 1566 2067 nuntium
1590 2027 1842 2072 muneribus
1857 2059 1869 2079 ,
1895 2029 2128 2072 undiceret
2151 2028 2188 2071 ei
2210 2028 2324 2084 quod
2345 2040 2442 2072 cum
2466 2031 2600 2073 armis

1369 2096 1672 2152 descenderet3
1697 2100 1918 2144 affectaret
1939 2101 2054 2144 euim
2077 2112 2175 2144 eum
2200 2113 2274 2144 rex
2297 2100 2442 2144 videre
2463 2101 2506 2143 in
2530 2113 2599 2144 ar·

1369 2178 1537 2210 morum
1566 2170 1738 2215 decore.

1674 2240 1775 2285 Car.
1802 2240 1852 2284 V.
1882 2241 1940 2283 De
1965 2252 2057 2283 nece
2081 2239 2291 2295 Antigoni.

1425 2317 1527 2360 Erat
1546 2321 1687 2359 autem
1707 2326 1758 2358 eo
1779 2320 1968 2369 tempore
1992 2313 2034 2356 in
2053 2310 2287 2356 Jerusalem
2309 2313 2601 2368 genethliacus

1367 2387 1569 2444 quidam,
1592 2385 1725 2430 «ludas
1756 2386 1928 2428 nomine
1944 2415 1956 2435 ,
1980 2383 2033 2430 de
2058 2382 2210 2426 haeresi
2243 2382 2472 2427 Esseorum
2488 2416 2499 2436 ‚
2524 2385 2605 2439 qui

1369 2474 1445 2517 per
1479 2459 1846 2504 constellationem
1882 2455 2085 2500 indicavit
2115 2455 2167 2498 de
2195 2455 2418 2498 nativitate
2446 2467 2600 2510 puero-

1371 2546 1468 2577 rum
1485 2566 1496 2586 ,
1524 2532 1596 2588 qui
1620 2528 1895 2575 scholasticis
1919 2529 2011 2572 suis
2035 2533 2126 2571 arte
2158 2537 2236 2571 sua
2268 2525 2523 2582 praedixerat
2546 2526 2599 2569 de

1369 2611 1508 2648 morte
1531 2604 1749 2659 Antigoni,
1775 2609 1817 2645 et
1840 2600 1951 2644 diem
1969 2605 2012 2644 et
2034 2599 2191 2643 locum.
2214 2597 2272 2651 ls,
2297 2610 2398 2641 cum
2418 2597 2598 2641 vidisset

1369 2678 1630 2734 Antigonum
1646 2677 1690 2719 in
1707 2676 1838 2718 armis
1857 2674 2124 2730 gloriantem,
2148 2671 2429 2716 exclamavit:
2448 2669 2595 2726 Papael

1368 2751 1492 2794 Nunc
1526 2750 1630 2793 mihi
1666 2748 1892 2804 pulchrum
1925 2744 2164 2794 est'ssmori⁹
2195 2743 2368 2798 quando
2404 2748 2503 2786 ante
2529 2754 2598 2786 me

1374 2825 1535 2868 veritas
1562 2822 1727 2866 interiit
1750 2824 2028 2874 mearumque
2065 2817 2389 2873 praedictionum
2421 2815 2596 2870 aliquod

1370 2895 1642 2940 mendacium
1664 2891 1974 2948 deprehensum
1995 2895 2076 2934 est.
2097 2887 2465 2943 VivitAntigonus
2482 2887 2564 2930 iste
2578 2915 2591 2936 .

1371 2968 1444 3022 qui
1472 2964 1599 3009 bodie
1622 2965 1859 3007 moriturus
1880 2969 1973 3005 erat
1996 2961 2039 3003 in
2062 2960 2190 3015 Pirgo
2215 2957 2444 3002 Stratonis.
2474 2971 2490 2998 ι
2511 2955 2598 2999 Lo·

1370 3052 1447 3083 cus
1469 3043 1612 3082 autem
1631 3037 1702 3079 ille
1724 3035 1880 3078 abhinc
1900 3032 2112 3077 sexcentis
2134 3030 2283 3075 stadiis
2302 3029 2461 3079 distat,
2481 3028 2599 3072 hora

1370 3119 1473 3156 vero
1495 3110 1581 3154 diei
1604 3114 1707 3152 sunt
1730 3112 1930 3161 quatuor.
1956 3119 1972 3146 i
1997 3103 2190 3159 Cumque
2221 3102 2286 3147 sic
2312 3097 2495 3156 'ejularet
2524 3111 2597 3143 se-

1372 3196 1455 3227 nex
1476 3214 1488 3234 ‚
1516 3181 1645 3237 paulo
1667 3185 1765 3234 post
1788 3179 1959 3220 occisus
1981 3179 2048 3219 est
2070 3174 2310 3228 Antigonus
2330 3182 2427 3215 cum
2458 3182 2598 3213 arma-

1373 3262 1441 3299 tus
1464 3252 1742 3298 descenderet
1764 3260 1840 3303 per
1861 3246 2032 3302 Pirgum
2058 3243 2271 3287 Stratonis
2286 3273 2298 3294 ‚
2326 3254 2457 3296 seque
2477 3241 2594 3284 loco-

1371 3339 1468 3371 rum
1490 3323 1829 3380 aequivocatione
1857 3330 1987 3363 senex
2006 3315 2179 3372 agnovit
2203 3314 2334 3357 fuisse
2356 3313 2593 3366 deceptum.

1373 3399 1564 3444 Audiens
1586 3401 1729 3440 autem
1749 3405 1823 3436 rex
1855 3397 2034 3434 mortem
2065 3387 2210 3430 fratris
2235 3384 2445 3436 indoluit,
2469 3382 2598 3426 adeo·

1375 3483 1458 3528 que
1479 3469 1655 3514 morbus
1674 3465 1869 3509 invaluit,
1895 3468 1941 3503 ut
1966 3459 2231 3514 sanguinem,
2248 3453 2444 3497 laceratis
2467 3453 2598 3496 visce-

1376 3543 1510 3593 ribus,
1533 3541 1762 3584 evomeret.
1783 3534 1916 3586 Quem
1930 3543 2042 3574 unus
2062 3530 2115 3572 de
2139 3527 2318 3571 servulis
2342 3525 2441 3567 huic
2461 3523 2596 3567 officio

1375 3613 1616 3656 destinatus
1650 3607 1766 3650 i'oras
1798 3604 2003 3652 efferens,
2048 3599 2123 3642 ubi
2154 3596 2392 3652 Antigonus
2426 3594 2597 3637 occisus

1375 3684 1515 3727 fuerat
1531 3712 1543 3733 ,
1567 3692 1671 3724 casu
1691 3675 1848 3721 *effudit
1872 3684 1999 3727 super
2022 3670 2162 3712 adhuc
2186 3671 2405 3711 exstantes
2428 3664 2597 3707 cruoris

1375 3754 1584 3798 maculas.
1604 3747 1724 3802 Quod
1746 3746 1896 3790 videns
1916 3742 2096 3799 populus
2114 3736 2365 3784 exclamavit
2385 3735 2598 3778 affirmans

1376 3833 1494 3870 nutuv⁴
1514 3823 1588 3867 Dei
1626 3823 1669 3865 in
1702 3817 1833 3862 occisi
1879 3815 2107 3864 ultionem,
2135 3808 2380 3863 sanguinem
2421 3806 2597 3847 libatum

1378 3895 1600 3943 occisoris.
1621 3892 1813 3945 Cumque
1843 3897 2015 3930 causam
2034 3881 2235 3926 clamoris
2252 3891 2326 3921 rex
2358 3876 2599 3920 sciscitata-

1378 3978 1463 4021 tur,
1483 3967 1710 4020 nullusque
1727 3963 1767 4005 ei
1786 3960 1960 4003 auderet
1982 3953 2176 4011 prodere,
2195 3950 2367 3994 tandem
2391 3947 2595 3996 minanti,

1379 4053 1457 4098 pro
1492 4036 1784 4083 taciturnitate
1818 4027 2074 4084 supplicium
2094 4056 2106 4077 ,
2129 4033 2276 4067 verum
2299 4019 2411 4075 quod
2436 4026 2525 4061 erat
2558 4018 2598 4060 ei

1380 4111 1695 4155 indicaverunt.
1730 4100 1783 4144 Et
1812 4097 2097 4153 ingemiscens
2131 4092 2206 4134 ait.
2229 4104 2245 4129 ‹
2264 4085 2345 4129 Pas
2365 4098 2451 4129 non
2475 4089 2566 4127 erat
2585 4114 2595 4132 ‚

1379 4190 1426 4225 ut
1463 4180 1539 4224 Dei
1577 4179 1719 4221 lumen
1753 4172 1915 4215 scelera
1950 4176 2044 4209 mea
2075 4164 2286 4210 laterent,
2312 4163 2547 4212 quatenus,
2572 4166 2598 4194 o

1381 4264 1534 4308 corpus
1554 4247 1794 4303 improbum
1811 4273 1825 4294 ,
1845 4239 1971 4284 matri
1991 4234 2203 4289 fratrique
2218 4231 2403 4274 animam
2426 4227 2599 4305 damna-

1381 4333 1475 4367 tam·
1490 4319 1698 4365 detinebis
1740 4315 1911 4358 Utinam
1935 4321 2019 4352 non
2042 4305 2243 4362 paulatim
2266 4301 2328 4345 eis
2348 4308 2595 4355 sanguinem

1381 4405 1522 4439 meum
1547 4391 1690 4440 libem,
1715 4386 1791 4430 sed
1822 4389 1956 4427 totum
1993 4378 2118 4424 simul
2140 4371 2371 4430 accipiant!
2398 4385 2412 4412 i
2436 4367 2504 4422 Et,
2531 4367 2595 4409 his

1383 4468 1527 4518 dictis,
1551 4458 1779 4517 exspiravit
