2924 4588
364 166 442 211 ttn
805 152 833 180 ⁶

363 329 607 369 evanuerunt
632 335 670 361 m
695 312 1003 371 conflationibus
1030 309 1138 358 sitis,
1159 307 1239 348 hoe
1271 301 1435 358 plenius
1459 303 1576 352 post·

366 395 531 440 modum
557 390 790 436 subintulit,
813 386 986 426 dicentes
1010 394 1051 422 se
1065 391 1150 421 esse
1165 376 1379 430 sopientes.
1399 366 1576 423 thuotl

367 469 546 525 primum
569 464 698 511 dixit
726 461 983 502 obscuratum
1004 459 1063 495 est
1088 449 1280 504 insipiens
1306 457 1375 486 cor
1407 452 1574 489 eorum,

367 541 444 583 hoc
474 537 656 593 apertius
679 530 911 586 subjunxit,
935 523 1164 578 stultisacti
1182 527 1290 562 sunt.
1314 515 1417 558 Nam
1435 514 1487 555 de
1504 520 1578 554 va-

367 613 495 654 nitate
522 604 787 662 cogitationis
817 603 1024 643 venerunt
1059 595 1110 637 ad
1144 588 1427 645 arrogantiam
1470 584 1575 634 oris,

368 690 412 726 ut
432 694 482 725 ex
505 676 758 723 abundantia
792 671 934 714 cordis
961 681 1010 712 os
1039 667 1298 721 loqueretur
1328 658 1379 701 Et
1416 657 1469 701 de
1500 656 1578 698 ob-

367 753 564 798 scuritate
585 748 726 792 cordis
755 749 956 788 venerunt
989 739 1039 782 ad
1070 736 1292 781 stultitiam
1321 731 1487 786 operis,
1531 733 1578 770 ut

368 826 485 882 prius
520 833 594 878 per
628 817 906 875 ignorantiam
945 814 1282 856 excaecarentur,
1314 802 1467 846 deinde
1501 812 1578 855 per

368 896 571 941 luxuriam
595 893 894 948 polluerentur.

421 969 471 1012 Χ.
498 966 567 1010 Sic
587 966 697 1008 enim
740 974 865 1017 saepe,
889 960 972 1002 imo
1008 967 1114 1012 pene
1150 963 1318 1007 semper
1351 946 1574 1003 contingit.

367 1040 472 1093 Quia
494 1050 587 1081 cum
619 1034 929 1078 contaminatur
967 1027 1113 1076 radix,
1140 1036 1224 1068 non
1248 1026 1384 1078 potest
1419 1020 1579 1074 integer

365 1125 458 1156 esse
479 1121 637 1160 ramus,
675 1113 715 1150 et
742 1118 835 1148 cum
865 1103 1037 1146 vitiatur
1069 1096 1181 1155 quod
1205 1096 1285 1140 sub
1317 1100 1428 1137 terra
1453 1091 1579 1134 deor·

367 1196 459 1227 sum
487 1187 566 1229 est,
595 1192 676 1222 non
700 1181 976 1221 consertatur
999 1171 1225 1215 inviolatus
1247 1166 1426 1216 fructus,
1445 1163 1574 1219 quiin

368 1253 653 1310 superioribus
677 1257 754 1293 est.
774 1249 825 1292 Et
861 1254 1062 1303 quantum
1088 1254 1167 1299 pro
1194 1240 1380 1284 vanitate
1411 1237 1574 1292 cogita-

366 1326 495 1369 tionis
513 1326 780 1367 obscuratum
803 1326 867 1363 est
892 1318 1095 1374 insipiens
1124 1326 1199 1356 cor
1222 1323 1385 1360 eorum,
1410 1315 1573 1352 tantum

367 1398 601 1442 dicentibus
620 1397 697 1451 ipsi
732 1407 775 1438 se
798 1405 891 1437 esse
914 1391 1141 1446 sapientes,
1173 1386 1290 1430 stulti
1326 1383 1423 1426 sacti
1458 1386 1573 1426 sunt.

366 1469 518 1513 Audite
539 1474 755 1524 quantum.
781 1465 833 1507 Et
852 1466 1192 1509 immutaverunt,
1227 1456 1376 1511 inquit,
1402 1454 1576 1510 ytoriam

366 1541 677 1595 incorruptibilis
697 1539 770 1581 Dei
785 1571 794 1588 ,
816 1540 856 1580 in
886 1533 1194 1579 similitudinem
1224 1530 1414 1584 imayim's
1432 1539 1576 1570 corru-

364 1613 516 1669 ptibilia
534 1613 722 1661 hominis,
737 1618 774 1654 et
787 1610 991 1653 volucrum
1003 1639 1014 1657 ,
1030 1613 1068 1649 et
1085 1603 1391 1662 quadrupedum
1404 1634 1415 1651 ‚
1434 1609 1472 1643 et
1489 1613 1577 1643 ser·

364 1686 542 1740 peantium
565 1684 698 1741 (ibid,
722 1682 808 1736 23).
837 1679 938 1733 Quae
959 1678 1094 1734 major
1113 1689 1209 1721 esse
1229 1680 1368 1731 potest
1383 1673 1577 1718 obscuri·

366 1761 431 1800 tas
452 1754 601 1798 cordis
620 1750 884 1808 insipientis?
908 1749 1008 1802 Quae
1039 1748 1174 1803 maior
1195 1745 1373 1789 stultitia
1403 1743 1544 1800 operis
1560 1774 1573 1796 ,

364 1838 488 1882 quam
511 1833 554 1867 ut
577 1833 742 1867 creator
763 1820 1096 1877 incorruptibilis
1119 1819 1162 1861 in
1182 1824 1419 1884 creaturam
1438 1820 1576 1858 mute·

364 1905 432 1940 tut·
454 1895 765 1951 corruptibilem
787 1909 795 1935 :
821 1899 862 1935 et
878 1905 961 1935 non
986 1900 1068 1934 tam
1099 1891 1140 1933 in
1177 1896 1414 1932 creaturam
1447 1898 1574 1943 quam

363 1969 407 2012 in
428 1974 630 2013 creaturae
651 1965 905 2022 imaginem?
929 1964 978 2006 Et
1006 1965 1103 2019 'quae
1130 1974 1292 2006 merces
1322 1965 1451 2003 tantae
1480 1959 1574 2002 bla-

363 2039 587 2096 aphemiae?
604 2038 773 2093 Propter
787 2036 892 2094 quod
912 2034 1097 2085 tradidit,
1124 2034 1275 2090 inquit,
1295 2033 1387 2075 illos
1406 2031 1514 2074 Deus
1531 2030 1577 2074 in

364 2111 574 2167 reprobum
588 2124 762 2160 tensum,
777 2117 814 2152 et
833 2111 871 2151 iu
890 2107 1091 2151 desideria
1103 2106 1238 2149 cordia
1252 2107 1315 2149 sui
1332 2103 1433 2162 (ibid
1441 2139 1449 2147 .
1459 2137 1468 2155 ,
1483 2102 1572 2160 2⁴).

362 2182 415 2227 Et
438 2190 528 2239 post
551 2195 680 2238 pauca
702 2198 711 2225 :
739 2182 911 2237 Propter
939 2180 1043 2235 quod
1069 2178 1238 2222 tradidit
1273 2178 1368 2221 illos
1392 2177 1497 2219 Deua
1530 2176 1573 2219 in

362 2258 565 2311 portiones
596 2256 824 2311 ignominiae
857 2254 990 2310 (ibid,
1020 2253 1108 2309 26).
1134 2252 1184 2295 Et
1220 2253 1319 2295 item
1346 2267 1355 2293 :
1387 2249 1440 2292 E't
1466 2251 1572 2293 sicut

364 2341 442 2370 non
464 2327 728 2383 probaverunt
744 2326 888 2369 habere
904 2325 1032 2368 Deum
1048 2326 1088 2367 in
1112 2324 1272 2375 notitia,
1293 2322 1461 2365 tradidit
1478 2322 1572 2365 illos

365 2398 472 2442 Deus
494 2400 533 2441 in
557 2398 766 2453 reprobum
785 2411 960 2446 semum,
980 2406 1022 2438 ut
1046 2396 1200 2451 saciant
1221 2409 1310 2451 quoe
1330 2408 1411 2438 non
1430 2407 1573 2438 conve-

364 2470 496 2520 niunt,
524 2470 690 2524 repletos
707 2470 815 2510 01111ιί
833 2469 1043 2524 iniquitate
1059 2467 1194 2524 (ibid,
1209 2467 1296 2522 28).

418 2540 485 2584 ΧΙ.
505 2541 800 2590 Considerate,
825 2552 983 2595 quaeso,
1009 2541 1267 2583 incrementa
1303 2538 1567 2594 perditionis.

364 2614 471 2667 Quia
487 2615 596 2669 qnod
621 2626 747 2670 super
769 2626 813 2657 se
830 2615 999 2656 emicuit
1023 2615 1179 2663 lumen,
1206 2613 1421 2656 humiliter
1437 2613 1573 2656 hono-

364 2696 457 2727 rare
481 2686 729 2735 noluerunt,
763 2684 812 2727 ad
848 2683 1087 2739 superbiam
1123 2685 1276 2727 mentis
1302 2690 1567 2728 corruerunt.

364 2755 414 2799 Et
440 2756 490 2799 de
524 2755 721 2811 superbia
763 2755 916 2799 mentis
953 2759 1156 2799 venerunt
1195 2754 1246 2798 ad
1286 2755 1572 2811 arrogantiam

363 2827 467 2877 oris,
487 2827 583 2881 quia
598 2839 647 2868 ex
668 2825 920 2870 «invidentia
941 2827 1076 2869 cordis
1099 2840 1142 2869 os
1161 2826 1341 2882 loquitur
1359 2825 1476 2884 (Luc.
1503 2840 1569 2879 vt,

364 2897 448 2954 ts).
474 2898 529 2941 De
561 2899 796 2954 arrogantia
830 2909 932 2942 vero
967 2903 1224 2955 proruerunt
1245 2899 1299 2944 ad
1336 2898 1569 2943 cecitatem

364 2972 531 3014 mentis.
555 2971 660 3022 Quia
684 2971 781 3014 dum
806 2971 987 3027 teipsum
1008 2984 1081 3016 ore
1096 2973 1292 3025 extollis,
1319 2971 1436 3028 iusto
1454 2973 1571 3028 judi-

364 3041 431 3083 cio
454 3038 532 3096 [al.
556 3041 673 3095 justo
696 3039 792 3098 Dei]
819 3042 944 3084 etiam
969 3043 1012 3085 in
1044 3051 1182 3086 mente
1204 3044 1401 3087 tenebras
1428 3044 1574 3087 incur-

367 3110 442 3153 ris.
477 3110 533 3155 De
555 3112 742 3155 csecitate
766 3114 918 3156 mentis
942 3113 991 3156 ad
1026 3113 1329 3170 blasphemiam
1367 3122 1572 3159 venerunt

366 3182 538 3231 erroris,
560 3184 673 3238 quia,
691 3183 788 3226 dum
801 3197 884 3240 quo
906 3185 1180 3241 graderentur
1204 3187 1469 3242 ignorabant,
1495 3202 1569 3233 us·

366 3264 446 3309 que
472 3253 522 3296 ad
546 3254 586 3297 id
612 3256 735 3298 etiam
775 3263 1075 3310 pervenerunt,
1114 3265 1161 3302 ut
1203 3259 1428 3304 adorarent
1458 3261 1571 3318 qnod

368 3325 623 3368 nesciebant.
645 3326 704 3368 Ad
721 3334 950 3371 extremum
973 3342 1070 3373 vero
1090 3342 1112 3373 a
1133 3331 1390 3387 blasphemia
1410 3336 1571 3379 erroris

367 3395 420 3439 ad
442 3396 690 3440 horrendam
722 3406 762 3441 et
789 3399 1075 3444 detestandam
1102 3404 1308 3448 submersi
1344 3413 1442 3450 sunt
1474 3420 1570 3451 cor-

367 3469 603 3523 ruptionem
625 3470 779 3514 carnis.
806 3470 890 3514 *ioc
908 3480 971 3516 est
986 3474 1096 3529 quod
1119 3466 1214 3519 dico
1229 3509 1239 3527 ,
1265 3479 1505 3523 charissimi
1528 3488 1572 3525 et

366 3539 709 3585 desideratissimi
735 3542 886 3588 iratres
908 3546 1010 3595 mei,
1035 3548 1133 3603 quia
1156 3562 1240 3592 non
1270 3552 1447 3596 multum
1472 3566 1571 3608 pro—

370 3613 476 3662 dest,
500 3614 609 3670 quod
628 3617 962 3672 apprehendatur
986 3621 1138 3663 veritas
1160 3635 1232 3676 per
1254 3625 1567 3679 cognitionem,

369 3684 450 3727 nisi
472 3690 512 3727 et
543 3695 785 3730 exerceatur
809 3690 941 3731 virtus
972 3703 1045 3745 per
1073 3692 1362 3744 dilectionem,
1384 3702 1428 3738 ut
1453 3709 1569 3740 men-

370 3761 468 3807 tem,
493 3771 614 3812 quam
639 3759 874 3813 praecedens
899 3763 1104 3806 illuminat
1120 3764 1276 3808 veritas
1306 3779 1380 3822 per
1407 3770 1569 3815 intelle·

369 3836 498 3879 ctum,
522 3830 777 3886 subsequens
809 3834 1000 3878 incendat
1035 3837 1220 3882 charitas
1254 3851 1326 3895 per
1359 3841 1566 3886 affectum.

371 3895 488 3942 Unde
510 3907 550 3943 et
570 3902 636 3944 hic
659 3910 877 3959 postquam
908 3908 959 3950 de
983 3906 1158 3953 Domino
1180 3911 1336 3955 dictum
1364 3920 1428 3957 est
1455 3916 1569 3969 quod

371 3972 604 4024 egredietur
626 3973 676 4016 de
699 3973 885 4018 Samaria
909 3978 958 4019 ad
983 3985 1145 4033 portam
1163 4013 1174 4031 ,
1200 3994 1291 4037 quae
1317 3986 1486 4040 respicit
1517 3986 1567 4029 ad

372 4043 590 4091 orientem.
615 4046 755 4088 statim
779 4049 1035 4092 subinfertur
1051 4053 1162 4106 quod
1175 4055 1314 4097 veniat
1328 4062 1368 4098 el.
1385 4057 1427 4098 in
1444 4057 1571 4100 Beth-

373 4112 518 4155 lehem.
539 4113 655 4166 Quod
672 4117 713 4158 in
732 4129 923 4163 sermone
939 4123 1020 4162 alio
1038 4125 1305 4169 ostendemus
1319 4158 1329 4177 ,
1346 4128 1571 4182 adjuvante

374 4182 562 4233 Domino,
586 4186 683 4239 quid
715 4189 793 4237 sit,
813 4189 1016 4243 iactantes
1050 4197 1275 4251 cogitatum
1310 4207 1498 4243 nostrum
1525 4203 1570 4245 in

374 4253 534 4308 ipsum,
558 4256 646 4299 sinc
682 4272 764 4313 quo
793 4262 894 4303 nihil
919 4277 1157 4319 possumus.
1186 4271 1261 4313 Cui
1295 4274 1349 4315 sit
1373 4273 1506 4319 honor
1526 4284 1571 4322 et

375 4327 503 4380 gloria
522 4330 559 4370 in
575 4333 739 4376 saecula.
764 4332 909 4380 Amen.

1597 1287 1633 1330 B

1594 3419 1628 3462 D

1225 140 1289 181 tn
1293 137 1385 181 tut
1406 113 1981 179 Parenos-sinimus

365 262 448 304 tes,
478 247 593 295 stulti·
617 247 717 329 ‘acti
742 240 986 292 sunttibid„
1018 237 1106 288 2⁶2).
1143 233 1263 286 Quod
1295 230 1414 286 prius
1444 223 1573 270 dixit,
1599 224 1635 268 Α

2113 203 2295 253 SERMO
2325 206 2461 269 xm·

1829 298 1930 327 trau
1963 293 2162 326 »nursica
2194 292 2228 329 11
2254 291 2296 322 111
2331 289 2527 322 10111111·το
2553 289 2718 322 notum.
2831 335 2834 337 J

1707 359 1763 400 De
1787 357 2039 411 consessione
2061 359 2322 415 peccatorum
2342 357 2380 392 et
2404 348 2542 393 laudis
2559 349 2726 403 divinat,
2742 357 2783 394 et

2085 407 2205 450 modo
2233 407 2460 462 utriusque.

1657 500 1740 555 50
1763 498 1962 541 Sinonsts
1988 508 2212 539 senuouts.
2226 494 2331 537 -i.
2351 494 2393 536 1ι1
2387 493 2587 539 tellectui
2606 493 2721 550 quod
2743 504 2798 537 v

1711 562 1791 602 est
1809 553 1976 596 ass’ectui
1997 550 2258 614 sapiatquod
2272 550 2431 592 bonum
2444 557 2526 595 est.
2529 549 2638 594 —2.
2657 549 2800 601 Deoc·¹

1713 609 1836 652 tenda
1854 620 1931 652 sua
1955 621 2054 649 ιιιιιι·
2059 619 2147 656 era,
2173 606 2243 648 cui
2267 605 2531 649 confessioni
2552 606 2806 661 opposita

1710 666 1865 708 nabilis
1899 663 2083 719 negatio.
2101 686 2156 693 —-
2175 662 2215 704 5.
2232 660 2458 704 Confessio
2485 674 2604 718 pecc
2592 670 2760 705 ttorum
2796 682 2802 701 t

1710 721 1763 763 lis
1780 733 1873 763 esse
1906 719 2070 762 dene-‘tt
2102 742 2156 749 —-
2176 717 2219 759 4.
2248 716 2283 758 A
2314 723 2539 772 peccatore
2555 718 2692 781 culpae
2718 729 2808 763 suae

1711 773 1999 830 trospicienda
2023 774 2275 817 enormitas.
2293 796 2349 804 ——
2371 772 2412 816 5.
2434 771 2599 817 Peccat
2607 785 2629 817 s
2649 773 2823 818 debita

1713 844 1862 873 narum
1887 830 2099 874 acerbitas
2123 828 2353 872 confitendi
2379 828 2586 883 pudorem
2620 832 2817 875 evacua&

1710 886 1750 930 6.
1781 885 1883 930 Sese
1899 884 2176 929 conveniendi
2200 891 2243 928 et
2268 885 2466 927 timorem
2492 885 2611 927 illum
2632 889 2734 928 noct
2781 917 2821 927 ,,

1709 940 2211 986 eliminandimethodus.
2215 940 2313 982 —7.
2330 938 2789 1006 Spedivinaemisericu
2822 959 2827 979 ι

1712 1010 1811 1053 pem
1817 1003 1909 1039 ator
1921 996 2165 1052 erigendus.
2181 1019 2238 1027 —
2254 995 2294 1038 8.
2308 993 2460 1039 Praxis
2477 995 2715 1040 excitandae
2727 995 2812 1042 fidu

1710 1053 1913 1096 dedivina
1923 1053 2128 1095 bonitate.
2133 1051 2230 1095 -9.
2237 1049 2482 1098 'ri-esvjaeet
2496 1051 2830 1098 modiducentes

1709 1109 2022 1172 confessionem
2099 1113 2335 1151 ecatorum.
2360 1131 2413 1138 -
2435 1107 2503 1150 10.
2525 1106 2619 1151 Alia
2642 1113 2710 1152 est
2764 1126 2798 1146 ··=

1710 1164 1773 1208 sio
1798 1164 1952 1211 laudis,
1978 1169 2021 1207 et
2065 1163 2276 1206 ivinorum
2296 1162 2827 1208 beneficiorum-1102

1709 1220 1918 1276 galai-ium
1941 1218 2245 1262 beneficiorum
2270 1219 2561 1262 consideratio
2575 1223 2618 1262 et
2643 1218 2828 1266 nominat

1710 1275 1761 1317 ad
1780 1281 1936 1318 statum
1957 1275 2221 1339 religiosum.
2240 1298 2296 1306 -
2315 1273 2381 1317 12
2405 1272 2692 1320 Gratitudinis
2715 1274 2819 1326 affec

1714 1338 1755 1373 et
1776 1332 2010 1386 gratiarum
2037 1330 2219 1373 actionis
2241 1330 2294 1373 ad
2327 1329 2560 1374 1)ettm.—
2579 1330 2651 1374 15.
2675 1323 2798 1376 Conui

1711 1387 1863 1485 {iorum
1896 1386 1973 1430 Dei
2004 1398 2231 1429 111111101·ιιιιι
2271 1386 2351 1428 iim
2384 1391 2475 1430 tres
2514 1397 2614 1430 cum
2650 1397 2812 1444 anacep

1727 1454 1825 1485 ‘eost

1708 1514 1739 1558 1.
1763 1514 1984 1566 Dominus,
2009 1514 2094 1570 qui
2100 1525 2356 1570 egressurus
2379 1513 2433 1560 de
2451 1512 2648 1558 Samaria
2666 1514 2799 1561 dicitu

1653 1594 1819 1643 portam
1837 1618 1849 1638 ‚
1867 1599 1962 1642 quae
1977 1586 2154 1643 respicit
2178 1586 2232 1629 ad
2256 1586 2467 1631 orientem
2482 1618 2496 1640 ,
2512 1592 2722 1632 venturus
2738 1599 2778 1633 a
2795 1622 2800 1626 -
2820 1606 2826 1627 2

1653 1662 1724 1702 tur
1740 1667 1782 1702 et
1804 1659 1847 1701 in
1864 1657 2126 1702 Bethlehem.
2147 1656 2204 1702 Ut
2219 1663 2381 1712 autem,
2404 1647 2502 1716 quae
2523 1650 2655 1716 super
2668 1659 2821 1707 hisatii

1654 1737 1903 1781 occurrunt,
1925 1730 2111 1775 breviter
2133 1730 2433 1784 ostendamus,
2452 1731 2558 1789 quid
2579 1742 2677 1777 esse
2690 1743 2722 1789 p
2779 1778 2782 1779 γ

1653 1805 1799 1847 venire
1820 1802 2048 1847 Dominum
2075 1802 2118 1846 in
2143 1801 2411 1856 Bethlehem,
2435 1803 2523 1848 nisi
2538 1816 2621 1848 nos
2634 1810 2829 1912 quoque

1653 1874 1802 1918 venire
1834 1874 1971 1924 etire,
1996 1874 2069 1929 qui
2101 1873 2306 1918 accedere
2343 1879 2386 1919 et
2407 1874 2611 1920 recedere
2647 1874 2764 1934 posz‘

1653 1946 1747 2002 ipso
1785 1945 1982 1996 ducente,
2018 1945 2073 1988 ad
2098 1946 2369 1991 mansionem
2390 1947 2540 1993 venire
2575 1947 2809 1996 intenta

1653 2018 1839 2063 ctionis?
1866 2017 1922 2061 Ut
1952 2018 2067 2062 enim
2093 2030 2131 2062 e:
2135 2019 2246 2062 ebra
2279 2018 2457 2064 Pati-um
2490 2021 2760 2078 expositione

1652 2091 1811 2143 edocti,
1837 2091 2082 2136 Bethlehem
2106 2091 2252 2136 domus
2270 2094 2392 2149 panis
2415 2093 2590 2140 dicitur.
2613 2094 2668 2141 Et
2687 2107 2820 2159 qim

1653 2168 1719 2207 est
1736 2164 1860 2219 juxta
1881 2177 2056 2208 sensum
2082 2166 2314 2217 moralem,
2339 2167 2495 2212 domus
2516 2168 2660 2225 panis,
2681 2171 2818 2229 quam
2830 2167 2848 2200 ÷

1653 2235 1781 2280 sectio
1805 2248 1968 2280 securae
1985 2244 2027 2281 et
2043 2238 2262 2283 benevolae
2283 2240 2458 2292 mentis,
2480 2251 2610 2298 quam
2625 2246 2669 2286 et
2841 2242 2844 2245 ”

1650 2307 1741 2363 jugi
1762 2309 1960 2352 convivio
1980 2310 2234 2366 comparat?
2258 2309 2402 2368 (Prov.
2439 2324 2510 2364 xv,
2543 2311 2634 2371 ¹5.)
2668 2311 2795 2358 Ad
2844 2367 2845 2370 ¹

1652 2387 1855 2437 tanquam
1888 2381 1941 2424 ad
1972 2382 2223 2428 Bethlehem
2249 2383 2367 2429 venit
2390 2383 2626 2454 Dominus,
2663 2398 2735 2444 po
2773 2399 2793 2418 2

1650 2452 1704 2495 de
1726 2451 1920 2496 Samaria
1944 2466 2146 2511 egressus
2179 2462 2246 2499 est
2277 2455 2328 2501 ad
2358 2461 2545 2512 portam,
2574 2469 2671 2514 qute
2693 2457 2780 2503 d

1651 2526 1876 2578 orientem,
1906 2533 1951 2570 ut
1974 2532 2201 2583 postquam
2231 2529 2366 2573 menti
2391 2534 2566 2584 nostrae,
2601 2529 2729 2588 quod
2779 2523 2814 2586 'J

1650 2604 1733 2651 est,
1758 2611 1835 2654 per
1853 2600 2147 2653 intellectum,
2171 2602 2300 2646 etiam
2317 2602 2435 2659 quod
2451 2603 2616 2648 bonum
2638 2609 2734 2657 est,
2762 2639 2806 2666 2„

1650 2685 1726 2727 per
1747 2673 1962 2719 affectum
1981 2674 2033 2718 Et
2053 2674 2136 2721 hoc
2160 2679 2227 2720 est
2250 2674 2481 2722 Dominum
2511 2677 2660 2724 venire
2690 2678 2736 2724 in
2759 2665 2810 2712 ’ἶ
2839 2690 2842 2695 ’

1651 2745 1814 2797 lehem,
1839 2759 1915 2803 per
1935 2755 2110 2804 gustum
2141 2750 2310 2808 saporis
2340 2750 2590 2804 internum,
2612 2754 2784 2797 nostre

1651 2820 1806 2864 mentis
1826 2820 2068 2866 inhahitat-e
2084 2823 2373 2868 mansionem.
2400 2821 2446 2867 Si
2469 2823 2593 2869 enim
2608 2824 2761 2871 arden
2767 2842 2810 2878 a..

1650 2889 1838 2948 ligimus,
1863 2893 1980 2949 quod
1994 2894 2269 2955 manifestum
2286 2895 2354 2942 est
2375 2896 2420 2942 in
2444 2897 2572 2944 nobis
2587 2909 2665 2955 per
2680 2909 2748 2941 ra
2762 2914 2781 2939 ι
2807 2922 2810 2924 Δ

1650 2969 1870 3018 nostram;
1900 2965 2016 3021 quod
2039 2952 2153 3011 Deus
2175 2967 2300 3011 nobis
2328 2965 2620 3014 manifestavit
2641 2980 2720 3026 per
2756 2986 2763 3005 0
2783 3014 2785 3016 ,

1651 3035 1815 3080 sionem
1835 3049 1985 3091 suam3
2010 3037 2126 3094 quod
2152 3038 2207 3084 de
2235 3038 2527 3086 invisibilibus
2561 3039 2686 3125 ejus,
2714 3050 2798 3089 et-

1652 3106 1762 3151 l'acta
1785 3116 1911 3162 sunt,
1949 3109 2169 3156 intellecta·
2209 3112 2554 3170 conspiciuntur
2561 3113 2677 3172 pet·
2694 3135 2698 3151 ι
2733 3152 2737 3164 ,

1649 3192 1746 3225 nem
1769 3188 1992 3226 externam
2013 3181 2151 3241 (Rom.
2178 3195 2220 3236 t,
2242 3184 2346 3243 20),
2366 3185 2740 3245 quodammodo·

1649 3261 1874 3311 postquam
1898 3267 2102 3312 egressus
2125 3263 2192 3301 est
2215 3258 2268 3302 de
2292 3256 2505 3309 Samaria,
2523 3256 2577 3301 ad
2594 3262 2768 3314 porta

1649 3330 1789 3384 respit
1793 3330 1825 3371 it
1842 3330 1893 3373 ad
1918 3331 2128 3374 orientem
2146 3332 2289 3382 venit,
2313 3332 2414 3379 dum
2433 3338 2532 3388 post
2554 3343 2734 3376 veram
2783 3297 2853 3367 i

1649 3414 1744 3456 quae
1766 3402 1975 3459 adipsum
1994 3404 2224 3460 pertinent,
2257 3405 2550 3461 agnitionem,
2581 3417 2717 3450 suav
2758 3437 2764 3459 ,
2776 3349 2850 3448 τὸ

1650 3475 1858 3529 seipsum,
1885 3481 1929 3520 et
1945 3476 1989 3518 in
2011 3477 2156 3534 seipso
2180 3478 2338 3522 mentis
2357 3479 2523 3574 palato
2534 3466 2784 3579 gustanti}
2771 3453 2849 3633 f

1648 3547 1848 3591 ctionem.

1702 3616 1753 3662 11.
1777 3618 1859 3661 Per
1890 3618 1972 3664 hoc
1994 3633 2098 3664 vero
2133 3621 2249 3677 quod
2287 3621 2490 3667 additur:
2514 3589 2786 3671 ambulatu

1649 3705 1777 3747 aquas
1796 3693 2083 3749 redemptionis
2099 3694 2247 3747 Judae,
2280 3694 2433 3741 modos
2461 3701 2507 3740 et
2528 3695 2623 3740 vias
2649 3708 2717 3752 q
2721 3709 2742 3730 ²

1648 3765 1722 3810 Dei
1741 3769 1878 3811 nostri
1897 3769 2225 3814 conscendimus
2242 3769 2518 3815 dilectionem
2547 3769 2781 3838 accipin)

1647 3838 1780 3884 ludas
1802 3841 2020 3887 consessio
2047 3847 2144 3897 est;
2173 3841 2286 3887 unde
2303 3842 2529 3887 redimitur
2547 3840 2683 3887 sudas
2700 3871 2717 3895 ,
2764 3852 2794 3872 ¹2
2820 3868 2828 3878 ·

1651 3918 1716 3954 cet
1738 3913 1821 3956 nisi
1843 3914 1896 3957 de
1909 3925 1961 3958 eo
1976 3914 2093 3971 quod
2114 3914 2153 3957 ei
2177 3915 2450 3960 contrarium
2463 3919 2547 3968 est,
2569 3914 2774 3970 sciliceta
2817 3884 2835 3926 ¹

1649 3986 1794 4028 tione?
1811 3985 1919 4038 Quid
1938 3987 2052 4030 enim
2070 3992 2198 4043 negat
2218 4000 2306 4033 11011
2330 3987 2584 4043 confitetur,
2614 3992 2658 4032 et
2678 3999 2706 4045 q
2745 3975 2747 3977 ¹
2764 4005 2780 4045 J
2808 3970 2822 4024 ³¹

1651 4055 1808 4107 fitetur,
1820 4070 1907 4100 non
1918 4064 2060 4115 negat.
2076 4057 2182 4111 Quis
2193 4057 2769 4117 estquiconfitetur,nisiq
2776 4068 2780 4091 ¹
2805 4029 2820 4094 ἰ’

1650 4128 1815 4174 ratione
1848 4130 1965 4182 dati,
2005 4136 2047 4174 et
2065 4131 2231 4188 accepti
2270 4131 2359 4176 Deo
2391 4132 2587 4190 agnoscit
2620 4126 2735 4177 011110
2780 4167 2781 4172 ,
2769 4098 2825 4144 ²

1650 4199 1782 4255 Aquae
1821 4201 2128 4258 redemptionis
2167 4203 2302 4257 Jndae,
2344 4204 2457 4248 dona
2494 4209 2596 4249 sunt
2633 4198 2768 4262 gratia
2803 4169 2822 4236 -Ι

1650 4272 1805 4326 quibus
1822 4279 1864 4316 et
1891 4274 2100 4318 invitatur
2120 4275 2301 4320 devotus
2321 4275 2502 4333 quilibet
2517 4275 2571 4320 ad
2594 4274 2738 4319 coniit
2775 4320 2782 4332 .

1650 4343 1843 4398 largitori
1865 4346 2110 4390 earumdem
2129 4348 2366 4403 gratiarum
2391 4363 2403 4392 z
2431 4353 2476 4394 et
2503 4346 2803 4405 (1000101110,-

1653 4430 1783 4473 super
1806 4430 1938 4475 aquas
1966 4419 2270 4476 redemptionis
2287 4420 2432 4474 Judae,
2456 4419 2663 4467 Dominus
2687 4407 2821 4492 venq'
