2924 4588
311 138 415 188 ttae

308 232 440 305 saleni
463 229 632 275 Judaeos
659 241 712 272 ex
733 226 852 270 cinni
889 223 1081 272 natione,
1118 231 1213 276 qna!
1236 219 1319 265 sub
1346 217 1458 283 coelo

302 306 416 364 (Act.
448 285 666 361 t't)..la‹sslo
685 298 875 356 pontitici
902 295 1118 340 successit
1141 292 1255 336 lilius
1276 291 1373 346 eius
1398 289 1553 335 Onias,

302 379 373 421 cui
389 376 600 421 successit
624 374 736 416 iilius
761 368 857 424 cifis
879 368 1211 423 SimoirJustus,
1242 365 1312 409 cui
1338 363 1556 409 successit

301 450 435 494 frater
455 462 560 494 suus
573 447 820 497 Eleazarus,
834 454 912 500 pro
929 439 1057 492 onia,
1083 438 1171 484 filio
1195 434 1556 487 Simonis,adhuc

302 537 451 581 puero.
625 511 659 540 ⁸

752 587 1048 650 [Incidentia]

358 670 418 714 Eo
441 676 636 724 tempore
658 666 822 722 Appius
835 663 1044 708 Claudius
1059 671 1202 703 caecus
1218 656 1367 699 Romae
1379 651 1553 701 claruit,

298 745 371 801 qui
384 754 518 797 aquas
536 739 754 784 Claudias.
771 736 849 794 [at.
867 728 1064 790 Calidas]
1082 729 1265 779 induxit,
1283 734 1325 771 et
1351 726 1461 770 viam
1477 725 1556 780 Ap-

298 819 410 875 piam
435 816 603 860 stravit..
625 811 950 867 Theophrastus
971 805 1252 863 philosophus
1276 799 1458 872 claruit;
1481 810 1554 855 qui

299 906 322 935 a
344 891 569 935 divinitate
595 885 814 942 loquendi,
844 889 889 927 ut
912 879 1154 928 aucit-ero,
1186 888 1343 920 nomen
1371 873 1552 928 accepit.

298 964 441 1009 Consu
470 960 616 1004 Romae
654 958 849 1013 agitato·,
872 955 1046 998 inventa
1060 953 1159 992 sunt
1182 947 1340 989 civium
1369 943 1555 986 ducenta

298 1038 565 1095 septuaginta
587 1033 734 1076 millia.
758 1027 953 1075 Conditae
977 1031 1077 1070 sunt
1111 1035 1135 1066 a
1160 1018 1368 1064 Romanis
1392 1015 1554 1060 Arimi·

298 1123 401 1156 num
426 1115 467 1153 et
496 1108 803 1151 Beneventum.

353 1189 369 1204 ·
393 1182 584 1226 Additio.
603 1179 713 1233 Quia
739 1190 813 1234 per
838 1176 921 1219 hoc
954 1174 1181 1217 numerum
1214 1166 1374 1211 civium
1402 1163 1556 1218 depre-

298 1258 508 1304 [tendunt.

461 1363 564 1408 Cae.
591 1358 678 1405 vti.
702 1354 763 1403 Dc
787 1356 1017 1401 Ptolemaeo
1046 1347 1337 1405 Philadelpho.

356 1471 460 1515 Post
491 1468 771 1514 Ptolemaeum
799 1463 925 1509 Soter
949 1459 1143 1518 regnavit
1168 1458 1211 1500 in
1230 1455 1418 1511 AEgypto
1439 1450 1545 1495 Phi·

295 1545 535 1599 ladelphus.
550 1541 638 1587 ,Hic
661 1539 900 1586 studiosus,
952 1542 996 1579 ct
1022 1533 1232 1576 librorum
1254 1526 1438 1583 cupidus
1459 1524 1544 1569 De-

294 1618 496 1661 metrium
532 1613 808 1658 Bibliothecae
840 1621 927 1653 sua}
958 1605 1164 1663 praet'ecit.
1208 1601 1404 1655 Cumque
1428 1611 1545 1655 qnae·

297 1691 426 1734 sisset
448 1687 504 1732 ab
526 1698 576 1732 eo
594 1686 646 1730 de
657 1695 836 1727 numero
851 1682 1058 1724 librorum
1075 1675 1225 1733 viginti
1245 1673 1375 1717 milla
1394 1673 1546 1716 adesse

294 1761 534 1817 respondit,
555 1759 627 1803 seii
643 1758 769 1813 paulo
781 1760 877 1813 post
890 1760 1100 1807 tempore,
1115 1760 1252 1805 usque
1265 1746 1317 1790 ad
1332 1746 1547 1802 qninqua-

292 1835 409 1891 ginta
425 1834 555 1876 millia
577 1844 701 1888 posse
727 1829 949 1886 pervenire
973 1825 1095 1867 dixit.
1125 1822 1174 1864 Et
1198 1819 1443 1864 nuntiatum
1463 1818 1545 1860 sibi

293 1908 401 1950 dixit
426 1905 539 1962 apud
558 1905 729 1948 ,ludaeos
752 1914 850 1945 esse
873 1901 1008 1955 legem
1032 1910 1107 1940 ore
1124 1895 1262 1950 ipsius
1278 1893 1352 1936 Dei
1365 1891 1541 1942 editam,

293 1988 335 2023 et
359 1980 493 2035 digito
523 1979 659 2035 ipsius
687 1977 893 2031 scriptam
924 1986 1002 2030 pro
1021 1983 1104 2027 qua
1130 1979 1304 2014 summo
1328 1978 1457 2023 opere
1481 1965 1544 2007 la-

292 2050 532 2095 horandum
573 2061 672 2093 csse
706 2048 893 2094 dicebat.
933 2051 978 2088 ut
1018 2044 1060 2087 in
1097 2041 1295 2085 Graecum
1330 2050 1541 2083 conversa

291 2123 508 2178 eloquium
535 2122 575 2165 in
593 2121 781 2164 archivis
800 2119 1016 2175 regalibus
1034 2117 1281 2160 haberetur.
1308 2112 1404 2157 llaec
1427 2113 1542 2156 enim

293 2202 386 2240 erat
408 2195 476 2239 lex
508 2194 599 2247 Dei,
625 2202 756 2249 quent
774 2191 1024 2249 philosophi
1051 2189 1165 2232 Zena
1200 2188 1367 2237 dicunt,
1396 2185 1439 2228 id
1476 2190 1542 2228 est

292 2268 523 2312 viventem.
544 2265 648 2310 Zoni
672 2266 786 2310 euim
813 2266 965 2313 virere,
992 2264 1058 2307 vel
1093 2262 1218 2305 vitam
1246 2266 1387 2313 sonat,
1413 2270 1541 2316 quent

292 2341 448 2397 vulgus
486 2339 671 2395 appellat
707 2336 872 2380 Jovem.
913 2335 964 2378 Et
1003 2332 1054 2378 ad
1095 2333 1407 2378 ostendendam
1433 2332 1541 2398 legis

292 2414 387 2470 ejus
409 2415 698 2460 sanctitatem,
725 2408 887 2452 addidit
907 2407 1020 2464 quod
1045 2418 1130 2450 non
1157 2406 1237 2449 nisi
1264 2417 1286 2448 a
1308 2404 1385 2448 Dei
1403 2405 1544 2447 viven-

292 2486 348 2528 tis
367 2485 608 2529 cultoribus
626 2480 854 2526 transferri
870 2482 1101 2538 potuisset.
1124 2478 1230 2522 Nam
1247 2483 1290 2523 et
1303 2477 1544 2533 Theopom-

291 2570 373 2615 pus
390 2571 485 2602 cuin
510 2557 723 2606 historiis,
745 2568 853 2613 quas
874 2554 1110 2604 scribebat.
1131 2565 1226 2596 cam
1245 2552 1454 2596 voluisset
1473 2551 1543 2594 in·

291 2636 518 2682 terserere,
539 2642 688 2675 versus
708 2633 775 2673 est
791 2628 839 2671 in'
854 2627 1087 2671 amentiam
1111 2614 1188 2682 per
1222 2626 1316 2670 dies
1349 2624 1540 2683 triginta.

292 2700 536 2753 ‘theotecus
554 2713 729 2757 quoque
768 2710 846 2757 pro
870 2711 1004 2744 causa
1027 2697 1177 2743 eadem
1205 2695 1345 2741 factus
1375 2701 1442 2740 est
1459 2707 1544 2739 cae·

289 2788 385 2827 cus,
410 2782 452 2819 et
471 2774 730 2831 poenitentes
752 2771 893 2815 sanati
916 2775 1033 2815 sunt.
1061 2769 1113 2813 Et
1147 2767 1364 2826 suggessit
1382 2769 1470 2823 regi
1496 2773 1542 2810 ut

292 2848 501 2892 scriberet
526 2846 720 2904 pontifici
745 2845 1012 2894 ludaeorum,
1032 2849 1079 2887 ut
1100 2842 1260 2887 Judeos
1290 2841 1477 2886 Hebraea:
1500 2846 1541 2884 et

290 2925 450 2970 Graecae
475 2925 630 2979 linguae
651 2923 812 2978 peritos
830 2921 884 2963 ad
907 2922 1047 2976 ipsum
1086 2918 1306 2974 dirigeret,
1326 2930 1424 2960 cuin
1450 2917 1541 2972 lege

292 2998 384 3051 Dei,
417 2999 491 3054 qui
514 2999 565 3041 ad
587 3010 682 3040 eam
699 2993 1044 3038 transferendam
1069 2994 1327 3036 sullicerent.
1349 2989 1471 3043 Quod
1495 2994 1542 3032 nt

291 3074 557 3128 impetraret,
585 3083 762 3114 numera
782 3082 878 3112 cum
905 3067 1100 3124 epistolis
1118 3066 1326 3110 mittenda
1350 3056 1536 3110 censuit.

291 3145 447 3190 Aderat
466 3146 523 3188 ibi
545 3144 770 3194 Aristaeus,
799 3142 872 3198 qui
915 3142 1042 3196 longo
1078 3146 1270 3194 tempore
1293 3138 1539 3182 Judaeorum

292 3218 524 3264 calamitati
547 3218 836 3271 compatiens,
859 3215 1189 3271 opportunitate
1211 3213 1423 3256 liberandi
1462 3225 1538 3256 eos

291 3293 481 3343 inventa,
515 3291 573 3332 ait
593 3304 603 3333 :
629 3289 853 3342 Quomodo
875 3287 988 3343 quod
1011 3275 1204 3341 postulas
1221 3285 1453 3334 obtinebis,
1475 3290 1539 3327 tot

211 3397 214 3399 -
289 3364 451 3408 Judaeis
475 3365 517 3405 in
538 3374 666 3417 regno
692 3368 765 3403 tuo
788 3361 1095 3404 servientibus.
1132 3358 1259 3403 Solve
1281 3361 1426 3414 itaque
1444 3370 1536 3408 cos,
2895 3414 2898 3415 ⁷

289 3448 331 3483 et
354 3438 460 3481 nihil
482 3437 646 3492 gratius
667 3435 749 3477 erit
775 3434 965 3490 pontifici
984 3432 1249 3476 Judaeoruni.
1273 3432 1360 3476 Nec
1380 3433 1432 3475 ob
1454 3431 1535 3474 boc
1562 3450 1595 3492 D
1620 3433 1872 3488 pretandnm
1896 3447 1909 3486 ς
1952 3433 2143 3477 diluculo
2164 3434 2496 3490 egrediebantur
2535 3434 2590 3477 ad
2628 3435 2864 3491 optandum
2892 3436 2903 3495 ᾗ

290 3511 404 3568 quod
424 3510 536 3557 (lico,
568 3521 634 3551 me
655 3506 679 3550 J
688 3508 902 3550 zidaenrum
923 3506 1090 3550 affinem
1107 3507 1310 3558 aestimes,
1333 3506 1407 3550 scd
1433 3506 1534 3562 qnia

290 3582 382 3624 scio
395 3589 468 3623 tue
489 3580 713 3629 interesse,
738 3578 774 3622 si
800 3578 1006 3622 factorem
1027 3578 1217 3620 oninium
1243 3577 1374 3621 Deum
1402 3578 1538 3620 liono-

291 3654 473 3698 rareris.
496 3653 546 3694 Et
567 3653 762 3695 liberavit
784 3664 856 3694 rex
883 3649 1109 3695 deludaeis
1130 3658 1303 3695 rentum
1320 3658 1362 3694 et
1385 3651 1535 3706 viginti

290 3728 443 3775 millia.
467 3727 578 3770 daus
601 3725 787 3769 dominis
818 3738 967 3767 eorum
998 3737 1078 3780 pro
1111 3727 1253 3780 cap'te.
1279 3733 1452 3767 centuni
1494 3730 1536 3768 et

291 3801 440 3855 viginti
461 3799 692 3843 drachmas
720 3800 902 3855 arpenti.
928 3797 1123 3854 Cumque
1137 3796 1316 3841 dixisset
1345 3810 1434 3847 rex,
1456 3797 1535 3840 hoc

289 3885 492 3929 magnum
512 3885 624 3920 esse,
650 3871 849 3915 dixerunt
873 3883 883 3912 ε
910 3869 1111 3926 Magnum
1142 3870 1315 3927 quidem
1340 3874 1426 3921 est,
1460 3868 1536 3913 sed

290 3957 373 3988 non
399 3945 488 4000 regi
514 3944 736 3987 inuuisseo.
775 3943 898 3987 Tunc
929 3944 1106 3999 scripsit
1142 3955 1217 3988 rex
1253 3941 1456 3986 Eleazaro
1491 3944 1533 3987 in

288 4018 404 4061 hnitc
428 4018 601 4062 modum
627 4015 860 4061 :tuentem
881 4023 1014 4068 tuam,
1040 4029 1136 4073 quat
1156 4028 1283 4062 secus
1309 4030 1391 4061 nos
1416 4023 1532 4067 crat,

288 4089 485 4134 libertate
507 4089 680 4141 donavi,
702 4090 923 4133 arbitrans
938 4089 1021 4133 boc
1046 4089 1134 4134 Deo
1156 4102 1254 4133 csse
1271 4089 1531 4144 jucundum,

287 4174 472 4218 quorum
496 4163 706 4219 quosdam
741 4163 905 4207 militiae
943 4162 1183 4219 assignavi,
1210 4162 1320 4206 alios
1340 4175 1531 4219 quorum

289 4237 415 4284 tidem
437 4238 773 4295 approbaveram
799 4237 1007 4282 constitui
1032 4238 1074 4281 in
1094 4236 1418 4294 patassmLeges
1431 4249 1533 4282 vero

287 4311 509 4354 vestrasin
533 4319 684 4355 nostra
702 4310 964 4354 bibliotheca
988 4323 1197 4367 reponere
1213 4310 1397 4357 decrevi.
1419 4310 1533 4357 Bene

289 4393 393 4439 ergo
424 4382 556 4428 facies
580 4382 789 4426 mittendo
813 4383 939 4427 nobis
966 4381 1084 4427 viros
1120 4382 1330 4433 seniores,
1354 4381 1430 4437 qui
1460 4395 1531 4426 va-

290 4455 408 4501 leant
418 4456 810 4512 interpretationem
825 4463 1118 4503 earum-caute
1131 4456 1259 4507 nobis
1270 4456 1528 4514 relinquere.

1290 123 1453 169 Pmttt
1481 118 1837 167 cousssrottts

1490 222 1558 259 est
1581 219 1616 262 Α
1643 210 1890 256 'transmisi
1916 210 2045 255 modo
2068 211 2233 266 argenti
2254 213 2429 254 centum
2448 207 2610 252 talenta
2636 220 2714 264 pro
2732 208 2884 254 immo·

1565 2374 1599 2423 C
1625 2347 1727 2385 runt
1762 2354 1816 2385 ne
1853 2347 1943 2385 tres
1967 2341 2072 2385 deos
2104 2341 2326 2391 colendos,
2356 2341 2587 2384 tradidisse
2605 2340 2871 2385 viderentur.

2774 96 2900 165 iseo·

1636 284 1870 330 talionibus
1888 281 2116 333 faciendis.
2129 290 2171 328 et
2185 295 2286 336 sepa
2293 282 2382 325 ravi
2394 279 2707 337 quinquaginta
2722 281 2884 326 talenta

1636 359 1730 402 auri
1754 357 1808 402 ad
1834 363 2029 403 crateres
2064 353 2109 402 et
2133 356 2331 400 libatoria
2357 353 2570 403 facienda,
2611 362 2655 397 et
2693 358 2907 410 gemmati

1637 433 1731 477 sine
1751 433 1935 475 nurnero
1962 431 2015 475 ad
2040 431 2251 474 artitteum
2269 430 2507 484 optionem.
2538 427 2602 470 Tu
2623 420 2780 470 manda
2804 439 2885 471 no·

1635 505 1703 549 bis
1725 517 1820 561 quae
1834 515 1885 549 ex
1904 504 1971 549 his
1994 504 2185 548 volueris
2201 502 2317 554 lieri,
2331 502 2445 559 quod
2462 502 2629 558 gratius
2652 501 2902 558 amplecte¹⁸>

1635 590 1751 623 mur.
1784 593 1804 618 ι

1691 650 1821 696 Titne*
1839 653 2014 697 mittens
2033 652 2086 696 ad
2107 663 2204 696 eum
2228 651 2458 695 Eleazarus
2481 649 2596 706 quod
2616 649 2879 706 postulabat,
2904 675 2907 677 >

1635 725 1861 780 rescripsit
1883 726 1965 768 ita-i
1982 725 2072 768 «Ad
2098 723 2463 779 interpretandam
2486 724 2637 778 legem,
2658 733 2785 776 quam
2807 733 2885 776 po-
2907 773 2910 781 Ι

1636 788 1787 847 stulas,
1817 799 1910 841 misi
1934 798 2051 841 viros
2074 798 2269 841 seniores
2294 797 2348 841 de
2369 806 2628 852 unaquaque
2659 793 2775 838 tribu
2807 804 2905 858 sex

1635 871 1771 928 legem
1795 872 1982 915 ferentes
1999 874 2028 916 ·.
2051 871 2084 914 Τ
2090 883 2155 915 uae
2190 878 2332 913 autem
2355 871 2526 925 pietatis
2542 871 2644 919 erit,
2669 868 2736 912 vel
2751 867 2885 924 justi·

1634 950 1721 1000 tiae,
1745 947 1796 991 ad
1823 960 1903 991 nos
1926 961 2019 992 eam
2042 954 2168 992 caute
2192 949 2425 991 remittere.
2459 963 2474 989 ι
2498 946 2551 990 ni
2571 950 2674 991 sunt
2706 950 2902 1002 septum?

1634 1022 1750 1078 ginta
1775 1020 2053 1078 interpretes,
2078 1021 2263 1076 quilicet
2282 1020 2556 1076 septuaginta
2577 1018 2663 1062 duo
2701 1016 2909 1072 fuerint,

1634 1106 1754 1137 more
1793 1105 1929 1137 sacrae
1967 1093 2203 1149 Scripturae
2227 1092 2500 1148 septuaginta
2538 1091 2764 1143 dicuntur,
2786 1084 2910 1147 qua-4

1634 1167 1851 1210 modicum
1879 1179 2127 1218 numerum,
2150 1167 2186 1210 si
2213 1178 2345 1222 super
2367 1167 2554 1222 aliquam
2576 1175 2788 1210 summam
2812 1168 2890 1210 sui

1633 1238 1937 1291 pet-excrescit,
1979 1250 2092 1294 saepe
2113 1237 2317 1282 subticet.
2346 1237 2430 1290 Qui
2465 1250 2565 1280 eum
2588 1237 2810 1282 venissent
2826 1235 2880 1282 ad
2907 1230 2924 1287 '5¹2

1575 1290 1610 1335 Β
1633 1323 1794 1366 regem,
1815 1311 1999 1367 benigne
2025 1312 2078 1355 ab
2100 1322 2152 1355 eo
2185 1310 2352 1355 collecti
2389 1316 2509 1362 sunt,
2550 1323 2637 1354 non
2662 1316 2806 1354 tamen
2826 1308 2880 1354 ad
2914 1288 2924 1348 ἶ

1613 1395 1768 1440 vregem
1795 1385 2053 1436 intromissi,
2077 1397 2214 1439 usque
2236 1385 2278 1427 in
2303 1383 2416 1429 diem
2434 1384 2649 1440 quintum.
2675 1382 2880 1427 immine·
2911 1355 2924 1434 ἕ

1629 1457 1702 1500 hat
1722 1457 1837 1500 entim
1854 1469 1906 1500 ea
1929 1455 2000 1501 die
2027 1457 2283 1501 solemnitas
2307 1456 2602 1513 triumphalis,
2634 1467 2712 1513 pro
2731 1458 2880 1502 trium·
2910 1434 2924 1506 5

1625 1533 1711 1588 pbo
1740 1533 1908 1576 scilicet
1932 1533 2139 1587 quodam,
2178 1545 2306 1590 quem
2332 1531 2520 1587 majores
2544 1533 2612 1575 sui
2632 1531 2783 1576 eadem
2808 1533 2879 1578 die
2902 1518 2922 1579 '3‘

1626 1605 1880 1649 habuerant.
1913 1604 1975 1649 Ea
2000 1605 2131 1662 igitur
2153 1606 2222 1650 die
2248 1606 2439 1662 suscepit
2462 1618 2554 1654 eos,
2579 1618 2705 1661 quos,
2733 1618 2878 1650 coram
2903 1584 2922 1659 „5

1626 1678 1907 1722 universitate
1931 1678 2195 1735 principum,
2216 1678 2469 1722 decreverat
2503 1677 2738 1729 honorare,
2779 1683 2879 1733 post
2903 1647 2921 1756 ἢ

1625 1752 1944 1807 susceptionem
1986 1763 2090 1795 vero
2128 1750 2356 1795 duodecim
2401 1751 2554 1796 diebus
2579 1751 2755 1794 luerunt
2778 1763 2878 1795 cum
2919 1805 2921 1811 k

1625 1836 1740 1880 rege,
1765 1833 1806 1868 et
1829 1825 2076 1868 sciscitatus
2100 1830 2167 1868 est
2193 1824 2246 1867 ab
2270 1824 2334 1868 eis
2351 1837 2446 1880 qua*
2464 1825 2507 1868 in
2531 1824 2663 1869 corde
2684 1836 2763 1868 suo
2788 1825 2881 1867 dis·

1626 1903 1846 1951 posuerat,
1868 1902 1909 1941 et
1934 1899 2149 1953 praecipue
2168 1897 2220 1942 de
2245 1898 2433 1950 duobus,
2458 1895 2511 1942 de
2534 1899 2780 1957 cognitione
2802 1896 2880 1943 net
2896 1884 2920 1950 3

1623 1976 1664 2013 et
1686 1971 1999 2027 gubernatione
2024 1972 2162 2028 regni.
2205 1971 2403 2028 Cumque
2439 1972 2756 2016 instruxissent
2777 1983 2876 2015 cum
2904 1986 2911 2025 2

1623 2045 1676 2089 de
1693 2045 1815 2102 regni
1844 2046 2238 2097 administratione,
2259 2046 2428 2101 plenius
2457 2044 2794 2102 disputaverunt
2812 2043 2868 2087 de

1623 2131 1710 2163 uno
1735 2119 1820 2163 Deo
1846 2119 2098 2171 coler2d0,et
2118 2119 2363 2174 quodnulla
2388 2123 2585 2163 creatura
2607 2117 2723 2163 Deus
2738 2124 2871 2162 essct.
2903 2126 2919 2159 2.

1621 2193 1723 2238 lnde
1736 2193 1933 2250 estquod
1947 2195 2194 2250 ubicunque
2213 2195 2406 2238 occurrit
2429 2193 2492 2237 cis
2511 2193 2563 2238 de
2586 2195 2794 2244 trinitate,
2811 2172 2919 2279 vet}

1622 2267 1702 2311 sub
1722 2266 1894 2311 silentio
1917 2268 2202 2317 transierunt,
2232 2267 2299 2311 vel
2323 2267 2368 2310 in
2385 2266 2611 2322 :enigmate
2635 2266 2873 2311 transtule-
2907 2271 2910 2274 ’

1627 2413 1850 2465 Similiter,
1875 2419 1917 2457 et
1940 2413 1995 2457 de
2031 2413 2331 2458 incarnatione
2354 2410 2480 2457 Verbi
2509 2412 2732 2463 iacientes,
2755 2418 2802 2456 ut
2830 2414 2874 2457 in
2903 2447 2911 2459 ι,

1623 2485 1892 2539 Isaia“.Qui
1913 2497 2010 2530 cum
2034 2485 2216 2531 dixisset
2229 2497 2411 2543 puerum
2430 2485 2555 2529 nobis
2580 2487 2870 2538 nasciturum,
2908 2503 2910 2505 ·

1623 2567 1665 2604 et
1694 2559 1933 2605 addidisset
1953 2572 2029 2605 sex
2065 2561 2161 2617 eius
2198 2561 2389 2611 nomina,
2415 2571 2600 2616 quorum
2631 2573 2761 2604 unum
2806 2566 2907 2606 ests

1622 2630 1753 2681 Deus,
1773 2645 1852 2689 pro
1879 2633 1962 2677 illis
1984 2645 2060 2677 sex
2091 2633 2341 2678 nominibus
2373 2633 2702 2686 transtulerunt,
2730 2645 2827 2692 mag
2859 2635 2874 2679 l
2903 2672 2907 2693 ἶ

1622 2706 1795 2751 consilii
1818 2706 2014 2764 angelus,
2047 2718 2102 2750 ne
2124 2706 2376 2749 viderentur
2393 2705 2628 2751 tradidisse
2653 2706 2871 2753 hominem
2900 2720 2903 2758 ζ

1621 2776 1865 2822 deificatum
1891 2777 2015 2835 (lsai.
2048 2779 2129 2833 tx).
2151 2776 2274 2821 Tunc
2298 2778 2585 2822 ostenderunt
2605 2773 2872 2836 regni'rotu-
2900 2824 2903 2827 .

1622 2850 1728 2902 lum,
1755 2863 1883 2908 quem
1908 2852 2159 2896 attulerant.
2185 2850 2275 2895 Nec
2291 2852 2531 2896 sullieiebat
2569 2853 2773 2898 admirari
2796 2866 2871 2898 rex
2923 2842 2924 2881 ἶ

1619 2922 1870 2966 chartarum
1915 2924 2173 2967 tenuitatem
2214 2930 2256 2967 et
2300 2925 2736 2981 compaginationem,
2775 2938 2872 2983 quae
2923 2909 2924 2930 ἢ

1620 2996 1758 3040 oculis
1790 2995 2053 3051 deprehendi
2080 3008 2172 3041 non
2212 3005 2360 3053 posset
2387 3029 2399 3049 ‚
2441 3010 2687 3056 quanquam
2719 2999 2872 3044 litterae

1621 3080 1762 3111 attreae
1783 3068 1826 3111 in
1858 3067 2048 3114 candore
2065 3068 2318 3112 chartarum
2343 3068 2454 3113 adeo
2477 3070 2670 3127 legibiles
2689 3082 2870 3129 appare·

1619 3150 1732 3187 rent.
1758 3140 1997 3186 Introducti
2022 3149 2166 3186 autem
2190 3149 2292 3188 sunt
2321 3145 2364 3187 in
2393 3144 2566 3188 domum
2592 3146 2705 3203 regis
2738 3159 2868 3192 secus

1620 3227 1738 3259 mare
1763 3221 1993 3266 secretam,
2019 3229 2116 3272 quae
2141 3221 2233 3260 erat
2263 3217 2318 3259 ad
2350 3219 2622 3273 negotiorum
2656 3217 2868 3264 delibera-

1620 3289 1797 3339 tionem,
1828 3294 1871 3331 et
1897 3288 2008 3332 datie
2031 3294 2131 3332 sunt
2151 3289 2215 3333 eis
2229 3289 2348 3333 cellae
2372 3290 2567 3345 singulte,
2591 3295 2634 3335 et
2656 3291 2867 3349 quidquid

1620 3360 1758 3403 visum
1779 3367 1846 3403 est
1867 3359 1931 3404 eis
1954 3366 2243 3416 opportunum
2277 3367 2321 3403 et
2358 3361 2633 3405 commodum
2654 3360 2708 3407 ad
2732 3363 2868 3407 lutet·-
2894 3405 2898 3411 .

1621 3507 1709 3562 regi
1738 3505 1866 3558 bona,
1887 3512 1929 3550 et
1953 3506 2389 3562 polichronitudinem
2421 3509 2488 3552 “2
2520 3506 2643 3551 Tunc
2663 3507 2878 3559 lavabant,
2901 3506 2903 3523 ²

1618 3590 1665 3621 se
1697 3577 1749 3620 ad
1778 3590 1916 3628 mare,
1941 3578 2181 3622 secundum
2214 3578 2558 3634 purificationem
2594 3579 2861 3632 ludaeorum.
2902 3576 2903 3581 ’

1617 3657 1765 3707 postea
1798 3652 2222 3707 interpretabantur,
2254 3663 2392 3707 usque
2417 3652 2470 3694 ad
2497 3651 2650 3695 horam
2682 3665 2859 3700 nonam.
2889 3686 2903 3734 i

1616 3724 1718 3770 lude
1739 3725 1982 3769 transibant
2005 3726 2057 3769 ad
2085 3725 2245 3776 cibum,
2271 3732 2315 3769 et.
2347 3725 2560 3782 requiem,
2581 3730 2626 3769 ct
2655 3737 2862 3771 consum·
2892 3775 2894 3778 y

1617 3804 1845 3843 moverunt
1884 3812 1994 3855 opus
2027 3799 2299 3855 septuaginta
2337 3797 2507 3842 duobus
2541 3798 2713 3844 diebus.
2740 3797 2861 3844 Unde

1614 3872 1875 3927 quibusdam
1907 3873 2049 3915 visum
2070 3880 2137 3916 est
2170 3873 2284 3927 quod
2305 3883 2392 3916 non
2417 3873 2734 3917 transtulerunt
2757 3879 2862 3916 tunc
2888 3905 2901 3931 ,

1615 3947 1698 3990 nisi
1725 3945 2068 3989 Pentateucleum.
2113 3945 2269 3988 Postea
2291 3956 2411 3995 vero,
2436 3946 2502 3989 rel
2525 3952 2756 4001 postquam
2790 3959 2860 3991 rc·
2907 3955 2909 3991 ι

1614 4019 1771 4070 dirent,
1793 4020 1859 4063 vel
1884 4024 1998 4075 post,
2023 4018 2156 4073 aliqui
2176 4030 2228 4061 ex
2248 4018 2313 4062 eis
2347 4018 2401 4062 ad
2441 4030 2583 4074 regem
2606 4019 2855 4070 redeuntes,
2907 3999 2909 4025 ¹

1613 4091 1930 4133 transtulerunt
1954 4089 2151 4146 psalmos
2188 4094 2231 4131 et
2266 4088 2518 4144 propbetas.
2548 4087 2856 4142 Verumtamen
2883 4135 2909 4168 ²5

1614 4162 1649 4205 si
1671 4162 1928 4206 miraculose
1949 4162 2110 4206 sactum
2133 4168 2217 4215 est,
2245 4171 2291 4209 ut
2313 4162 2420 4207 dicit
2437 4162 2722 4219 Augustinus,
2741 4164 2856 4221 quod

1613 4248 1698 4280 una
1734 4242 1777 4279 et
1818 4236 1970 4279 eadent
1999 4237 2094 4280 sine
2113 4235 2386 4282 dissonantia
2423 4237 2599 4279 inventa
2637 4239 2695 4281 sit
2715 4236 2855 4280 ¹odilo
2902 4249 2908 4298 ς

1613 4307 1954 4362 uniuscujusque
1968 4319 2136 4358 eorum,
2149 4307 2295 4350 minus
2309 4306 2570 4360 miraculose
2587 4307 2678 4350 lieri
2695 4309 2851 4363 putuit,

1612 4379 1722 4423 utin
1753 4387 1815 4422 tot
1843 4380 1993 4424 diebus
2015 4378 2393 4437 interpretati-sint
2417 4380 2570 4436 legem,
2589 4380 2781 4437 psalmos
2804 4386 2853 4424 -et
2902 4422 2911 4443 2

1610 4452 1856 4509 prophetas.
1898 4451 2186 4512 Hieronymus
2222 4455 2366 4497 tamen
2391 4451 2558 4497 videtur
2601 4451 2708 4498 velte
2737 4450 2852 4508 quod
2901 4442 2907 4464 ''
