2924 4588
0 26 148 244 bys

90 161 216 204 utiam
241 158 383 215 (Pi-ov.
409 169 475 209 ιιι,

34 228 220 333 ‘spiritns
249 230 432 282 Dmm'ni,
458 230 540 272 m'si
575 241 698 284 super
729 227 925 270 Ιιιιηιίἰεηι
951 235 990 270 et
1019 228 1201 283 quietum
1237 233 1278 268 et

41 310 271 350 trementem
309 303 430 344 verba
462 302 588 357 ejas?
623 298 750 357 (lsai.
775 312 894 350 mm,
922 300 963 343 1
969 298 984 356 )
1010 297 1095 343 Sed
1127 303 1169 341 et
1205 298 1279 342 isti

47 366 314 440 ¹*ihilominus
338 387 425 419 non
462 375 666 418 omittant
701 374 764 418 ire
787 373 882 416 obv'
874 386 956 417 am
982 373 1023 416 ei
1059 378 1102 416 et
1135 361 1280 416 dicere

53 449 84 494 ‘t
102 449 270 510 nuntiet
300 449 380 491 eis
404 447 626 500 Quatenus
654 445 914 490 discretione
945 444 1176 499 spirituum
1206 456 1278 488 or-

40 591 42 593 ·
67 578 212 639 ³²irttus
232 592 319 650 23
339 593 409 636 uie
431 592 628 636 veritatis
653 589 843 633 infundit
873 589 928 632 aa
959 588 1274 632 salvationem:

40 654 136 713 “aid
154 664 274 716 item,
316 664 432 722 quod
465 663 742 719 spiritusille
777 662 1048 706 seductorius
1085 660 1276 716 suggerit

54 742 90 796 ζμ
117 736 428 793 deceptionem.
454 734 540 779 Sed
578 733 629 777 ad
665 733 936 790 agnoscenda
979 743 1136 775 arcana
1166 731 1273 782 baec,

106 809 303 860 occulta,
334 820 420 852 non
469 807 609 851 solum
635 805 890 864 quaerendos,
933 805 1008 848 sed
1039 810 1081 847 et
1110 803 1276 847 orando

46 869 54 893 ²
106 870 337 939 'ingemus
369 879 422 924 Et
455 892 567 936 saepe
602 880 702 936 pius
736 877 900 922 invenit
933 877 1128 933 pulsator
1151 874 1275 932 ,quod

38 951 287 1001 temerarius
335 964 423 996 non
478 955 669 996 meretur
720 954 1030 1006 perscrutator.
1081 946 1135 988 Et
1178 945 1274 989 ideo

154 1027 294 1072 solum
326 1025 532 1070 debemus
567 1023 605 1068 ei
650 1023 714 1067 ire
751 1023 940 1073 obviam,
979 1021 1055 1066 sed
1095 1019 1275 1063 iuliane

47 1089 158 1142 v*am
186 1109 335 1143 vocem
374 1108 684 1154 prorumpere,
724 1100 768 1139 et
805 1095 982 1139 dicere:
1019 1094 1102 1146 Qui
1138 1091 1272 1150 (248)

54 1175 137 1233 &is
175 1171 328 1225 lsrael,
366 1171 558 1224 ἐπιεικέα
587 1172 659 1229 qui
698 1170 868 1215 deducis
904 1170 1010 1214 velut
1049 1183 1161 1213 orem
1195 1168 1276 1213 Jo-

30 1234 155 1304 [s‘epla‚·
185 1245 256 1302 qui
279 1243 393 1288 sedes
416 1257 539 1300 super
562 1243 790 1297 cherubim,
825 1244 972 1287 nuntia
1000 1242 1135 1295 uobis,
1161 1243 1198 1286 si
1228 1250 1273 1286 tu

0 1366 4 1378 ,-
31 1332 75 1365 es
95 1313 180 1375 ipse
202 1316 340 1376 (Psal.
363 1330 511 1370 cxxix,
527 1316 590 1375 2).

0 1391 1 1402 ³
81 1391 135 1437 V.
167 1390 313 1444 Scitis,
339 1390 512 1442 fratres,
539 1390 642 1447 quia
663 1390 854 1434 omniurn
878 1390 1088 1434 virtutum
1114 1389 1274 1445 prima-

0 1471 122 1522 atum
157 1463 347 1508 charitas
386 1469 516 1507 tenet.
555 1461 603 1506 Si
637 1462 754 1506 enim
791 1462 985 1507 ebaritas
1017 1463 1172 1519 parcit,
1204 1475 1274 1507 re-

0 1556 2 1566 ·
71 1536 86 1549 “
113 1549 161 1582 sa
182 1537 319 1594 pietas
344 1549 432 1580 non
453 1541 542 1590 est;
565 1541 609 1580 et
630 1535 668 1579 si
688 1535 883 1579 charitas
903 1534 1097 1592 corrigit,
1124 1534 1274 1579 distri-

27 1609 118 1659 cito
147 1609 284 1668 rigida
327 1622 416 1653 non
460 1614 542 1653 est.
581 1606 628 1651 Si
659 1607 751 1664 ipsa
781 1607 972 1664 erigente
1004 1608 1048 1651 in
1080 1613 1274 1651 contem·

0 1718 1 1722 ,
33 1678 220 1756 piatione
249 1682 517 1733 sublimaris,
552 1693 638 1724 non
667 1679 850 1734 errabis,
884 1680 988 1736 quia
1021 1686 1164 1724 mente
1197 1693 1272 1724 cx-

29 1738 146 1803 cedis
167 1753 256 1800 Deo
287 1753 358 1812 (11
383 1753 481 1798 Cor
505 1767 577 1805 xv,
612 1752 700 1810 15).
727 1751 772 1795 Si
807 1752 901 1808 ipsa
935 1752 1186 1796 moderante
1217 1752 1271 1796 ad

31 1827 239 1883 actionem
271 1826 515 1879 descendis,
556 1839 644 1870 non
677 1825 1034 1883 praecipitaberis,
1070 1826 1172 1882 quia
1198 1838 1271 1869 so-

28 1898 146 1947 brius
178 1914 226 1947 es
257 1901 397 1947 nobis.
434 1900 535 1945 Haec
571 1913 785 1956 namque,
819 1898 872 1943 de
901 1910 988 1956 qua
1023 1899 1266 1956 loqui-mur,

28 1967 244 2038 charitas,
286 1974 405 2017 scala
441 1977 524 2021 est,
564 1970 691 2027 cujus
728 1970 910 2015 inferior
941 1982 1042 2027 pars
1076 1977 1265 2023 terram,

22 2045 254 2102 ‘summitas
287 2056 390 2090 vero
422 2043 558 2101 tangit
590 2044 762 2088 coelum
802 2042 907 2096 Quae
936 2049 979 2087 et
1008 2044 1151 2100 ipsum
1183 2042 1268 2088 Do-

27 2116 188 2181 minum
206 2117 288 2161 sibi
307 2117 415 2174 gerit
429 2128 624 2159 innixum
648 2114 766 2173 (Gen.
786 2127 872 2159 xxx
875 2125 942 2167 m,
971 2113 1041 2168 12,
1064 2121 1107 2159 'et
1132 2128 1228 2172 seq.
1231 2114 1263 2172 ),

21 2191 99 2252 qui
120 2197 296 2248 paratus
317 2198 384 2234 est
402 2201 677 2233 remunerare
699 2201 786 2232 nou
806 2188 946 2232 solum
962 2188 1265 2241 ascendentes,

814 61 1117 110 SERMONES.
1152 86 1205 93 —
1234 59 1287 103 {N
1316 60 1578 106 ADVENTU
1612 63 1812 109 nonth.

503 157 596 211 &h
622 147 757 211 Super
778 169 896 212 quem
924 156 1035 198 enim
1059 154 1284 210 requiescet
1298 132 1343 199 7Α
1364 158 1460 207 pter
1481 153 1752 198 dulcedinem
1781 154 1874 207 Dei,
1900 155 1964 199 vel
1991 154 2209 201 subtracta
2233 162 2603 219 contemplatione,

92 507 140 576 ti,
172 519 390 565 evidenter
423 517 746 576 deprehendant
779 517 883 572 quid
911 515 1017 559 illud.
1050 516 1124 567 sit,
1162 516 1294 573 quod.

2519 75 2601 121 ¹50

1363 225 1564 270 insistere
1587 228 1768 279 actioni,
1795 234 1970 284 propter
1988 233 2289 276 necessitatem
2315 235 2518 289 proximi.

1361 332 1363 334 ,
1415 295 1505 341 vlt.
1541 297 1623 350 Qui
1644 311 1748 354 ergo
1777 301 1886 355 regis
1918 299 2264 355 Israel‚intende,
2292 306 2330 346 id
2357 315 2437 356 cst,
2463 307 2607 362 dispo-

1358 367 1428 411 nis
1454 371 1829 426 contemplativos,
1859 384 1913 416 ne
1939 373 2142 417 aberrent
2164 391 2175 420 ς
2199 377 2282 429 Qui
2308 377 2474 421 deducis
2500 379 2609 422 celat

1358 453 1471 484 orem
1502 439 1679 497 Ioseph,
1719 443 1762 487 id
1795 449 1862 487 est
1887 444 1940 488 de
1976 446 2144 491 actione
2174 448 2222 491 ,in
2259 449 2468 492 actionem
2505 463 2607 506 pro-

1356 513 1478 557 vehis
1511 514 1748 569 simplices,
1785 516 1966 567 activos,
2003 529 2058 561 ne
2099 524 2334 574 tepescant.
2372 522 2457 573 Qui
2492 522 2607 566 sedes

1355 597 1478 640 super
1500 585 1725 637 cherubim,
1761 587 1806 630 id
1839 594 1906 631 est
1931 594 2019 633 tam
2053 591 2217 634 activos
2250 594 2389 648 quam}
2413 599 2609 637 contem-

1355 658 1541 713 plativos
1573 659 1617 702 in
1651 660 1800 703 schola
1820 660 2064 706 dilectionis
2090 663 2255 715 erudis,
2280 678 2334 708 ne
2356 667 2424 709 vel
2448 666 2520 710 isti
2541 671 2607 710 teo

1356 742 1474 774 mere
1508 732 1747 775 scrutando
1780 732 1826 775 in
1860 746 2069 787 errorem,
2095 736 2162 779 vel
2186 736 2247 779 illi
2281 737 2497 782 desidiose
2528 751 2607 783 ne-

1354 802 1552 857 gligendo
1587 803 1782 848 incidant
1816 805 1860 850 in
1884 811 2090 861 teporem.
2136 806 2298 852 Nuntia
2330 811 2463 863 nobis,
2489 812 2525 855 si
2559 805 2607 857 tn

1354 886 1396 916 es
1426 875 1526 929 ipse,
1555 880 1608 917 ut
1637 875 1798 920 lumine
1822 878 2035 922 claritatis
2065 870 2296 924 clarificati
2320 894 2606 938 agnoscamus

1354 947 1537 1001 qualiter
1569 948 1867 1003 contemplari,
1887 951 2074 1005 qualiter
2090 952 2220 995 etiam
2246 953 2478 999 debeamus
2501 967 2605 1012 ope-

1355 1018 1456 1062 rari.
1480 1018 1534 1062 Et
1558 1019 1713 1065 ardore
1737 1021 1838 1065 item
1863 1022 2056 1078 ejusdem
2093 1025 2305 1069 claritatis
2330 1026 2599 1081 inflammati,

1354 1091 1543 1137 sciamus
1570 1094 1785 1149 quomodo
1808 1099 1864 1147 tc,
1889 1100 1930 1138 et
1955 1095 2155 1140 affectare
2178 1097 2410 1143 debeamus
2432 1113 2507 1155 per
2529 1100 2604 1144 de-

1354 1165 1562 1209 siderium
1599 1168 1775 1219 amoris,
1802 1173 1843 1210 et
1868 1170 2104 1223 promereri
2137 1182 2347 1226 queamus
2370 1184 2446 1226 per
2465 1185 2601 1228 *exer-

1299 1222 1333 1265 Β
1356 1238 1504 1281 citIum
1537 1238 1717 1284 laboris.
1744 1238 1849 1292 Quae
1887 1253 1990 1284 vero
2018 1244 2209 1298 posthaec
2246 1244 2290 1286 in
2323 1245 2603 1300 subsequenti

1354 1324 1482 1355 versu
1508 1311 1713 1356 dicuntur
1730 1327 1746 1356 ;
1764 1311 2040 1370 manifestare
2075 1314 2190 1374 (249)
2215 1329 2357 1360 coram
2381 1317 2600 1373 Ephraim,

1353 1383 1575 1439 Benjama'n
1611 1391 1653 1429 et
1682 1383 1898 1440 manasse,
1933 1388 2102 1443 plenam
2135 1389 2327 1433 omnium
2365 1390 2602 1438 visibilium

1353 1458 1551 1514 designat
1581 1459 1866 1514 oblivionem,
1890 1473 1986 1518 quae
2017 1473 2105 1505 non
2135 1462 2218 1506 nisi
2244 1475 2321 1520 per
2345 1463 2480 1506 solam
2504 1476 2604 1520 per-

1353 1529 1511 1574 fectam
1547 1532 1789 1589 acquiritur
1828 1533 2120 1579 dilectionem.
2174 1533 2322 1592 Igitur,
2372 1542 2601 1593 postquam

1351 1604 1495 1648 eundo
1526 1606 1566 1650 ei
1599 1606 1800 1658 obviam,
1834 1606 1888 1651 de
1933 1607 2078 1663 seipso
2111 1609 2384 1664 percunctati
2418 1623 2598 1663 sumus;

1349 1683 1581 1734 postquam
1611 1679 1778 1724 orando
1806 1693 1864 1724 an
1897 1679 1990 1736 ipse
2023 1681 2112 1734 sit,
2146 1682 2196 1724 ut
2235 1681 2363 1726 nobis
2395 1683 2598 1734 nuntiet,

1351 1750 1570 1807 deprecati
1601 1764 1770 1804 sumus,
1803 1753 1912 1796 certi
1941 1754 2029 1810 jam
2067 1753 2120 1797 de
2157 1754 2252 1810 ipso
2283 1753 2437 1804 effecti.
2468 1761 2514 1798 ut
2545 1754 2601 1799 ad

1350 1823 1602 1867 salvandum
1633 1835 1713 1868 nos
1746 1824 1907 1875 veniat,
1940 1837 2114 1869 oremus
2143 1830 2186 1868 et
2218 1824 2443 1870 dicamus:
2467 1824 2598 1869 Exei-

1351 1902 1412 1946 ta,
1431 1894 1621 1948 Domine,
1645 1897 1870 1952 potentiam
1896 1905 2028 1948 tuam,
2048 1903 2087 1939 et
2109 1896 2214 1948 reni,
2235 1902 2280 1938 at
2299 1896 2436 1940 salvos
2457 1896 2599 1953 facias

1348 1980 1439 2012 nos.

1402 2040 1510 2085 vm.
1541 2041 1695 2088 Nonne
1717 2044 1833 2087 bunc
1855 2043 1995 2088 tenuit
2018 2043 2213 2089 ordinem
2246 2050 2424 2090 sanctus
2446 2043 2593 2097 Josae.

1347 2116 1421 2173 qui
1460 2117 1611 2162 videns
1652 2119 1849 2174 angelum
1886 2120 2115 2175 requisivit
2153 2120 2301 2177 dicens
2332 2119 2518 2164 :Noster
2549 2132 2594 2164 es

1346 2203 1401 2232 an
1425 2190 1758 2234 adversariorum
1780 2195 1800 2235 Σ)
1825 2191 1970 2249 (losne-
1992 2206 2033 2243 v,
2058 2193 2111 2236 15
2133 2178 2340 2252 et-seqq.)
2363 2193 2444 2246 Qui
2475 2200 2595 2250 post-

29 2263 250 2321 sedetiam
274 2262 600 2308 descendentes.
625 2260 661 2306 si
685 2266 829 2304 tamen
863 2260 946 2303 hoc
974 2260 1115 2304 solum
1137 2272 1264 2303 cura-
1286 2286 1319 2332 C
1347 2275 1474 2319 quam
1507 2264 1680 2319 agnovit
1713 2265 1812 2320 quis
1846 2270 1962 2309 esset
1982 2297 1992 2317 ,
2030 2266 2082 2310 sd
2116 2266 2400 2311 obediendum
2451 2279 2594 2323 prom-

27 2345 115 2384 tum
151 2337 294 2392 fuerit,
318 2344 366 2381 ut
400 2349 530 2394 super
561 2335 722 2379 Filium
743 2334 933 2378 hominis
966 2332 1202 2377 ascendant
1223 2339 1267 2378 ct

27 2410 284 2457 descendant
320 2410 464 2468 (Ιοαη.
504 2423 550 2463 ι,
573 2409 661 2468 51).
701 2407 834 2466 Igitur
870 2420 948 2464 per
982 2405 1116 2452 lsrael
1154 2406 1265 2449 visio

26 2483 229 2540 accipitur
258 2483 415 2528 divinae
452 2481 846 2539 contemplationis,
882 2491 960 2536 per
990 2477 1148 2535 «loseph
1186 2489 1265 2521 au⁴

25 2544 238 2614 gmcntum
258 2556 382 2600 bonae
404 2556 601 2606 aetionis,
626 2566 702 2611 per
723 2553 946 2597 cherubim
964 2552 1173 2609 perfectio
1197 2550 1263 2595 di·-

25 2620 234 2682 lectionis,
256 2631 358 2686 quia
380 2629 602 2674 cherubim
625 2625 838 2683 plenitudo
868 2626 1055 2670 scientim
1083 2625 1257 2670 dicitur.

12 2700 91 2764 Et,
133 2707 364 2748 attestante
398 2701 551 2752 Paulo,
596 2699 809 2757 plenitudo
848 2699 947 2756 leqis
991 2705 1052 2742 est
1094 2699 1260 2742 dileetio

26 2771 157 2831 (Rom.
177 2788 272 2828 xm,
294 2776 382 2834 10).
405 2774 488 2820 Sed
513 2772 644 2819 Israel
668 2773 849 2830 regitur,
874 2774 974 2830 quia
1000 2773 1044 2815 in
1069 2780 1260 2816 contem-

25 2839 206 2902 platione
240 2849 439 2899 maxime,
476 2860 530 2890 ne
563 2845 828 2897 aberremus,
854 2843 1086 2901 gubernari
1123 2857 1147 2887 a
1174 2843 1259 2887 nez

23 2920 137 2965 mino
175 2920 428 2977 indigemus.
455 2920 576 2963 Multi
614 2919 729 2964 enim
763 2919 928 2962 visione
964 2918 1119 2961 divinae
1154 2930 1259 2962 cou-

25 2993 305 3049 templationis
329 2993 558 3037 illuminati
582 2998 699 3042 sunt,
737 2991 811 3035 sed
829 2991 929 3047 quia
952 2989 1085 3033 Deum
1109 2991 1152 3033 in
1176 2989 1258 3033 hac

25 3064 184 3110 visione
214 3068 403 3124 peccatis
422 3067 512 3111 suis
533 3065 815 3122 exigentibus,
851 3063 1075 3107 ductorem
1101 3069 1142 3106 et
1169 3062 1259 3107 dis-

25 3138 250 3194 positorem
292 3153 378 3184 non
418 3140 692 3190 babuerunt,
743 3137 948 3186 luminis,
981 3135 1095 3190 quod
1130 3147 1258 3190 super

26 3213 305 3264 seemicabat,
347 3219 388 3256 et
408 3212 477 3255 cui
501 3211 742 3262 temerarie,
767 3215 913 3266 utpote
937 3210 1029 3253 sine
1051 3209 1160 3252 duce
1180 3206 1256 3266 [al.

25 3282 209 3343 ductore]
247 3285 542 3337 intendebant,
573 3284 864 3328 immensitate
895 3281 1176 3333 reverberati,
1212 3281 1258 3324 in

1347 2341 1467 2390 ptum
1508 2348 1554 2380 se
1594 2341 1636 2379 et
1670 2343 1867 2393 paratum
1903 2337 2112 2382 exhihuit.
2155 2338 2283 2390 Quid,
2325 2339 2481 2395 inquit,
2507 2339 2596 2382 Do-

1345 2410 1481 2452 minus
1509 2409 1691 2466 loquitur
1714 2409 1769 2452 ad
1800 2424 1962 2454 servunt
1997 2413 2150 2456 sutem?
2172 2411 2267 2468 lpse
2289 2424 2458 2469 quoque
2490 2424 2593 2469 apo-

1344 2481 1554 2525 stolorum
1590 2483 1757 2538 primns
1780 2483 1928 2526 venire
1965 2481 2020 2526 ad
2048 2482 2275 2527 Dominum
2311 2495 2440 2540 supra
2473 2497 2593 2528 mare

1342 2555 1498 2606 voluit3
1524 2555 1600 2598 sed
1618 2556 1756 2611 prius,
1772 2569 1828 2599 an
1851 2556 1942 2611 ipsc
1965 2563 2096 2606 esset,
2123 2557 2286 2600 erudiri
2306 2558 2467 2614 optavit
2484 2557 2591 2601 :Do-

1341 2628 1466 2679 mine,
1480 2629 1636 2684 inquit,
1655 2630 1692 2671 si
1711 2636 1754 2671 tu
1771 2643 1829 2679 es,
1839 2629 1941 2685 jube
1960 2643 2025 2675 me
2040 2631 2175 2673 venire
2193 2630 2247 2672 ad
2266 2639 2302 2674 te
2321 2645 2443 2687 super
2458 2644 2590 2688 aquas

1342 2700 1511 2756 (Manli.
1537 2714 1626 2752 xiv,
1656 2702 1746 2759 28).
1769 2702 2014 2746 Potentiam
2040 2715 2163 2746 suam
2186 2703 2361 2751 excitat,
2389 2716 2486 2747 cum
2508 2714 2590 2749 nos

1339 2775 1507 2819 sal-:are
1528 2775 1735 2826 decernit,
1759 2775 1859 2830 quia
1885 2774 1921 2818 si
1943 2774 2134 2819 decrevit
2169 2776 2337 2818 salvare
2360 2787 2454 2826 nos,
2481 2789 2586 2819 con-

1338 2848 1461 2890 tinuo
1485 2848 1781 2891 liberabimur.
1801 2846 1945 2898 Venit,
1969 2859 2065 2890 cum
2085 2849 2266 2903 gratiam
2286 2848 2412 2892 nobis
2435 2847 2587 2893 salutis

1338 2920 1561 2976 impendit.
1593 2919 1740 2963 Salvat
1768 2932 1886 2973 vero,
1911 2932 2008 2963 cum
2042 2920 2196 2963 salutis
2221 2922 2587 2976 perseverantiam

1336 2993 1550 3043 tribuens,
1576 2992 1716 3046 ipsum
1739 2992 1862 3047 plene
1885 3004 1934 3034 ae
1955 2991 2145 3048 perfecte
2168 2991 2213 3034 in
2238 2990 2363 3035 nobis
2385 2992 2585 3035 morbum

1338 3067 1601 3126 captivitatis
1622 3071 1816 3109 evacuat.

1394 3138 1464 3183 lX.
1498 3138 1575 3183 Est
1609 3138 1749 3182 adbuc
1781 3139 1822 3181 ia
1858 3139 2000 3182 verbis
2035 3139 2130 3181 istis
2157 3149 2310 3182 sensus
2340 3136 2466 3189 alius,
2501 3135 2583 3179 mi·

1338 3224 1421 3255 nus
1450 3211 1622 3267 quidem
1662 3209 1847 3259 subtilis,
1885 3210 1961 3253 sed
1993 3210 2129 3264 magis
2163 3209 2420 3258 eommunis,
2453 3219 2580 3262 quem

1337 3285 1528 3329 breviter
1553 3284 1642 3339 jam
1679 3293 1999 3338 percurremus,
2033 3281 2133 3336 quia
2168 3279 2358 3323 debitum
2389 3278 2580 3334 exposcit

23 3350 215 3405 tenebras
250 3358 472 3416 caliginosi
508 3358 670 3403 erroris
706 3357 895 3412 devoluti
932 3361 1048 3400 sunt.
1095 3353 1253 3410 Ioseph
1281 3356 1551 3403 Dsermonis
1581 3355 1710 3409 huius
1745 3353 1970 3410 prolixitas
2006 3353 2150 3396 linem.
2187 3349 2316 3395 Scitis
2349 3351 2450 3406 quia
2483 3362 2579 3394 ver-

23 3429 132 3474 velut
153 3432 244 3475 ovis
270 3431 511 3483 deducitur,
536 3430 638 3487 quia
669 3429 787 3474 vadit
821 3429 874 3474 de
903 3428 1062 3473 virtute
1098 3427 1142 3470 in
1167 3427 1255 3471 vir-

23 3504 167 3554 tutem,
207 3501 403 3559 simplex,
439 3502 594 3554 active,
631 3503 748 3545 velut
785 3500 892 3562 ovis
916 3499 968 3544 de
991 3499 1164 3556 pascuis
1199 3498 1253 3541 ad

23 3585 190 3628 pascua.
215 3575 271 3619 Ut
293 3577 418 3632 quasi
445 3582 505 3620 tot
528 3576 702 3632 pascuis
724 3575 818 3618 ovis
845 3573 1111 3631 pinguescat,
1136 3571 1252 3628 quod

23 3647 179 3691 sanctis
206 3648 446 3693 actionibus
478 3648 676 3704 egregius
710 3651 911 3703 operator
941 3645 1140 3689 insistere
1163 3656 1251 3687 non

23 3724 170 3764 cessat.
212 3721 295 3764 Sed
335 3722 436 3778 quia
472 3722 661 3778 qualiter
697 3720 765 3764 vel
801 3717 1128 3775 contemplando
1167 3717 1249 3760 viri

23 3791 154 3838 sancti
174 3793 378 3838 excedere
400 3793 503 3845 Deo,
529 3795 595 3838 vel
625 3794 735 3838 bene
756 3792 974 3851 operando
997 3790 1129 3835 sobrii
1153 3801 1249 3833 esse

21 3859 226 3918 debeant,
265 3868 390 3912 nobis
427 3869 579 3912 matris
617 3868 841 3912 charitatis
878 3866 1109 3924 disponere
1150 3869 1245 3914 est,

21 3942 237 3993 postquam
263 3939 338 3997 [at.
364 3949 405 3984 et
428 3941 523 3985 ideo
548 3939 791 3998 postquam]
819 3939 927 3998 regit
957 3937 1104 3988 lsrael,
1129 3943 1248 3992 post-

20 4018 140 4062 quam
162 4009 330 4056 deducit
353 4012 526 4069 loseph,
552 4014 680 4057 etiam
703 4013 852 4057 sedere
876 4011 1084 4055 Dominus
1118 4019 1247 4064 super

21 4080 232 4126 cherubim
253 4085 514 4141 perhibetur.
541 4085 596 4128 Ut
623 4086 666 4128 in
690 4087 832 4140 quiete
853 4085 1037 4140 geminat
1059 4082 1245 4126 charita-

21 4150 220 4208 tis'plene
249 4154 488 4206 addiscant,
527 4157 593 4199 vel
628 4156 800 4211 quando
835 4155 1011 4207 omissa,
1049 4151 1103 4195 ad
1135 4158 1244 4194 tem-

21 4233 122 4279 plis,
154 4227 319 4272 actione
359 4241 514 4273 vacare
549 4229 730 4272 debeant
763 4225 1112 4284 contemplationi
1143 4235 1240 4279 pro·

43 4365 186 4426 (248)
201 4367 263 4412 Ex
298 4368 444 4415 officio
481 4370 635 4415 eccles.
676 4370 795 4413 Dum.
817 4370 966 4427 primae
1005 4364 1240 4411 Adventus.

1335 3431 1452 3475 sutia
1482 3428 1693 3472 diabolica
1723 3426 1924 3483 prolapso
1954 3425 2126 3468 bomine
2155 3425 2199 3467 in
2222 3424 2407 3480 culpam,
2430 3435 2481 3466 ae
2504 3435 2580 3478 per

1335 3503 1418 3546 hoc
1456 3501 1660 3557 depresso
1702 3499 1820 3543 etin
1867 3510 2055 3554 poenam,
2099 3497 2212 3540 idem
2256 3495 2394 3539 bostis
2440 3494 2577 3538 versi-

1332 3575 1482 3631 pellis,
1528 3572 1600 3629 qui
1647 3584 1742 3616 eum
1784 3572 1983 3626 primitus
2022 3569 2344 3618 fraudulenter,
2386 3572 2578 3623 postmoe

1332 3650 1435 3690 dum
1471 3646 1684 3690 violenter
1720 3644 1874 3696 tenuit,
1917 3649 1965 3686 nt
1999 3642 2036 3685 ei
2077 3654 2163 3685 non
2198 3640 2425 3689 sufficeret,
2461 3639 2574 3694 quod

1330 3723 1511 3761 stantem
1537 3721 1844 3772 prostraverat,
1863 3715 1945 3757 nisi
1979 3713 2215 3770 tyrannidis
2232 3724 2320 3755 suae
2336 3711 2574 3754 dominium

1330 3790 1414 3846 27
1443 3794 1661 3833 exerceret
1679 3794 1719 3831 et
1744 3788 1785 3830 in
1810 3792 2086 3843 prostratum.
2123 3784 2269 3840 ltaque
2284 3790 2372 3826 tam
2392 3783 2573 3826 misera-

1328 3862 1472 3906 biliter
1502 3861 1731 3914 seductus‚
1764 3868 1935 3914 tamque
1966 3859 2155 3914 graviter
2194 3859 2329 3913 culpae
2361 3857 2487 3899 simul
2522 3868 2573 3899 ae

1327 3945 1465 3990 poenae
1480 3932 1663 3976 vinculis
1685 3931 1856 3987 ligatus,
1876 3931 1961 3973 nisi
1985 3931 2039 3981 ei,
2066 3930 2138 3984 qui
2157 3930 2275 3972 solus
2299 3928 2451 3983 potuit,
2472 3939 2572 3982 gra-

1326 4006 1435 4048 tuita
1473 4011 1550 4049 sua
1588 4003 1723 4059 gratia
1758 4010 2053 4046 succurreret:
2086 4007 2256 4045 aeternae
2284 4000 2571 4044 damnationis

1324 4075 1474 4132 jugum
1510 4075 1753 4117 nullatenus
1788 4073 1966 4116 evadere
2002 4077 2163 4128 posset.
2204 4070 2440 4114 Providens
2467 4081 2570 4123 crgo

1327 4148 1440 4191 Deus
1474 4148 1652 4204 gratiam
1691 4139 1947 4189 salvationis
1970 4146 2079 4199 ejus,
2112 4144 2297 4200 providit
2327 4147 2369 4186 et
2394 4141 2569 4183 medum

1326 4220 1520 4276 ejusdem
1542 4219 1861 4273 redemptionis.
1893 4217 2179 4260 Salvationem
2204 4216 2402 4259 videlicet
2424 4213 2563 4256 homi«

1386 4360 1501 4418 (220)
1533 4358 1595 4400 Ex
1621 4356 1758 4400 officio
1782 4355 1933 4399 eccles.
1963 4355 2034 4397 ubi
2057 4367 2151 4410 sup.
