2924 4588
328 106 406 166 ⁷⁵¹.)

322 267 463 315 setim,
479 277 531 308 ex
554 262 709 319 quibus
732 256 830 302 asta
854 257 963 300 sacta
984 261 1064 305 est,
1093 255 1190 299 licet
1205 250 1490 310 imputribilia
1513 254 1555 291 et

321 338 447 387 sortia
470 337 571 384 sint,
598 334 728 389 spina:
747 337 890 374 tamen
930 329 1087 373 'similia
1112 335 1211 372 sunt
1235 342 1246 379 ;
1271 334 1313 369 et
1351 336 1429 380 per
1468 322 1555 376 spi-

321 421 418 452 nam
443 408 547 451 solet
565 396 871 458 rfflnnunquam
895 401 936 444 in
962 399 1187 456 Scriptura
1233 410 1356 442 sacra
1391 394 1555 451 peccati

319 481 493 537 punctio
525 476 753 532 designari.
800 473 884 518 Sed
927 484 1037 516 arcae
1074 471 1174 515 huic
1214 468 1556 526 propitiatorium

321 550 693 608 superimpositum
718 553 841 598 erat;
865 546 965 601 quia
987 544 1120 588 Deum
1138 543 1250 586 inter
1270 549 1446 585 caeteras
1473 538 1557 580 vir-

320 632 430 668 tutes
448 635 521 665 sua
542 622 677 677 pietas
697 620 879 663 maxime
901 617 1185 661 commendat.
1212 614 1334 659 Unde
1363 613 1519 656 dicitur
1544 628 1553 653 2

319 697 463 741 Suavis
490 695 596 737 Deus
614 693 828 743 universis,
846 699 885 734 et
908 690 1184 734 miserationis
1208 688 1296 743 ejus
1328 699 1451 742 saper
1475 699 1559 727 om-

318 772 388 812 nia
408 782 529 822 opera
552 768 657 822 ejus.
677 766 794 809 Venit
815 765 922 808 enim
943 772 1173 819 peccatores
1196 774 1340 805 vocare
1362 760 1416 803 ad
1427 762 1558 814 poem'-

319 845 487 886 tentiam
505 842 621 899 (Lac.
633 856 674 892 v,
688 841 774 896 32):
790 840 928 896 qualis
940 841 981 882 in
996 837 1184 887 nomine,
1196 834 1494 891 talisjexistens
1514 838 1557 877 et

321 917 360 957 in
380 927 534 968 opere;
557 914 656 969 quia
666 925 716 956 ex
738 924 783 955 re
806 917 985 955 vocatur
1001 909 1142 959 Jesus,
1158 907 1256 950 dum
1275 907 1438 951 salvum
1459 904 1559 948 fecit

319 988 518 1043 populum
533 998 654 1030 suum
669 998 692 1028 a
716 983 902 1039 peccatis
914 995 1077 1027 eorum.
1093 981 1211 1026 Hauc
1235 985 1376 1024 autem
1389 978 1560 1025 suavis·-

318 1060 485 1107 simam,
510 1066 551 1100 et
567 1057 854 1100 dulcissimam
871 1056 1004 1111 ipsius
1027 1055 1224 1109 pietatem
1251 1059 1431 1107 utraque
1453 1063 1557 1095 con-

319 1131 503 1173 corditer
514 1130 741 1185 praedicant
756 1126 1182 1173 Testanienta.vetus
1198 1125 1365 1181 quidem
1377 1136 1451 1180 per
1462 1124 1556 1178 eJ'us

319 1205 619 1246 humanitatem
633 1203 769 1245 adhuc
780 1201 979 1248 futuram:
993 1199 1155 1242 Novum
1165 1211 1266 1242 vero
1278 1210 1351 1253 per
1361 1197 1550 1240 eamdem

315 1276 404 1330 jam
427 1275 598 1325 saetam,
625 1275 742 1330 quasi
767 1274 850 1317 duo
873 1273 1076 1317 cherubin
1100 1273 1143 1314 in
1169 1284 1314 1318 unum,
1351 1271 1546 1324 idemque

318 1360 427 1391 arcae
448 1348 789 1403 propltiatorium
827 1358 927 1390 suos
966 1346 1103 1388 vultus
1146 1343 1369 1393 vertentia,
1418 1354 1548 1396 seque

317 1430 479 1473 mutuo,
493 1430 618 1476 atque
635 1421 771 1475 ipsum
797 1419 1136 1475 propitiatorium
1163 1416 1482 1472 prospicientia.
1502 1414 1547 1457 ln

317 1493 398 1536 hae
415 1506 514 1537 vero
544 1505 642 1535 arca
660 1505 813 1535 manna
832 1497 913 1541 est,
939 1491 1106 1540 labaim,
1132 1496 1174 1533 et
1212 1489 1357 1545 virga;
1381 1488 1482 1544 quia
1505 1487 1547 1530 in

317 1565 489 1609 Christo
506 1572 587 1616 est,
611 1566 789 1608 dulcedo
812 1563 1116 1615 clenxeutire,et
1139 1562 1358 1619 plenitudo
1379 1561 1548 1617 sapien-

317 1638 403 1689 tiae,
443 1645 483 1681 et
501 1637 721 1692 :equalitas
740 1637 929 1691 justitiae.
953 1634 1061 1679 Sunt
1078 1635 1122 1682 in
1139 1646 1238 1678 arca
1255 1635 1424 1684 tabulae,
1449 1635 1549 1689 quia

317 1711 361 1753 in
382 1710 551 1753 Christo
576 1715 676 1753 sunt
698 1721 846 1752 omnes
867 1708 1058 1754 thesauri
1088 1708 1306 1763 sapientiae
1343 1713 1385 1751 et
1410 1707 1550 1750 scien-

317 1782 387 1823 tiae
411 1781 680 1833 absconditi;
702 1787 768 1825 est
793 1781 836 1823 in
871 1793 919 1824 ea
944 1781 1078 1837 virga,
1097 1780 1195 1836 quia
1212 1792 1327 1823 omne
1341 1778 1548 1834 judicium

317 1853 428 1897 dedit
447 1853 572 1897 Pater
588 1853 699 1897 Filio
719 1854 858 1910 (loon.
889 1853 1011 1910 suffit)
1033 1868 1045 1906 ;
1074 1859 1140 1897 est
1160 1859 1202 1897 et
1225 1853 1269 1896 in
1291 1864 1339 1895 ea
1359 1864 1514 1894 manna
1533 1866 1545 1904 ;

317 1927 418 1983 quia
438 1927 548 1970 sieut
578 1926 776 1983 superius
798 1926 958 1970 dictum
982 1932 1064 1977 est,
1096 1931 1138 1969 et
1183 1926 1338 1987 saepius
1360 1924 1444 1969 dici
1474 1924 1550 1968 de·-

318 1999 404 2050 bet,
428 2004 469 2043 et
487 2011 706 2055 nunquam
721 1999 921 2042 oblivioni
962 1999 1087 2050 tradi,
1125 1997 1223 2042 Non
1265 1999 1371 2041 venit
1407 2010 1550 2041 vocare

311 2072 472 2126 justos,
511 2071 580 2114 sed
602 2078 829 2126 peccatores
851 2071 903 2114 ad
928 2073 1205 2125 poenitemiam
1228 2070 1342 2128 (Luc.
1379 2084 1421 2121 v,
1457 2070 1546 2128 3⁶2).

319 2147 491 2192 Tabulae
523 2149 663 2205 itaque
693 2147 747 2190 ad
783 2149 1050 2203 sapientiam,
1087 2147 1206 2202 virga
1243 2146 1295 2189 ad
1316 2147 1546 2202 justitiam,

319 2235 475 2266 manna
493 2223 672 2278 pertinet
693 2221 745 2265 ad
762 2222 1045 2266 clementiam.
1068 2220 1255 2271 Intende,
1278 2221 1432 2277 iuquit,
1457 2233 1549 2276 pro-

319 2309 447 2350 spere,
466 2294 646 2349 procede,
664 2303 703 2338 et
727 2308 847 2350 reyna
868 2310 878 2338 t
903 2303 1064 2350 pro-pter
1087 2295 1312 2346 veritatem,
1352 2301 1389 2338 et
1428 2308 1546 2338 man-

321 2368 591 2419 suetudinem,
610 2369 868 2423 etjusritiam
909 2368 1046 2425 (Psal.
1073 2382 1187 2421 xmv,
1213 2370 1270 2426 5).
1301 2368 1493 2422 Intende,
1527 2383 1552 2415 0

263 2495 266 2498 Ι
321 2441 509 2495 sapiens!
533 2440 729 2496 procede,
747 2452 773 2484 o
796 2441 1011 2485 clemens!
1052 2454 1197 2499 regna,
1224 2454 1250 2485 o
1270 2444 1447 2498 potens!
1487 2441 1556 2486 ln-

320 2514 459 2561 tende,
498 2514 650 2569 inquit,
670 2525 696 2556 o
719 2514 912 2569 sapiens!
938 2520 1114 2570 propter
1155 2515 1462 2571 plenitudinem
1484 2529 1558 2561 ve-

320 2586 477 2635 ritatis,
502 2598 595 2641 quae
617 2586 742 2630 estin
757 2586 940 2638 tabulis;
966 2587 1164 2642 procede,
1184 2600 1210 2631 o
1226 2588 1438 2632 clemens!
1458 2602 1557 2644 pro-

320 2663 414 2710 pter
443 2657 694 2700 suavitatem
716 2656 1071 2708 mansuetudinis,
1097 2670 1192 2713 quae
1217 2666 1281 2702 est
1305 2658 1346 2701 in
1371 2671 1554 2713 manua;

321 2739 511 2783 regnam
543 2729 717 2785 potens!
766 2735 939 2785 propter
974 2730 1212 2786 aeqnitatem
1236 2731 1430 2787 justitiae,
1463 2745 1558 2788 quae

319 2806 386 2843 est
409 2799 452 2843 in
476 2800 609 2857 virga.
636 2799 687 2843 Et
704 2800 794 2845 baec
813 2801 878 2845 sac
897 2802 1039 2858 specie
1060 2809 1150 2854 tua,
1173 2809 1216 2847 et
1239 2805 1556 2860 pulchritudine

326 2877 415 2915 tua.
440 2871 774 2926 Pulchritudine,
804 2881 978 2930 propter
1005 2887 1180 2928 aurum;
1199 2877 1356 2932 specie,
1381 2883 1558 2934 propter

324 2945 438 3000 ligna
461 2947 583 2989 setim
601 2961 611 2999 ;
628 2946 703 3002 qui
727 2951 812 2989 tam
845 2947 1021 3003 pulcher
1043 2961 1089 2993 es
1111 2947 1155 2992 in
1171 2962 1276 2992 auro
1302 2949 1555 3003 divinitatis,

324 3021 371 3057 ut
395 3016 438 3058 in
458 3022 501 3059 te
516 3015 759 3061 desiderent
779 3018 915 3074 angeli
933 3019 1201 3074 prospicere:
1227 3026 1314 3063 tam
1334 3021 1557 3076 speciosus

323 3083 367 3126 in
385 3083 512 3139 lignis
529 3084 861 3141 imputribilibus
878 3085 1169 3139 humanitatis,
1186 3093 1234 3130 ut
1249 3092 1291 3131 te
1313 3088 1556 3144 speciosum

323 3154 462 3200 forma
487 3169 574 3212 prae
608 3156 707 3201 siliis
724 3157 943 3201 hominum
966 3159 1171 3215 propheta
1203 3159 1336 3203 David
1373 3168 1554 3214 asserat,

324 3239 449 3283 quem
472 3229 597 3271 unxit
617 3227 730 3273 Deus
747 3228 875 3273 Pater
897 3230 991 3275 oleo
1030 3231 1186 3275 laetitiae.
1215 3244 1303 3288 prae
1337 3234 1560 3291 participi-

322 3301 405 3347 bus
423 3302 508 3345 tuis
533 3300 669 3358 (ibim,
694 3302 753 3360 3).

1175 83 1346 134 Anam
1371 77 1956 131 PRAEMONSTRATENsts

320 171 601 250 nem'quoqde
640 188 781 234 carnis
822 185 986 243 peccati
1033 183 1176 236 venit;
1209 183 1309 238 quia
1351 188 1394 225 et
1435 179 1549 233 ligna
1575 176 1608 221 A
1634 172 1729 216 ldeo
1751 172 1913 216 veritas
1931 171 1987 215 ad
2008 175 2228 225 utrosque,
2258 167 2360 224 quia
2386 168 2471 213 illis
2505 167 2744 226 justitiam,¹
2779 168 2818 214 is

1634 244 1976 289 misericordiam
1990 242 2214 291 exbibens,
2232 241 2429 297 utrisque
2444 253 2492 286 se
2513 252 2708 286 veracem
2731 247 2825 287 oste
2837 262 2855 281 0-

1633 318 1711 368 dit,
1735 316 1864 374 426
1879 316 1980 359 dum
2013 316 2098 359 illis
2122 326 2309 371 poenam,
2334 326 2463 371 quam
2484 314 2772 375 comminatus
2802 331 2841 353 π]

1635 390 1822 444 etJustis
1860 389 2059 444 gloriam,
2088 395 2217 444 quam
2245 388 2464 444 pollicitus
2504 393 2586 439 est,
2627 387 2792 434 reddet.
2838 394 2848 423 ί

1634 459 1870 514 precedent,
1893 459 2048 514 inquit,
2074 458 2144 514 qui
2181 457 2288 501 bona
2310 457 2495 513 fecerunt
2528 458 2574 500 in
2605 459 2855 502 resurrecti
2895 458 2897 462 ⁴

1635 544 1726 574 nem
1747 531 1837 573 ritae
1877 529 2018 587 (loun.
2053 543 2096 579 v,
2124 529 2196 586 29)
2220 545 2230 573 :
2266 541 2367 573 ecce
2389 529 2541 585 gloria,
2567 541 2694 586 quam
2728 529 2818 574 elec
2851 540 2854 554 ’-

1636 604 1875 660 pollicetur.
1904 603 2099 655 Quirero
2125 602 2237 645 mata
2260 609 2428 658 egerunt
2458 603 2500 645 ia
2540 603 2835 648 resurrectione

1628 676 1780 731 judIcii
1802 675 1961 732 (ib.id.):
1987 687 2087 719 ecce
2111 686 2254 730 prena,
2280 687 2407 731 quam
2426 675 2620 731 reprobis
2643 674 2828 721 commin

1637 755 1721 792 tur.
1746 748 1843 792 llaec
1862 755 1929 792 est
1951 749 2127 799 veritas,
2154 760 2249 804 quae
2287 747 2330 791 in
2346 759 2447 791 arca
2471 752 2621 791 nostra
2643 748 2698 792 ab
2717 755 2837 792 aeter

1637 829 1718 871 est,
1745 821 1789 863 in
1812 832 1897 876 qua
1921 821 2229 864 immuabiliter
2261 826 2303 864 et
2325 820 2686 876 praedestinantur
2703 819 2775 875 qui
2821 844 2827 852 .,
2852 865 2855 867 ,

1639 895 1766 938 vandi
1806 900 1922 944 sunt,
1963 900 2004 938 et
2034 895 2322 951 praesciuntur
2362 894 2436 950 qni
2479 893 2726 938 dammandi
2759 906 2829 937 su

1637 967 1772 1020 Quam
1796 967 2000 1010 nimirum
2027 967 2250 1010 veritatem
2276 978 2361 1009 una
2385 978 2482 1010 cum
2501 979 2658 1010 manna
2677 979 2800 1016 mans
2843 999 2846 1001 -

1638 1040 1812 1089 tudinis,
1834 1051 1927 1094 quae
1965 1039 2150 1094 pertinet
2175 1038 2227 1081 ad
2250 1039 2425 1087 electos,
2449 1045 2491 1082 et
2533 1039 2653 1096 virga
2682 1038 2850 1095 justit*

1636 1124 1730 1168 quae
1753 1113 1803 1154 ad
1828 1113 2050 1168 reprobos,
2099 1111 2198 1154 huic
2222 1111 2274 1155 de
2293 1123 2374 1168 qua
2397 1112 2614 1169 loquimur
2657 1123 2768 1156 arcte
2790 1117 2821 1154 t
2848 1142 2849 1145 ¹

1635 1186 1804 1247 reprobi
1843 1198 1969 1242 quam
1988 1185 2111 1228 eiecti
2134 1186 2259 1241 plene
2279 1185 2485 1230 videbunt
2520 1187 2683 1230 inesse:
2709 1198 2852 1242 quan·

1622 1255 1852 1314 ‘impletum
1896 1258 1978 1301 erIt
2015 1258 2130 1312 (guod
2170 1259 2318 1301 eadem
2351 1259 2395 1301 in
2429 1257 2660 1315 Evangelio
2700 1270 2798 1302 arca
2847 1263 2851 1266 ’

1627 1332 1832 1382 minatur,
1872 1339 1913 1375 et
1939 1331 2182 1387 pollicetur,
2227 1331 2404 1376 dicens:
2434 1331 2486 1374 Et
2519 1331 2637 1375 ibunt
2675 1330 2718 1375 lu·
2745 1331 2850 1389 (ha

1628 1405 1804 1448 dubium
1852 1405 1954 1459 quin
1979 1403 2168 1459 reprobi)
2198 1405 2237 1446 in
2261 1404 2510 1459 supplicium
2536 1411 2751 1455 (eternum,
2769 1404 2864 1459 jits

1629 1483 1764 1519 autem
1791 1477 1833 1519 in
1852 1477 1975 1519 vitam
2001 1484 2199 1518 aeternam
2220 1474 2389 1532 (Matth.
2413 1489 2514 1527 xxv,
2538 1475 2629 1533 26).
2659 1475 2791 1532 Igitur
2816 1496 2821 1502 1
2842 1480 2846 1481 ’

1629 1562 1723 1592 cam
1750 1550 1882 1602 illam,
1902 1562 1997 1605 quae
2021 1550 2063 1592 in
2106 1548 2263 1592 Sancta
2289 1554 2535 1594 sanctorum
2579 1548 2801 1604 praefulget
2846 1577 2852 1583 .

1628 1621 1864 1664 terribilem
1897 1620 2025 1664 nobis
2065 1620 2238 1665 exhibet
2279 1621 2416 1677 virga,
2442 1626 2484 1664 et
2506 1620 2731 1664 amabilem
2755 1632 2794 1662 m
2838 1641 2842 1657 ι

1629 1706 1709 1746 na:
1734 1698 1776 1736 et
1809 1684 2032 1736 veritatem
2057 1705 2214 1736 manna
2242 1693 2373 1737 simul
2403 1692 2677 1736 commendat
2707 1697 2750 1736 et
2786 1690 2852 1755 vi-

1629 1779 1681 1823 ga
1701 1799 1712 1815 ,
1742 1766 1846 1824 quia
1883 1765 1937 1809 ab
1957 1771 2119 1810 aeterno
2147 1766 2292 1817 simul,
2312 1769 2355 1810 et
2379 1766 2422 1809 in
2445 1771 2653 1810 oeternum
2677 1777 2778 1809 vera
2818 1794 2837 1826 -3

1629 1839 1813 1883 filiorum
1842 1839 1912 1883 Dei
1931 1838 2100 1890 electio,
2146 1845 2188 1883 et
2230 1838 2414 1884 filiorum
2451 1839 2706 1896 perditionis
2726 1851 2803 1895 rep
2840 1866 2846 1890 ·v

1629 1914 1746 1957 batio
1767 1929 1777 1966 ;
1803 1919 1848 1956 ut
1861 1925 1940 1957 nec
1961 1912 2067 1956 istos
2086 1910 2262 1964 salvari,
2287 1924 2368 1956 nec
2385 1913 2482 1956 illos
2503 1913 2724 1970 contingat
2754 1912 2797 1956 d
2837 1922 2861 1946 ‚2

1627 1988 1739 2031 nari.
1762 1986 1870 2030 Sunt
1906 1987 2050 2042 itaque
2074 1986 2165 2031 haec
2181 1986 2264 2029 tria
2281 1985 2333 2029 ⁴=in
2359 1997 2491 2030 arca:
2518 1986 2652 2042 virga,
2705 1985 2851 2030 tabul

1628 2073 1928 2117 manna;.quae
1950 2061 2032 2104 tria
2066 2067 2172 2112 tres,
2205 2060 2445 2119 „qui‘super
2468 2071 2620 2104 arcani
2655 2060 2793 2116 ipsam
2833 2058 2843 2069 '

1627 2134 1820 2179 inferiori
1837 2136 1933 2191 ejus
1947 2140 2068 2192 parte
2091 2133 2220 2190 positi
2242 2139 2360 2185 sunt,
2387 2134 2636 2190 exprimunt
2667 2133 2828 2190 gradun

2102 2224 2282 2270 CAPUT
2331 2224 2402 2269 IX.

1574 2327 1606 2371 C
1634 2317 1694 2361 De
1717 2324 1848 2371 capite
1863 2329 2035 2365 vermis,
2057 2327 2164 2372 quoa
2183 2313 2238 2358 ad
2255 2313 2490 2371 aquilonem
2521 2321 2666 2357 contra
2687 2311 2860 2356 caudet

1693 2373 1809 2415 hrum
1826 2374 1870 2415 in
1896 2372 2052 2434 Sancta
2069 2371 2348 2428 depictumest
2367 2382 2381 2412 :
2404 2377 2443 2413 et
2460 2368 2681 2435 ‹ie-septem
2697 2367 2840 2435 ejusde
2876 2360 2883 2436 ζ

1693 2427 1932 2472 candelabri
1951 2429 2130 2471 lucernis
2154 2426 2368 2470 moraliter
2389 2433 2601 2481 expositis.
2623 2425 2684 2470 De
2708 2423 2838 2469 tabuit
2859 2436 2869 2484 ᾗ

1692 2487 1821 2541 virya,
1853 2493 1975 2541 atque
1990 2497 2160 2536 mamea,
2175 2496 2266 2541 quae
2283 2483 2327 2526 in
2349 2495 2450 2526 arca
2471 2482 2656 2537 [uerunt.

1691 2575 1813 2620 CLV.
1841 2575 1949 2629 Quia
1988 2587 2093 2620 vero
2116 2575 2172 2620 ob
2195 2587 2349 2620 causas
2372 2574 2639 2620 diversarum
2663 2572 2862 2631 signissc

1634 2649 1800 2692 tionum
1818 2661 1901 2692 una
1924 2650 2159 2706 eademque
2189 2661 2258 2693 res
2281 2649 2325 2693 in
2350 2661 2471 2694 sacra
2497 2647 2720 2706 Scriptura
2750 2648 2852 2692 etia

1635 2723 1775 2766 modis
1794 2723 2006 2779 pluribus,
2026 2723 2258 2767 dummodo
2274 2723 2327 2767 ab
2349 2724 2513 2767 unitate
2535 2722 2634 2767 fidei
2657 2734 2745 2767 non
2759 2733 2861 2767 rec

1635 2795 1776 2848 datur,
1801 2802 1942 2852 potest
1984 2797 2139 2854 accipi,
2180 2810 2266 2842 nou
2311 2796 2390 2842 abs
2405 2809 2452 2841 re
2474 2809 2572 2842 esse
2587 2796 2820 2847 eredimus,
2850 2816 2852 2818 ·

1634 2870 1761 2913 etiam
1804 2870 2059 2914 exteriorem
2084 2870 2351 2915 tabernaculi
2387 2870 2576 2922 domum,
2601 2881 2728 2926 quam
2752 2873 2867 2925 pau

2873 2617 2882 2658 l

2874 2695 2881 2732 l

2874 2769 2880 2807 Ι

2872 2841 2879 2874 ι

1635 2949 1734 2987 ante
1751 2943 1804 2986 ob
1840 2944 1954 2986 illam
1971 2951 2218 2999 quamtunc
2230 2944 2497 2989 ostendimus
2529 2955 2704 2988 causam
2740 2954 2842 2987 sanc

1635 3015 1863 3071 cujuslibet
1881 3028 2038 3073 corpus
2059 3017 2300 3073 exprimere
2316 3016 2504 3062 diximus
2524 3031 2535 3070 ;
2571 3028 2686 3060 nunc
2709 3027 2823 3073 quoq
2852 3027 2877 3093 '4

1633 3100 1758 3133 versa
1778 3090 1872 3133 vice
1889 3089 1944 3133 ob
1962 3101 2137 3133 causam
2173 3089 2300 3133 aliam
2323 3089 2375 3132 ad
2410 3090 2600 3145 eiusdem
2634 3088 2717 3133 viri
2739 3100 2844 3133 sanc

1635 3170 1818 3205 mentem
1838 3161 1960 3216 juxta
1988 3162 2114 3204 alian)
2141 3161 2496 3217 significationem
2520 3150 2773 3207 reseramus.
2797 3158 2835 3204 N
2844 3131 2876 3198 ι’

1635 3234 1842 3290 gligenter
1872 3235 2031 3278 etenim
2063 3246 2150 3278 non
2173 3235 2299 3280 debet
2327 3236 2547 3292 praeterire
2569 3233 2789 3292 diligentia
2809 3248 2849 3277 v·

1636 3313 1725 3349 stra
1745 3320 1755 3360 ;
1775 3307 1875 3362 quia
1907 3307 2019 3351 sicut
2051 3307 2231 3351 interius
2270 3307 2612 3357 tabernaculum,
2633 3306 2757 3362 juxta
2780 3311 2858 3367 se!

379 3371 522 3416 cmv.
543 3372 661 3416 Hanc
677 3374 802 3417 etiam
824 3386 967 3418 arcam
983 3381 1168 3431 quatuor
1183 3378 1352 3422 annulis
1375 3380 1557 3427 immissi
1582 3407 1617 3451 D
1638 3392 1734 3423 sum
1766 3380 2065 3436 anagogicum,
2105 3386 2336 3433 secretum,
2361 3380 2415 3424 de
2455 3392 2541 3436 quo
2577 3378 2763 3424 breviter
2789 3367 2870 3439 issi*

324 3446 409 3489 duo
426 3451 600 3502 portant
620 3452 785 3500 vectes;
809 3449 908 3503 quia
933 3454 1159 3506 utramque
1169 3449 1328 3495 Christi
1342 3458 1555 3508 naturam,

324 3519 511 3564 divinam
550 3519 747 3564 videlieet
768 3527 811 3564 et
850 3521 1096 3574 humanam,
1141 3524 1483 3570 circumcisionis
1516 3534 1559 3571 et

324 3590 518 3646 praeputii
541 3590 841 3646 praedicatores
860 3591 984 3636 dictis
1001 3599 1186 3651 quatuor
1202 3596 1557 3651 evangelistarum

325 3662 522 3708 instructi
547 3664 706 3714 mundo
728 3665 926 3710 nuntiant
962 3672 1004 3709 et
1037 3667 1327 3713 manifestant.
1354 3668 1453 3714 rtaec
1484 3683 1561 3714 au-

326 3742 408 3778 tem
430 3734 529 3786 tria,
570 3748 663 3791 quae
685 3736 728 3779 in
752 3736 832 3780 hae
852 3749 970 3790 arca,
996 3750 1090 3794 quae
1114 3739 1342 3786 Dominum
1363 3751 1559 3787 nostrum

327 3806 470 3851 ¹lesum
494 3806 712 3852 Christum
736 3810 946 3865 designat,
985 3817 1102 3862 sunt,
1122 3813 1182 3855 illi
1210 3821 1296 3858 tres
1314 3815 1471 3870 gradus
1493 3816 1560 3859 in-

328 3885 482 3930 nuunt,
508 3892 614 3934 quos
638 3879 681 3922 in
707 3881 798 3935 ipsa
822 3893 920 3925 area
936 3883 980 3925 in
1002 3883 1192 3928 inferiori
1218 3885 1311 3941 ejus
1334 3893 1454 3942 parte
1483 3900 1562 3944 po-

330 3951 510 3994 suimus.
540 3950 647 3993 Sunt
664 3951 804 4007 itaque
834 3953 878 3996 in
901 3955 1103 3998 arcahaec
1127 3955 1239 3999 tria:
1265 3970 1421 4001 manna
1439 3971 1562 4001 man-

330 4023 587 4074 suetudinis,
606 4024 932 4080 virga'justitiae,
958 4028 1112 4072 tabulae
1133 4029 1347 4076 veritatis..
1364 4030 1416 4075 Et
1433 4031 1562 4086 justi-

328 4094 390 4138 tia
413 4094 582 4148 quidem
601 4095 651 4138 ad
676 4098 895 4152 reprobos,
919 4101 1202 4146 mansuetudo
1218 4102 1270 4146 ad
1292 4103 1468 4155 electos,
1489 4117 1562 4149 ve-

330 4165 438 4210 ritas
455 4166 507 4209 ad
520 4173 722 4223 utrosque
743 4171 940 4224 pertinet.
966 4171 1064 4218 Ideo
1089 4176 1369 4219 mansuetudo
1390 4176 1444 4220 ad
1476 4178 1563 4221 ele-

330 4244 443 4290 ctos;
463 4239 562 4293 quia
585 4239 638 4283 ad
661 4239 927 4286 dulcedinem
949 4256 1037 4288 suae
1058 4247 1241 4301 pertinet
1259 4247 1563 4292 misericordiae

334 4309 447 4365 quod
470 4310 701 4355 solventur.
711 4309 808 4355 ldeo
822 4313 988 4367 justitia
1006 4315 1059 4359 ad
1081 4319 1409 4375 reprobos,¹quia
1426 4320 1560 4375 aequi-

334 4386 401 4425 tas
434 4382 580 4439 rigidae
621 4395 709 4428 suae
744 4384 920 4440 justitiae
944 4394 1088 4432 censet
1130 4396 1178 4433 ut
1209 4390 1559 4437 condemnentur.

1638 3453 1797 3496 dictum
1819 3458 1900 3502 est,
1953 3454 2101 3509 patriae
2145 3453 2332 3497 coelestis
2358 3452 2574 3508 exprimit,
2614 3451 2678 3496 sie
2711 3463 2770 3507 qu
2808 3470 2843 3488 ιι

1639 3525 1960 3569 tabernaculum
1986 3525 2191 3576 exterius,
2206 3525 2328 3580 iuxta
2348 3523 2657 3579 tropologicum
2673 3515 2859 3583 duntaxa¹

1639 3597 1918 3650 intellectum,
1944 3603 2173 3642 ..secretum
2213 3603 2354 3656 potest
2391 3597 2570 3640 innuere
2592 3595 2762 3641 mentis.
2803 3588 2855 3653 m

1638 3684 1820 3726 namque
1839 3671 2006 3715 iuterim
2032 3670 2343 3726 requiescimus
2358 3670 2401 3712 in
2424 3669 2595 3719 merito,
2621 3673 2670 3712 ut
2682 3667 2739 3712 ibi
2761 3663 2866 3724 post.

1638 3742 1809 3786 modum
1850 3742 2171 3797 requiescamus
2208 3742 2252 3784 in
2269 3740 2460 3797 praemio.
2481 3739 2619 3783 Hicin
2635 3739 2820 3784 sanctita
2856 3754 2865 3779 ι

1638 3821 1686 3857 ut
1703 3815 1761 3858 ibi
1784 3816 1829 3858 in
1851 3815 2070 3858 felicitate.
2093 3813 2383 3869 Hicdenique,
2405 3812 2448 3856 id
2470 3817 2534 3855 est
2576 3811 2620 3854 in
2643 3811 2799 3855 mentis
2822 3829 2860 3849 υ.
2916 3803 2921 3850 J

1641 3893 1773 3938 creto,
1794 3887 1985 3930 occultas
2011 3886 2149 3930 bostis
2173 3886 2331 3929 occulti
2357 3883 2536 3928 insidias
2560 3883 2727 3926 occulte
2746 3894 2836 3926 sus
2860 3931 2862 3940 .

1639 3960 1797 4014 pimus,
1824 3964 1866 4002 et
1906 3963 2130 4014 susceptas
2168 3956 2382 4001 laboriose
2405 3956 2653 4006 toleramus,
2681 3954 2855 4002 tolerata
2916 3958 2919 4010 ᾗ

1641 4031 1869 4086 prudenter
1883 4030 2261 4086 deprehendimus,
2283 4027 2572 4085 deprehensas
2602 4026 2772 4070 sortiter
2818 4043 2852 4062 :2
2916 4024 2918 4028 '

1642 4115 1856 4158 peramus.
1868 4102 1944 4146 llic
1967 4103 2094 4147 etiam
2113 4100 2353 4158 septiformi*
2368 4101 2503 4145 saneti
2521 4097 2708 4156 Spiritus
2724 4096 2825 4142 lurn'
2841 4114 2866 4160 o¹

1641 4174 1907 4218 illustramur
1926 4179 1969 4219 et
2006 4174 2160 4218 ardore
2183 4172 2476 4218 accendimur.
2493 4171 2572 4216 Hic
2589 4170 2777 4216 suaviter
2844 4177 2863 4207 r?
2914 4166 2921 4219 ’ς’

1641 4259 1732 4290 ram
1756 4259 1807 4292 eo
1830 4261 1906 4304 per
1929 4247 2145 4292 orationes
2171 4245 2403 4304 flagramus
2423 4260 2434 4299 ;
2460 4245 2519 4289 ihi
2534 4256 2637 4290 vero
2653 4256 2750 4290 eum
2773 4240 2861 4287 sac‘

1642 4318 1693 4361 ad
1715 4318 1864 4364 taciem
1889 4319 2144 4364 videbimus.
2165 4318 2244 4364 Hie
2265 4317 2449 4375 denique
2483 4315 2632 4362 multis
2651 4315 2792 4360 modis
2854 4369 2863 4383 .¹

1642 4390 1861 4445 bor-amus,
1881 4399 1928 4436 ut
1944 4392 2004 4437 ibi
2020 4390 2202 4446 feliciter
2217 4403 2490 4437 coronemur.
2507 4382 2672 4435 idcirco
2684 4389 2729 4434 in
2746 4394 2808 4433 ta
2829 4407 2859 4455 a*
