2924 4588
2 140 15 185 i
70 135 129 189 :³⁴
169 132 171 134 ¹

3 197 9 216 ‚
58 195 59 198 ,

1 221 7 266 l

70 308 152 371 bus
189 303 632 362 navigavimustente,
662 313 790 350 vento
825 308 991 353 scilicet
1027 313 1090 356 ire
1123 312 1300 359 liberius

5 423 8 432 ,
72 370 73 373 ’
122 376 548 430 ebibenteffandem
590 377 940 435 adnavigavimus
960 380 1116 436 Cretae,
1139 392 1180 428 et
1200 385 1300 430 inde

4 433 10 470 ι
157 443 408 492 devenimus
429 448 474 491 in
505 447 646 491 locum
694 449 767 505 qui
813 450 971 495 dicitur
993 453 1098 498 Boni
1130 462 1296 510 portus,

4 534 20 580 3
134 520 192 565 ibi
215 520 350 564 inulto
363 525 555 575 tem-pore
569 519 744 573 luimus,
766 535 851 566 non
879 524 972 568 ausi
986 525 1298 582 ingredimare,

97 604 166 639 um
186 604 271 636 non
298 597 414 636 esset
464 597 566 648 apta
590 593 824 648 navigatio,
844 607 895 639 eo
933 597 1047 652 quod
1090 600 1299 654 ieiunium

65 665 342 714 raeierisset,
364 663 407 706 id
430 669 496 707 est
514 663 648 708 fames
674 677 827 720 magna
850 668 895 710 in
916 670 1103 725 navigio,
1143 670 1195 714 ad
1221 685 1301 715 na-

76 728 81 729 ⁷
97 736 298 788 andum
318 733 503 779 reddens
525 740 682 780 nautas
702 736 977 782 infirmiores.
1015 739 1089 783 Vel
1115 741 1166 784 de
1189 742 1303 797 Jeju-

99 808 142 855 o
163 808 335 864 septimi
361 807 523 851 mensis
546 808 726 864 intelligi
751 816 922 866 potest,
961 813 1074 867 quod
1097 814 1161 858 est
1194 816 1304 858 inter

75 883 179 928 em
206 878 556 936 Propitiationis‚
579 885 635 923 et·
649 878 951 938 Seaenopegiae,
993 885 1156 929 scilicet
1193 886 1305 931 inter

81 953 236 1000 ”diem
277 951 544 1010 Septembris
567 958 610 995 et
641 966 712 1002 xv.
746 959 787 996 et
813 955 876 998 sic
903 955 1053 1010 probat
1086 969 1172 1000 non
1208 971 1304 1004 csse

84 1033 202 1070 tam
230 1023 560 1080 navigationem,
587 1024 689 1079 quia
719 1023 808 1079 jam
839 1027 1157 1082 eratseptimus
1182 1042 1303 1072 rnen·

92 1102 145 1152 3,
185 1097 260 1155 qui
294 1096 477 1140 interius
511 1103 574 1140 est
631 1097 770 1141 bieme
811 1099 1047 1143 secundum
1084 1100 1301 1154 Heln-aeos,

108 1173 139 1215 i
181 1170 368 1226 Aprilem
396 1169 584 1225 primum
612 1176 880 1225 computant
911 1171 957 1214 ln
1000 1172 1138 1216 hieme
1164 1181 1273 1219 aute.
1264 1187 1303 1243 ,3

76 1220 142 1254 ’
176 1249 242 1288 est
272 1249 412 1286 tutum
441 1242 660 1297 navigare.
707 1241 783 1285 Vel
806 1250 946 1298 potest
967 1245 1146 1300 intelligi
1169 1247 1249 1289 de
1237 1261 1300 1301 je·-

79 1385 286 1443 {in-line
321 1385 604 1447 Septembris.
633 1386 710 1431 Vel
729 1388 781 1432 de
803 1387 971 1444 jejunio
993 1390 1148 1434 decimi
1188 1404 1306 1435 men-

102 1471 113 1498 t
134 1458 146 1471 ¹
170 1461 285 1518 quod
305 1461 480 1505 scilicet
506 1459 634 1503 tiebat
661 1461 703 1502 in
726 1459 949 1511 Ianuario,
991 1462 1106 1518 quod
1145 1465 1306 1507 consti·

94 1540 246 1579 'erunt
268 1529 428 1578 auditis
459 1533 708 1576 rumoribus
745 1532 797 1576 dc
837 1534 1162 1578 constructione
1201 1541 1308 1578 tem-

78 1603 88 1667 J
117 1600 128 1614 “
147 1608 191 1653 in
215 1606 446 1663 Babylone.
471 1606 580 1650 Cum
605 1611 750 1649 autem
793 1605 1022 1649 molestum
1070 1613 1182 1651 esset
1201 1620 1307 1662 ,cen-

16 1665 19 1719 Ϊ
71 1672 242 1732 ·ιιόηι,
279 1685 321 1724 et
353 1679 467 1731 aliis,
506 1679 726 1736 quodnon
747 1686 922 1735 possent
947 1681 1161 1736 navigare,
1210 1692 1310 1724 con-

80 1742 287 1797 ἸἎΙὶιιιιιιιι·
303 1762 380 1796 eos
414 1749 591 1802 Paulus,
614 1749 764 1794 dicens
791 1765 803 1794 ε
828 1765 843 1789 ι
863 1748 970 1801 Viri,
993 1750 1131 1801 video,
1158 1766 1172 1791 ι
1201 1750 1307 1797 sorte

20 1842 21 1867 ς
80 1822 282 1879 *signis
323 1821 610 1878 tempestatis,
657 1820 721 1864 vel
763 1820 808 1863 in
851 1819 1005 1876 spiritu
1042 1820 1304 1876 prophetico,

0 1883 22 1895 ’
86 1905 105 1948 j
135 1892 150 1903 ““
198 1904 286 1936 non
309 1892 403 1936 sine
431 1906 445 1934 t
475 1891 611 1935 multo
629 1892 804 1941 damno,
825 1902 911 1934 non
933 1891 1071 1935 solum
1102 1892 1247 1938 oneris
1268 1901 1308 1936 et

97 1973 107 1992 1
153 1964 206 2018 is,
256 1962 332 2008 sed
357 1965 509 2018 „etiam
547 1960 791 2006 animarum
834 1968 1091 2010 vestrarum,
1127 1960 1308 2016 potestis

154 2035 283 2094 igere.
314 2050 329 2078 ι
354 2033 562 2094 Centurio
591 2039 734 2076 autem
759 2033 897 2088 magis
921 2032 1102 2075 credidit
1137 2033 1307 2076 naucle-

22 2105 24 2161 ἷ
156 2108 248 2153 sive
270 2106 554 2157 naviculario,
578 2117 707 2161 quam
732 2105 909 2156 Paulo„
936 2106 1099 2149 scilicet
1136 2105 1308 2150 domino

89 2225 92 2240 ἦ
126 2179 207 2225 vis.
229 2177 468 2223 Nauclerus
491 2178 607 2222 enim
640 2178 817 2227 dicitur,
843 2177 887 2220 in
904 2177 1034 2233 cujus
1051 2184 1208 2221 sortem
1240 2174 1312 2221 ce·

156 2249 395 2295 dominium
418 2251 557 2294 navis.
589 2249 742 2293 Cieros
763 2250 877 2294 enim
904 2263 995 2293 sors
1015 2250 1191 2296 dicitur.
1221 2248 1309 2294 Hoc

26 2335 38 2356 -“
154 2336 211 2367 ru
240 2324 446 2380 compulit
469 2322 785 2372 centurionem,
827 2323 962 2379 magis
995 2322 1170 2366 credere
1203 2334 1309 2365 nau-

107 2388 109 2390 ’
94 2406 200 2448 ro,
225 2408 354 2462 quam
370 2395 524 2446 Paulo,
545 2397 648 2452 quia
672 2401 838 2451 portus,
872 2397 918 2439 in
950 2406 1036 2450 quo
1069 2401 1190 2439 erant
1221 2405 1307 2437 non

111 2476 174 2528 ιχ
185 2469 364 2513 idoneus
405 2468 460 2512 ad
491 2468 785 2520 biemandum,
823 2474 866 2512 et
894 2468 990 2512 ideo
1030 2468 1309 2511 consulelant

112 2560 130 2578 -ι
155 2553 222 2589 es
251 2541 352 2586 inde
376 2542 610 2598 navigate,
655 2541 691 2585 si
737 2553 822 2597 qno
855 2541 981 2585 modo
1021 2546 1198 2597 possent
1257 2540 1309 2583 ad

88 2608 201 2669 um
214 2621 391 2672 ⁴·pottum
415 2614 657 2671 pervenire,
707 2614 780 2670 qui
820 2614 957 2670 magis
992 2618 1106 2658 esset
1130 2612 1309 2657 idoneus

34 2679 40 2701 ζ’
151 2688 443 2732 hiemandum.
477 2686 529 2732 Et
568 2692 721 2731 contra
763 2688 994 2740 consilium
1036 2686 1169 2738 Pauli,
1196 2687 1310 2742 aspi-

32 2755 39 2794 ·ss
80 2760 191 2824 'gnte
220 2754 397 2813 austro:
429 2760 484 2804 ad
526 2770 695 2818 portum
742 2762 1010 2818 propositum
1044 2761 1308 2811 anhelantes,

42 2847 43 2871 2
139 2842 344 2882 faverunt
365 2849 500 2880 marc.
520 2836 692 2884 Etcum
725 2836 1040 2891 aliquantulum
1071 2835 1311 2890 processis-

34 2931 55 2962 μς
146 2911 433 2965 t„insurge.s
470 2917 624 2956 ventus
670 2911 957 2967 typhonicus,
1000 2910 1126 2951 irruit
1164 2915 1310 2965 contra

50 2973 55 2991 ²
86 2967 254 3033 'avenn⁴
278 2984 358 3038 qui
387 2982 614 3026 dicebatur
645 2981 935 3036 euro-aquilo.
965 2979 1127 3023 Dicitur
1170 2985 1309 3042 autem

43 3051 117 3083 ³„
158 3060 226 3098 tus
276 3055 562 3111 typhonicus.
602 3054 726 3110 quasi
777 3053 932 3106 inflans
978 3063 1113 3102 mare,
1164 3057 1205 3093 et
1250 3049 1313 3092 sa-

41 3120 195 3176 ns
224 3127 526 3172 intumescere.
561 3124 735 3184 Typlios
772 3126 886 3170 enim
919 3125 1226 3180 interpretatur
1249 3123 1315 3164 in-

37 3199 596 3261 „ammentum-repta
618 3207 734 3243 essct
781 3200 922 3248 navis,
957 3203 999 3240 et
1040 3206 1128 3238 non
1170 3198 1313 3250 posset

113 3274 223 3328 nari
258 3283 410 3318 eontra
446 3279 638 3324 tentum,
673 3275 872 3315 cessante
906 3267 1104 3326 remigio,
1131 3265 1314 3323 sereba-

104 3358 174 3403 ur
212 3347 257 3389 in
290 3346 518 3396 incertum,
556 3345 835 3389 decurrentes
875 3342 928 3385 ad
955 3341 1140 3384 insulam
1165 3349 1315 3394 qnam-

83 3492 280 3570 epham
321 3494 376 3535 de
394 3492 491 3535 navi
517 3493 561 3535 in
594 3502 714 3534 mare
737 3488 1000 3545 deposttam
991 3499 1034 3530 in
1054 3483 1311 3540 adjutorium

107 3561 218 3615 υἷε,
244 3563 343 3619 quia
367 3563 528 3620 impetu
544 3563 750 3607 fluctuum
772 3562 861 3605 t'ere
896 3566 1021 3615 rupta
1044 3563 1123 3601 est.
1149 3555 1315 3610 Scapha

75 3633 240 3677 icitur
267 3634 374 3677 levis
395 3634 614 3692 navicula,
633 3632 688 3676 de
709 3644 795 3675 una
824 3636 990 3673 tantum
1015 3629 1166 3672 arbore
1211 3637 1314 3668 con·

90 3700 91 3703 ¹
140 3713 257 3750 vata.
279 3704 359 3749 Vel
391 3706 552 3749 dicitur
572 3689 742 3748 modica
778 3704 900 3747 navis
939 3702 1140 3751 viminea,
1183 3689 1316 3740 crudo

84 3772 202 3850 Jrio
219 3783 332 3822 tecta
354 3777 602 3833 cuiusmodi
633 3782 814 3819 utuntur
839 3775 1003 3830 piiatae.
1040 3771 1089 3813 Et
1112 3769 1267 3813 dicitur
1294 3779 1318 3809 a

118 3857 291 3912 plion,
314 3855 429 3910 quod
446 3857 762 3912 interpretatur
782 3852 1007 3907 speculum,
1047 3846 1317 3904 quialiujus·

186 3941 196 3969 ι
226 3927 408 3971 navibus
439 3933 620 3976 utuntur
652 3927 801 3981 piratae
843 3923 897 3966 ad
940 3919 1243 3977 speculandum
1277 3921 1320 3958 et

50 3918 429 4063 wer-indutu
467 4005 511 4043 et
543 3997 797 4042 deseruntur
822 3991 1068 4048 hujnsmodi
1106 3987 1315 4032 naviculae

51 4056 336 4122 '‘litt-travibus
362 4079 405 4115 et
432 4071 688 4119 imminente
720 4065 946 4121 naufragio
985 4064 1258 4118 deponuntur
1276 4059 1319 4101 in

54 4186 220 4279 fgitur,
244 4211 288 4256 et
330 4213 375 4256 in
413 4212 640 4269 procinctu
669 4208 936 4266 tempestatis
979 4211 1182 4248 armatur.
1214 4200 1319 4243 Cum

0 4335 4 4343 ¹
56 4291 232 4342 nutem
253 4286 319 4330 sic
341 4289 596 4342 tempestate
638 4282 781 4327 valida
804 4281 1086 4336 jactarentur,
1129 4272 1319 4327 sequenti

4 4365 7 4369 ⁴
56 4368 71 4403 i·
59 4356 372 4423 &eiecerunt
391 4358 571 4414 jactum,
619 4356 663 4402 id
685 4361 766 4400 est
797 4351 1049 4409 ejectionem
1078 4343 1317 4389 utensilium

56 4421 150 4495 {a
168 4432 285 4476 navi

155 142 187 187 ⁷
686 145 941 192 ms'roniA
969 149 1354 200 scuomsffrtca
1385 181 1440 190 -
1467 157 1520 202 m
1555 160 1728 207 torus
1757 155 1942 215 Arosr.

67 254 74 278 f
111 239 239 283 mus‚·
259 243 337 277 nos
359 231 606 276 transtulit'
597 245 639 276 in
659 234 792 280 illam.
825 235 878 280 Et
916 249 1013 282 cuin
1052 241 1197 286 multis
1213 243 1303 289 dic·
1325 254 1358 299 Α
1383 244 1482 290 Ωιι»
1507 246 1631 292 CXV
1650 249 1766 297 Quod
1802 256 2041 299 constitutos
2059 257 2293 313 {aperiente
2311 259 2468 304 Paulus
2488 276 2580 305 con·

8 4133 9 4138 ¹
55 4117 229 4202 ,mutare
241 4143 294 4191 ad
313 4141 658 4194 subveniendum
676 4139 792 4191 navi,
813 4137 913 4194 quia
935 4136 1003 4179 his
1027 4133 1149 4176 navis
1183 4130 1323 4173 accin-

2479 174 2579 218 {728

1904 309 2077 356 07162‘2’8.

1433 387 1596 433 Etcum
1618 405 1754 448 neque
1778 396 1868 438 sol
1858 409 1900 439 in
1924 397 2007 449 die.
2029 411 2163 455 neque
2186 402 2226 445 in
2250 411 2373 447 nocte
2404 404 2503 447 luna
2544 412 2587 449 et

1381 458 1523 502 sidera
1548 470 1814 517 apparerent,
1843 467 1979 510 ablata
1996 476 2087 512 erat
2122 473 2261 516 omnis
2301 486 2398 528 spes
2435 475 2588 519 salutis

1380 530 1489 586 (Act.
1517 534 1667 592 xxvii).
1689 534 1740 578 Et
1762 548 1856 580 cum
1883 537 2079 583 fecissent
2100 542 2341 586 diuturnum
2363 545 2587 599 Jejuniuin,

1380 602 1488 646 sorte
1510 606 1814 660 voluntarium,
1838 621 1914 663 pro
1951 614 2184 656 amovenda
2221 622 2484 670 tempestate,
2523 618 2589 661 vel

1381 678 1683 729 necessarium,
1699 680 1797 734 quia
1820 680 1924 723 sorte
1938 686 2209 727 arctabantur
2230 689 2589 742 penui-landonis-

1381 743 1502 794 lium.
1523 748 1722 791 omnibus
1745 749 1949 803 projectis
1972 750 2013 792 in
2038 762 2205 806 aquam.
2232 760 2349 797 stans
2373 754 2526 798 Paulus
2546 757 2588 798 in

1381 814 1521 857 medio
1539 827 1703 867 eorum.
1729 817 1834 860 dixit
1859 833 1869 861 z
1900 833 1912 857 ‹
1944 818 2102 862 Sanum
2140 827 2229 863 erat
2267 822 2488 865 consiliunt
2526 833 2592 865 ac-

1389 885 1610 939 quiescere
1647 886 1766 940 milii,
1806 893 1848 931 et
1880 888 2129 932 lucril'acere
2171 891 2365 945 injuriam
2391 892 2511 940 lianc,
2549 898 2591 935 et

1377 958 1609 1013 jacturam.
1637 955 1760 1002 Nunc
1784 965 1922 1003 tamen
1958 961 2114 1003 suadeo
2148 962 2265 1004 vobis
2303 962 2413 1005 bono
2453 965 2592 1005 animo

1381 1039 1492 1072 esse.
1521 1028 1632 1071 Certi
1650 1034 1788 1073 estote
1824 1030 1921 1084 quia
1956 1043 2078 1074 nemo
2113 1032 2417 1086 periclitabitur
2443 1045 2495 1075 ex
2519 1045 2594 1077 vo·

1382 1097 1466 1150 bis,
1489 1110 1564 1142 nce
1581 1100 1797 1154 patiemini
1819 1101 2047 1155 iacturam,
2072 1104 2151 1146 nisi
2176 1105 2309 1148 navis.
2326 1104 2593 1161 Astititgenim

1384 1169 1484 1211 mihi
1522 1170 1601 1212 hac
1618 1177 1742 1214 nocto
1775 1172 1948 1227 angelus
1974 1173 2063 1223 Dei,
2081 1175 2149 1216 cui
2175 1177 2312 1218 servio
2333 1176 2509 1221 dicens:
2533 1177 2594 1222 Ne

1385 1241 1550 1291 timeas,
1570 1239 1713 1292 Paule,
1735 1245 1888 1286 cies-ari
1911 1250 2075 1299 oportet
2099 1251 2139 1288 te
2173 1249 2384 1291 astistere.
2409 1248 2456 1291 Et
2476 1261 2588 1298 ecce,

211 1317 409 1361 instituto
433 1316 476 1358 in
500 1314 754 1358 memoriam
773 1318 925 1359 mortis
955 1315 1158 1370 Godoliae‚
1193 1320 1306 1375 quod
1331 1310 1361 1352 B
1384 1312 1557 1355 donavit
1589 1314 1663 1356 tibi
1689 1313 1800 1358 Deus
1821 1327 1985 1367 omnes,
2006 1316 2077 1372 qui
2099 1317 2295 1372 navigant
2314 1324 2468 1379 tecum,
2501 1337 2515 1360 ι
2551 1321 2592 1363 id

1385 1389 1448 1426 cst
1467 1384 1615 1429 merito
1639 1393 1713 1430 tuo
1737 1387 2019 1436 conservabit.
2057 1395 2102 1431 ut
2134 1401 2255 1434 nemo
2278 1404 2328 1434 ex
2348 1392 2410 1435 eis
2432 1393 2597 1447 pericli-

1386 1462 1514 1500 tetur.
1538 1471 1550 1497 «
1580 1457 1758 1513 Propter
1780 1460 1908 1514 quod,
1929 1460 2083 1515 inquit,
2126 1462 2235 1505 bono
2260 1464 2400 1507 animo
2445 1471 2592 1508 estote.

1386 1528 1521 1572 Credo
1543 1531 1656 1573 en‘nn
1681 1529 1767 1574 Deo
1791 1543 1897 1582 meo,
1925 1533 2023 1590 quia
2045 1533 2107 1577 sic
2139 1535 2219 1577 erit
2249 1536 2596 1590 quemadmodum

1386 1595 1546 1640 dictum
1570 1600 1780 1650 estmihi,
1819 1606 1860 1643 et
1901 1602 1942 1643 ιιι
1970 1602 2149 1646 insulani
2187 1606 2408 1659 quamdam
2435 1612 2599 1661 oportet

1386 1681 1465 1712 nos
1486 1670 1646 1714 venire.
1678 1687 1692 1712 ›
1717 1670 1816 1715 Ideo
1841 1679 1979 1716 autem
2012 1673 2062 1717 de
2085 1675 2164 1717 boc
2187 1677 2378 1730 praedicit
2406 1678 2466 1721 eis
2489 1679 2598 1722 veri·

1387 1745 1531 1790 tatem,
1545 1747 1591 1784 ut
1609 1740 1801 1786 videntes
1819 1742 1900 1786 boc
1922 1743 2156 1800 impletum,
2172 1749 2327 1792 certius
2342 1755 2510 1804 sperent
2530 1761 2599 1793 sa·

1386 1812 1531 1858 lutem.
1558 1828 1573 1854 ι
1603 1813 1684 1857 Sed
1703 1821 1923 1870 postquam
1945 1827 2034 1867 xiv,
2060 1817 2127 1861 die
2148 1829 2228 1861 nox
2247 1821 2500 1874 supervenit,
2516 1821 2599 1863 cir·

1385 1898 1434 1929 ca
1460 1887 1640 1930 mediam
1659 1896 1824 1932 noctem
1866 1892 2193 1947 suspicabantur
2216 1901 2369 1944 nautae,
2400 1905 2598 1948 apparere

1387 1959 1467 2002 sibi
1505 1959 1690 2015 aliquam
1732 1961 1964 2015 regionem,
2009 1968 2049 2006 et
2085 1964 2383 2008 submittentes
2435 1966 2599 2019 pondus

1387 2030 1563 2086 plumbi,
1587 2044 1671 2087 quo
1692 2034 1820 2078 maris
1845 2034 2112 2088 profunditas
2143 2036 2398 2090 exploratur,
2423 2037 2596 2081 invene·

1387 2109 1487 2146 runt
1507 2116 1658 2159 passus
1683 2106 1846 2161 viginti.
1877 2106 1928 2149 Et
1948 2108 2146 2163 pusillum
2186 2107 2283 2152 inde
2299 2110 2498 2164 separati,
2532 2110 2600 2154 in·

1386 2183 1592 2238 venerunt
1604 2189 1756 2233 passus
1779 2178 2033 2235 quindecim,
2057 2186 2098 2224 et
2111 2180 2306 2223 timentes
2323 2192 2375 2224 ne
2396 2180 2435 2222 in
2453 2183 2601 2236 aspera

1387 2249 1479 2292 loca
1525 2249 1775 2301 inciderent,
1805 2250 1856 2294 de
1877 2252 2003 2308 puppi
2031 2253 2243 2296 mittentes
2267 2253 2471 2297 anchoras
2489 2265 2601 2309 qua-

1346 2370 1348 2373 ,
1389 2319 1708 2377 tuor'optabant
1723 2323 1834 2366 diem
1856 2323 1961 2367 lieri.
1995 2339 2008 2364 ι

1624 2393 1726 2437 cip,
1743 2393 1885 2437 cxvi.
1907 2395 1967 2438 De
1981 2398 2212 2439 constantia
2228 2395 2352 2438 Pauli

1441 2464 1493 2509 Et
1517 2479 1614 2510 cum
1639 2468 1793 2511 vellent
1817 2475 1956 2511 nautae
1979 2468 2182 2525 aufugere
2206 2466 2475 2513 demittentes
2509 2481 2596 2512 sca-

1387 2538 1514 2593 pham
1538 2538 1580 2580 in
1605 2550 1722 2582 marc
1748 2537 1857 2595 (Act.
1883 2538 2032 2594 xxvii),
2057 2539 2208 2582 videns
2252 2539 2333 2582 boc
2370 2539 2522 2583 Paulus
2547 2540 2600 2591 ⁴in

1389 2611 1558 2666 spiritu,
1584 2611 1642 2653 ait
1665 2611 1916 2661 centurioni,
1944 2617 1986 2654 et
2008 2611 2209 2653 militibus
2237 2626 2247 2654 τ
2278 2626 2292 2650 ‹
2321 2609 2408 2653 Nisi
2439 2611 2480 2653 in
2507 2611 2602 2653 navi

1389 2684 1620 2727 manserint
1645 2683 1834 2727 homines
1858 2684 1942 2734 isti,
1966 2695 2048 2725 non
2070 2684 2246 2738 potestis
2290 2683 2394 2726 salvi
2439 2683 2542 2725 lieri.
2572 2696 2583 2721 ι

1390 2755 1438 2798 Et
1462 2756 1605 2799 statim
1623 2754 1778 2797 milites
1793 2754 2063 2797 absciderunt
2084 2754 2206 2797 funes
2229 2753 2409 2808 scapbae.
2430 2758 2470 2794 et
2493 2753 2596 2794 abiit

1390 2838 1465 2883 per
1495 2839 1626 2870 mare.
1661 2826 1764 2869 Cum
1810 2833 1949 2871 autem
1979 2827 2241 2870 illucesreret
2281 2827 2391 2878 dies,
2432 2824 2603 2879 rogabat

1389 2899 1548 2943 Paulus
1571 2910 1735 2956 omnes,
1782 2905 1830 2942 ut
1860 2905 2079 2941 sumerent
2123 2899 2282 2947 cibum,
2326 2902 2372 2939 ut
2409 2895 2602 2939 fortiores

1390 2976 1532 3014 essent
1573 2969 1625 3012 ad
1656 2969 1855 3011 :laborem
1907 2967 2215 3012 sustinendum.
2258 2965 2598 3018 Quartadecima,

1391 3043 1544 3098 inquit,
1563 3043 1653 3085 dies
1670 3049 1735 3085 est
1757 3042 1896 3090 itodie,
1914 3053 1964 3084 ex
1985 3052 2068 3096 quo
2087 3039 2421 3094 exspectavimus
2443 3037 2603 3080 sereni&

1392 3113 1518 3160 tatem
1543 3117 1671 3167 aeris,
1691 3122 1731 3158 et
1753 3113 2010 3169 permanetis
2030 3112 2181 3168 3ο3ιιιιί,
2205 3111 2310 3152 nihil
2333 3110 2599 3163 accipientes.

1392 3188 1518 3232 Forte
1538 3189 1606 3232 die
1627 3189 1698 3231 illa
1723 3186 1827 3230 nibil
1852 3185 2138 3234 comederant,
2155 3183 2220 3226 vel
2246 3182 2352 3224 l'orte
2390 3182 2479 3223 dies
2503 3181 2600 3236 plu·

1393 3274 1461 3306 res
1485 3265 1577 3306 sine
1606 3263 1700 3304 cibo
1723 3258 1993 3302 transierant.
2022 3255 2344 3303 confortamini,
2372 3253 2525 3307 inquit,
2560 3258 2601 3294 et

1394 3334 1536 3376 cibum
1561 3333 1739 3379 s'tiinite;
1762 3330 1860 3385 quia
1903 3340 1982 3371 nec
2021 3326 2148 3369 etiam
2180 3324 2353 3378 capillus
2385 3322 2435 3364 de
2469 3319 2600 3374 capite

114 3431 199 3476 ιιι,
217 3432 315 3475 qnae
345 3419 506 3464 dicitur
527 3418 692 3468 Gauda,
724 3421 768 3461 et
790 3417 858 3462 vix
886 3414 1102 3470 potuimus
1125 3411 1317 3455 obtinere
1342 3419 1374 3462 ι)
1398 3411 1540 3450 ιεειιο
1562 3405 1731 3461 peribit.
1758 3401 1808 3444 Et
1827 3402 1905 3444 boc
1929 3399 2040 3442 dicto
2057 3398 2247 3441 sumebat
2273 3404 2418 3449 panem
2441 3393 2481 3436 in
2502 3404 2603 3433 con-

1397 3484 1542 3533 spectu
1564 3477 1770 3524 omnium,
1798 3485 1893 3516 cum
1917 3472 2147 3527 gratiarum
2172 3468 2349 3515 actione,
2379 3465 2490 3513 iuxta
2513 3473 2602 3502 inu-

1396 3565 1481 3595 rent
1505 3550 1692 3599 solitum,
1715 3554 1875 3589 etcum
1919 3541 2114 3598 fregisset
2157 3538 2284 3592 coepit
2332 3534 2597 3577 manducare

1395 3625 1476 3667 Alii
1497 3626 1668 3678 quoque
1680 3618 2002 3671 animaequiores
2022 3611 2133 3658 iacti,
2157 3613 2422 3663 sumpserunt
2442 3606 2598 3655 cibum,

1396 3704 1438 3742 et
1472 3706 1593 3740 erant
1624 3694 1774 3737 animae
1806 3692 1847 3732 in
1866 3688 1963 3731 navi
2001 3686 2191 3729 ducentae
2226 3679 2484 3735 septuaginta
2508 3687 2596 3719 sex.

1613 3764 1711 3811 Car.
1741 3759 1895 3805 CXVH.
1935 3753 2167 3799 Prosectitio
2190 3751 2382 3793 historice.

1456 3840 1577 3887 Tunc
1595 3832 1822 3878 coniortati
1840 3829 1951 3877 cibo,
1976 3824 2226 3868 alleviabant
2250 3830 2412 3867 navem,
2434 3817 2602 3874 jactam-

1397 3921 1460 3955 tes
1484 3909 1669 3951 triticum
1688 3905 1730 3947 in
1750 3913 1864 3944 mare
1886 3899 1932 3955 (Α
1944 3906 1998 3942 ct.
2024 3895 2174 3951 xxvii).
2201 3892 2306 3935 Cum
2332 3896 2470 3933 autem
2512 3889 2599 3931 dies

1398 3983 1533 4024 sactus
1557 3982 1685 4023 esset,
1703 3986 1783 4016 non
1799 3967 2082 4026 agnoscebant
2105 3972 2275 4007 terram
2297 3960 2441 4003 Sinum
2461 3965 2598 4000 autern

1399 4052 1621 4108 quemdam
1652 4045 1982 4093 considerabant
2005 4038 2229 4080 habentem
2253 4034 2386 4081 littus,
2414 4032 2453 4074 in
2478 4040 2599 4083 quem

1399 4121 1653 4177 cogitabant,
1680 4116 1716 4159 si
1737 4116 1925 4169 possent
1964 4110 2117 4162 eji‹ere
2139 4116 2304 4148 uatem
2327 4102 2493 4145 Etcum
2522 4111 2599 4142 an-

1400 4195 1552 4236 choras
1570 4189 1860 4234 sustulissent,
1887 4178 2206 4224 committebant
2224 4187 2267 4217 se
2287 4173 2389 4214 utari
2413 4172 2504 4214 sine
2531 4180 2602 4211 co-

1400 4271 1499 4308 natu
1525 4254 1705 4313 remigii.·
1734 4255 1783 4297 Et
1806 4256 1941 4300 levato
1957 4258 2188 4298 artemone,
2210 4245 2328 4299 juxta
2359 4240 2469 4297 quod
2501 4253 2601 4284 ven-

1402 4344 1468 4378 tus
1499 4346 1572 4377 eos
1594 4329 1790 4377 ducebat,
1815 4323 2043 4368 tendebant
2078 4319 2128 4361 ad
2150 4318 2284 4359 littus.
2307 4314 2481 4358 Astenio
2498 4311 2603 4355 dici-

1402 4420 1468 4453 tur
1492 4406 1702 4450 modicum
1723 4401 1858 4443 velum
1882 4392 2103 4439 directioni
2126 4390 2246 4435 navis
2276 4387 2416 4443 potius
2437 4394 2602 4429 accunt·
