2924 4588
35 0 38 22 l

33 45 102 241 ΕΒ
799 88 1103 136 SERMONES.
1135 113 1188 120 ——
1218 86 1274 130 IN
1307 86 1564 134 ADVENTU
1597 89 1805 135 nomm.

57 158 64 246 1,
90 207 161 240 cre
181 225 192 244 ‚
226 194 302 239 sed
335 196 473 251 magis
493 196 680 252 gaudere
702 193 856 238 debeat
878 190 1011 235 Jacob
1034 195 1078 232 et
1094 185 1228 231 laetari
1244 216 1257 236 ,
1282 186 1322 232 Α
1339 157 1467 229 tuens
1499 186 1543 228 in
1583 187 1677 230 loco
1694 187 1885 250 spatioso
1906 187 2036 242 pedes
2065 199 2213 232 eorum
2234 186 2371 244 (Psat.
2396 203 2478 233 xxx
2494 223 2504 240 ,
2524 191 2584 247 9).

31 269 118 331 {3¹³³
138 267 190 312 de
219 267 361 310 medio
383 267 535 312 harum
557 268 747 326 gentium
771 264 970 309 Salvator
991 262 1086 318 ejus
1102 259 1262 304 veniet.

34 338 166 402 ianne
222 338 419 384 Salvator
452 341 592 391 venit,
625 339 805 396 :quando
838 338 959 382 salus
981 334 1132 380 venit?
1160 343 1264 376 vera

66 417 158 456 ‘tem
191 412 339 462 salus,
379 417 426 455 ut
461 412 615 464 scitis,
652 411 876 455 humilitas
913 415 997 454 est.
1052 407 1126 450 11ae
1161 417 1263 449 vero

99 495 162 529 tes
197 485 386 541 graviter
422 485 632 529 insistunt
651 515 663 536 ,
710 484 962 527 insistentes
1004 491 1107 524 vero
1155 477 1264 520 inse-

42 563 146 618 tant,
167 558 315 613 sicque
337 558 490 601 timere
511 558 675 601 faciunt
698 549 847 601 Jacob.
872 554 1047 598 Timens
1071 550 1266 595 bumilia-

39 641 115 687 ις,
152 628 404 673 humiliatus
428 630 647 682 salvatur,
684 630 874 672 salvatus
899 626 1057 683 gaudet
1082 629 1124 667 et
1147 624 1267 666 laeta-

27 713 112 759 ,ψη
135 701 236 758 quia
267 701 322 746 de
345 702 488 746 medio
509 702 664 746 harum
689 701 881 758 gentium
898 731 910 751 ,
951 697 1147 741 Salvator
1168 695 1263 749 ejus

37 785 96 832 ⁴qt:
118 773 244 819 modo
266 775 399 818 venit.
434 773 483 818 ln
514 787 602 831 quo
625 773 846 818 salvatore
871 771 1093 815 conlidens
1115 775 1265 812 noster

29 847 142 902 ,acob
165 847 362 892 subditas
385 848 467 891 sibi
491 848 635 898 habet,
666 859 776 904 quas
797 845 985 891 breviter
1007 853 1265 887 commemo-

19 941 21 945 ·
52 921 217 977 rimus,
242 926 391 975 gentes
413 932 501 964 non
524 919 824 964 dominantes:
855 915 1101 960 acclamans
1122 914 1261 958 eidem

31 991 221 1057 {ssvatori
240 1023 253 1044 ,
285 1003 595 1048 nonnunquam
635 991 857 1043 alludens,
881 995 922 1032 et
954 987 1120 1031 dicens.
1141 983 1262 1028 Prae-

31 1109 34 1113 .
54 1059 85 1090 ‘-
108 1065 180 1108 isti
215 1077 278 1108 me
301 1065 452 1108 virtute
475 1063 529 1107 ad
553 1064 723 1115 bellum,
752 1070 792 1106 et
819 1059 1099 1117 supplantasti
1122 1059 1262 1101 intaur-

77 1187 79 1189 .
103 1133 144 1180 's
166 1137 210 1180 in
229 1150 292 1180 me
313 1136 460 1181 subtus
487 1149 551 1180 me
582 1135 719 1194 (Psal.
749 1146 856 1186 xvu,
883 1132 971 1189 53).
1011 1130 1160 1174 Sancti
1184 1130 1260 1172 ita-

42 1203 94 1258 uo
117 1210 196 1255 viri
219 1210 570 1267 suggestionibus
594 1210 795 1254 vitiorum
825 1216 1099 1262 nequaquam
1131 1213 1260 1247 ener-

2507 98 2587 143 156

1344 256 1396 299 Et
1435 257 1488 300 de
1512 258 1638 302 bonis
1669 263 1795 301 terrae
1816 264 2020 311 tractant,
2055 259 2155 302 dum
2186 261 2291 302 nihil
2327 261 2439 315 apud
2464 274 2509 305 se
2543 264 2586 306 in

1343 330 1508 375 intimis
1531 333 1697 376 versari
1710 332 1994 389 sciunt,quod
2007 333 2058 376 ad
2074 334 2143 376 illa
2158 347 2243 378 non
2260 336 2440 390 pertinet
2457 336 2585 392 bona,

1343 415 1438 458 quae
1459 415 1506 447 se
1529 405 1666 448 credit
1690 411 1868 450 sanctus
1894 405 2026 449 David
2050 406 2185 463 (Psat.
2213 420 2337 459 xxvi,
2363 409 2451 466 15),
2474 410 2591 455 vide·

1341 487 1390 520 re
1410 476 1538 528 bona,
1559 478 1604 520 in
1619 484 1735 522 terra
1750 478 2002 522 viventium.
2020 478 2205 524 Iuvenes
2221 494 2392 539 quoque
2405 483 2587 527 induunt

1343 561 1391 594 se
1411 550 1591 605 gloriam
1611 556 1654 595 et
1671 552 1804 595 stolas
1826 552 1926 597 belli
1949 552 1992 609 (Ι
2016 551 2155 597 Macte.
2180 568 2268 605 xxv,
2294 555 2361 613 9),
2392 555 2492 612 quia
2514 569 2587 601 ro·

1341 621 1480 667 bustae
1497 624 1539 666 in
1562 636 1614 667 eo
1634 624 1918 680 cogitationes
1939 625 2233 669 testimonium
2258 627 2414 683 ubique
2438 641 2585 673 secum

1342 695 1653 741 circumferunt
1680 698 1959 741 conscientiae
1979 711 2082 749 suae,
2111 712 2162 744 eo
2184 701 2298 757 quod
2323 701 2365 743 in
2385 702 2589 758 simplici·

1342 773 1429 812 tate
1441 774 1485 812 et
1504 769 1770 819 sinceritate.
1789 776 1830 812 et
1848 769 1996 813 nonin
2019 772 2229 827 sapientia
2251 773 2430 824 carnali,
2451 773 2525 817 sed
2541 774 2586 818 in

1341 841 1480 897 gratia
1511 840 1585 885 Dei
1620 848 1931 886 conversantur
1956 841 1999 886 in
2024 844 2105 888 hoc
2123 845 2299 888 mundo.
2328 845 2380 887 Et
2414 846 2458 888 in
2498 845 2585 889 Do-

1341 915 1485 967 mino,
1511 928 1598 971 quo
1619 916 1852 960 roborante
1871 917 2089 968 vicerunt,
2120 917 2174 962 de
2205 920 2432 974 praeteritis
2455 920 2585 963 vitio-

1340 1001 1436 1032 rum
1458 988 1690 1045 triumphis
1714 990 1822 1033 bene
1846 990 1927 1034 sibi
1951 991 2144 1043 conscii,
2167 993 2403 1037 exsultant.
2431 991 2589 1049 Sicque

1341 1061 1443 1106 dum
1475 1075 1562 1106 non
1585 1068 1652 1107 est
1679 1062 1895 1119 suggestio
1919 1062 1963 1107 in
1995 1071 2137 1108 mente
2153 1095 2165 1116 ,
2192 1077 2286 1120 quae
2319 1070 2478 1109 terreat
2512 1078 2589 1122 per

1339 1146 1620 1187 consensum,
1649 1135 1753 1179 dum
1775 1135 1919 1180 deficit
1939 1137 2197 1194 impugnans
2233 1150 2329 1181 eum
2347 1145 2469 1183 actus
2506 1139 2589 1183 illi-

1343 1209 1455 1252 citus
1467 1220 1599 1264 super
1615 1213 1775 1252 terram
1792 1210 1937 1254 carnis
1954 1221 2065 1254 suae:
2091 1210 2210 1255 sedet
2227 1213 2272 1255 in
2291 1224 2341 1256 eo
2355 1213 2591 1268 unusquis-

0 1304 1 1320 *
41 1282 119 1339 iter
149 1275 439 1332 succumbunt
457 1316 470 1338 ,
507 1285 583 1329 sed
606 1283 789 1327 Domino
811 1283 856 1326 in
884 1280 949 1325 eis
969 1310 982 1330 ,
1019 1283 1063 1322 et
1085 1288 1165 1333 pro
1193 1275 1259 1319 eis
1283 1275 1317 1319 B
1339 1292 1423 1336 que
1445 1281 1659 1337 cogitatus
1680 1271 1826 1326 invite
1848 1294 1951 1334 sua,
1975 1291 2018 1326 et
2052 1282 2133 1327 sub
2159 1282 2244 1326 ficu
2269 1296 2346 1328 sua
2370 1283 2466 1341 (111
2486 1284 2586 1344 neq.

20 1277 237 1487 &antia
263 1359 436 1404 virtutis
458 1371 535 1404 eos
563 1359 681 1404 calce
703 1356 937 1413 perimunt,
974 1363 1062 1396 non
1086 1349 1261 1407 quidem

122 1440 188 1478 tes
218 1435 264 1478 in
296 1444 373 1484 se,
407 1432 486 1478 sed
522 1432 568 1475 in
597 1430 815 1481 Domino,
855 1426 1007 1484 quide
1030 1424 1164 1468 tantis
1186 1435 1262 1467 eos

54 1649 59 1652 ’
118 1654 279 1710 gratias
301 1654 342 1697 ei
365 1658 540 1709 agentes
557 1684 569 1703 ‚
590 1657 816 1706 totumque
841 1649 882 1692 ei
911 1646 1167 1702 deputantes
1182 1675 1193 1695 ,
1217 1642 1261 1686 et

40 1724 227 1773 ἢσθιον
252 1724 436 1782 SubJ‘ecit
465 1725 639 1781 populos
672 1724 789 1767 nobis
830 1727 870 1765 et
907 1727 1047 1778 gentes
1081 1715 1158 1761 sub
1189 1728 1257 1772 pe·

0 1811 4 1853 ;ι
162 1799 331 1844 nostris.
371 1797 653 1855 (Psal.11.vt,
677 1796 738 1853 t).

0 1855 13 1917 'l
61 1869 126 1915 W.
157 1869 277 1915 Felix
298 1870 525 1927 profecto,
543 1870 689 1932 cujus
720 1873 942 1925 protector
979 1863 1187 1908 Dominus
1215 1859 1261 1903 in

0 1918 13 2006 ξ
38 1942 91 1989 uo
118 1949 292 2000 sperat,
325 1937 491 1988 subdit
498 1953 708 2001 poputum
734 1954 862 1986 suum
896 1940 979 1984 sub
1001 1951 1078 1989 se,
1117 1934 1191 1992 qui
1217 1946 1261 1987 et

16 2008 157 2075 kaudet
189 2022 382 2072 ereptum
408 2028 455 2060 se
485 2027 510 2059 a
542 2013 726 2058 Domino
750 2014 804 2058 de
839 2005 1259 2056 contradictionibus

0 2007 164 2149 Ebopuli.
183 2095 225 2133 et
245 2089 531 2133 constitutum
553 2088 602 2131 in
619 2092 748 2145 caput
774 2086 966 2143 gentium
989 2079 1127 2139 (Psat.
1147 2089 1257 2126 ΠΗ

0 2160 94 2222 W)-
113 2161 332 2220 Quatenus
354 2162 454 2207 data
477 2161 560 2205 sibi
583 2172 691 2217 pace
707 2172 732 2202 a
757 2159 966 2207 Domino,
998 2155 1069 2213 (ut
1093 2155 1137 2197 in
1160 2149 1261 2195 aeni-

0 2219 145 2300 imit>
195 2236 241 2280 in
292 2236 402 2279 libro
441 2234 574 2279 Josue
604 2234 762 2290 legitur
794 2233 904 2290 (cap.
939 2242 1031 2282 xxi,
1070 2226 1175 2284 42),
1214 2223 1259 2266 in

0 2311 154 2360 [omnes
187 2321 264 2366 per
301 2308 533 2353 circuitum
570 2310 808 2355 nationes:
851 2309 911 2351 ita
947 2311 998 2349 ut
1035 2302 1182 2347 nullus
1216 2295 1259 2344 ei

0 2333 187 2443 *scamium
209 2382 412 2427 resistere
437 2394 570 2426 ausus
595 2383 676 2434 sit,
704 2383 833 2426 etiam
856 2380 908 2425 de
933 2379 1149 2423 laborioso
1170 2387 1252 2419 no-

0 2443 142 2533 ξιιίιιβ,
165 2456 279 2511 quod
303 2461 368 2501 cst
387 2454 545 2508 Jacob,
573 2456 626 2500 ad
646 2457 766 2512 pacis
789 2455 928 2512 possit
960 2450 1252 2497 conscendere

0 2527 208 2591 [visionem
225 2561 236 2579 ,
261 2534 304 2573 ct
326 2541 484 2573 nomen
502 2561 513 2582 ,
538 2529 654 2585 quod
677 2535 744 2573 est
766 2526 1021 2572 Jerusalem.
1057 2507 1160 2579 Quis
1189 2530 1251 2567 est

0 2595 70 2653 {iiic
89 2605 127 2642 et
151 2599 411 2642 laudabimus
451 2602 580 2644 eum?
603 2600 701 2654 [ecit
725 2601 835 2643 enim
857 2598 1070 2642 mirabilia
1100 2599 1142 2640 in
1167 2597 1252 2639 vita

0 2671 82 2725 tina
106 2669 252 2727 (Eccli.
289 2685 390 2717 xxxi
407 2704 419 2724 ‚
444 2671 505 2731 9).
546 2671 642 2716 Non
665 2673 839 2730 quidem
863 2673 909 2717 in
932 2684 1005 2724 se,
1030 2670 1105 2716 sed
1131 2671 1175 2713 in
1197 2682 1250 2713 eo

0 2742 79 2802 qui
97 2743 235 2799 ipsum
257 2745 504 2800 contortam
540 2747 586 2790 in
620 2758 706 2803 quo
738 2746 871 2790 etiam
905 2745 1052 2790 omnia
1088 2749 1246 2801 potest.

0 2813 68 2874 {De
85 2829 168 2873 quo
188 2819 394 2875 scriptum
415 2825 510 2864 est:
541 2819 623 2873 Qui
643 2819 743 2875 facit
767 2819 980 2863 mirabilia
1001 2831 1153 2874 mayna
1167 2850 1179 2870 ,
1207 2823 1249 2862 et

5 2888 190 2935 :additum
212 2898 276 2935 est
297 2893 409 2936 solies
442 2893 580 2951 (Psal.
607 2906 765 2945 cxxxv,
799 2893 861 2950 4),
886 2906 942 2938 ne
965 2898 1086 2950 putet
1120 2893 1249 2936 homo

0 2955 53 3023 §se
67 2965 272 3010 mirabilia
295 2980 422 3022 posse
445 2967 589 3012 facere
613 2968 707 3013 sine
731 2969 833 3019 illo;
859 2968 934 3023 qui
957 2968 1051 3011 sine
1072 2967 1154 3025 41
1175 2967 1248 3014 illo

10 3035 107 3085 ,nibil
135 3042 272 3092 potest
298 3038 439 3084 facere
455 3073 467 3089 ,
504 3041 578 3096 qui
602 3040 817 3084 sufficiens
842 3052 931 3083 non
953 3045 1019 3084 est
1040 3041 1107 3084 vel
1129 3039 1247 3096 cogi-

16 3117 94 3152 tare
114 3110 272 3166 aliquid
294 3125 344 3155 ex
370 3125 416 3156 se
433 3147 443 3165 ,
472 3114 597 3169 quasi
625 3127 675 3157 ex
701 3126 763 3165 se,
790 3115 866 3158 sed
890 3114 1144 3159 sufficientia
1167 3127 1246 3158 sua

14 3181 166 3238 ex-ipso
186 3191 251 3228 est
274 3185 342 3242 (ΙΙ
367 3187 463 3230 Cor.
492 3199 560 3238 nt,
589 3187 647 3244 5).
675 3186 795 3232 Facit
816 3195 977 3241 tamen,
1001 3189 1073 3245 qui
1101 3188 1249 3245 hujus-

22 3253 116 3298 nodi
139 3263 219 3308 est,
243 3260 455 3303 mirabilia
478 3261 521 3304 in
542 3261 632 3304 vita
664 3274 742 3305 sua
763 3277 774 3315 ;
799 3263 872 3306 sed
897 3275 975 3318 per
996 3262 1116 3306 illum
1133 3296 1144 3314 ,
1171 3262 1246 3318 qui

15 3323 104 3378 iacit
125 3330 334 3375 mirabilia
346 3346 501 3390 magna
525 3335 658 3379 solus.
689 3335 768 3378 Hic
793 3336 906 3379 enim
935 3343 1001 3380 est
1024 3338 1095 3392 qui
1123 3328 1247 3380 liebe-

13 3399 134 3451 tatis,
174 3415 250 3459 pro
282 3417 436 3460 posse,
473 3407 612 3451 acutis
649 3408 838 3453 stimulis
873 3410 1048 3461 carnis;
1084 3410 1245 3453 sedatis

35 3482 167 3529 uoque
186 3507 198 3526 ,
236 3484 443 3532 quantum
484 3480 529 3523 in
569 3481 651 3524 hoc
697 3494 879 3538 corpore
913 3482 1120 3537 possibile
1152 3487 1218 3525 est
1235 3514 1245 3532 ,

13 3545 108 3590 aod
131 3553 405 3606 corrumpitur
425 3561 463 3595 et
487 3562 683 3609 aggravat
704 3557 887 3598 animam
913 3555 1033 3612 (Sap.
1064 3568 1131 3609 tx,
1158 3555 1246 3611 15),

13 3620 272 3667 tumultuosis
296 3626 485 3670 motibus
507 3629 688 3672 mentis:
714 3636 892 3684 pacatus
916 3629 957 3672 in
985 3642 1047 3680 se,
1070 3635 1113 3673 et
1136 3630 1248 3685 paci-

36 3699 108 3735 ens
127 3705 224 3750 erga
251 3697 358 3741 alios
383 3699 445 3741 nil
467 3699 551 3742 nisi
580 3713 727 3756 pacem
751 3702 881 3745 videt.
920 3702 977 3745 Ut
998 3703 1152 3746 merito
1177 3703 1247 3746 Je-

32 3763 183 3809 tts'alem
203 3775 392 3820 vocetur,
410 3784 505 3827 quae
530 3773 631 3815 visio
645 3775 778 3828 pacis,
798 3779 846 3816 ut
870 3775 1014 3818 sciunt
1035 3775 1242 3825 universi,

11 3832 168 3882 dicitur.
203 3839 360 3887 Pacata
392 3845 437 3886 in
459 3857 546 3893 eo..
565 3853 607 3888 et
627 3848 883 3902 tranquilla,
907 3848 1076 3904 quieta,
1108 3855 1150 3892 ct
1178 3862 1244 3892 sc-

35 3912 100 3951 313
128 3915 269 3959 omnia
307 3922 420 3959 sunt.
458 3916 575 3961 Nihil
609 3920 725 3974 quod
749 3927 910 3964 tortum
950 3922 1041 3965 sive
1071 3922 1243 3965 crudele

55 4194 143 4242 3³¹1!
168 4204 277 4257 apud
300 4219 373 4258 se,
394 4219 587 4271 seniores
606 4211 649 4253 in
667 4190 820 4268 plateis
843 4212 993 4255 sedent
1019 4211 1066 4264 (1
1095 4211 1235 4255 Maeli.

35 4279 88 4320 tv
111 4270 151 4329 9)
169 4274 267 4319 dum
291 4290 443 4324 sensus
462 4282 556 4335 ejus
578 4283 805 4327 interiores
830 4284 1042 4339 spirituali
1070 4283 1236 4340 praediti

49 4345 256 4398 atttritate,
279 4351 324 4394 in
346 4352 574 4399 latitudine
602 4356 724 4410 pacis
746 4356 876 4412 hujtis
908 4369 956 4401 se
981 4358 1234 4409 humiliant,

0 4414 145 4468 “time
177 4432 282 4476 quos
307 4437 394 4469 non
421 4428 632 4474 conclusit
658 4429 702 4473 in
734 4442 891 4475 manus
921 4429 1112 4486 inimici,
1147 4437 1233 4476 sta.-

1342 1366 1402 1406 1v,
1421 1353 1510 1411 25).
1534 1352 1598 1397 lta
1622 1354 1772 1399 sedato
1789 1355 1956 1407 animo,
1977 1361 2021 1400 et
2042 1356 2184 1401 medie
2203 1363 2459 1414 temperato,
2481 1360 2589 1404 utin

1341 1427 1441 1471 vino
1467 1425 1649 1471 fervoris
1682 1433 1956 1472 mansuescat
1977 1439 2056 1485 per
2077 1429 2329 1473 suavitatem
2346 1461 2358 1481 ,
2382 1441 2436 1473 ne
2460 1430 2588 1475 nimis

1340 1501 1399 1545 sit
1422 1499 1611 1556 rigidus,
1636 1508 1678 1544 et
1701 1501 1747 1545 in
1770 1501 1853 1544 ticu
1880 1502 2106 1548 suavitatis
2129 1503 2323 1547 mordeat
2339 1515 2415 1559 per
2448 1502 2590 1548 servo·

1340 1587 1461 1626 rem,
1485 1587 1541 1621 ne
1575 1575 1708 1618 nimis
1742 1575 1798 1619 sit
1830 1575 2058 1620 remissus.
2093 1573 2187 1619 Jam
2217 1580 2389 1632 tempus
2425 1581 2518 1628 est,
2540 1582 2589 1619 ut

1341 1647 1547 1703 quoniam
1570 1648 1694 1692 bellis
1717 1648 1859 1704 quieta
1879 1653 1979 1692 sunt
2006 1648 2150 1692 omnia
2165 1679 2177 1699 ,
2203 1648 2376 1692 domum
2409 1647 2589 1694 Domino

1343 1719 1547 1765 Salomon
1559 1726 1785 1765 construat
1794 1719 1836 1778 (1
1849 1721 1954 1765 Par.
1968 1732 2122 1772 xxvtn,
2138 1721 2260 1779 ¹5),‘q
2267 1733 2365 1764 uam
2378 1719 2590 1764 aedificare

1340 1806 1430 1838 non
1469 1794 1611 1850 potuit
1641 1794 1710 1837 vir
1747 1794 2006 1850 sanguinum
2049 1799 2092 1837 et
2126 1793 2308 1838 bellator
2343 1792 2501 1837 David.
2536 1790 2589 1835 Et

1339 1868 1592 1923 quiescente
1613 1874 1729 1912 terra
1747 1879 1771 1910 a
1787 1868 1963 1924 praeliis,
1986 1867 2153 1911 vineam
2173 1867 2334 1923 plantet
2351 1866 2586 1910 Jerusalem

1338 1940 1384 1986 in
1409 1942 1627 1986 montibus
1662 1942 1782 1991 suis,
1805 1940 1922 1996 quod
1953 1952 2078 1996 agere
2112 1952 2197 1983 non
2227 1938 2407 1984 vacabat
2441 1943 2589 1982 noster

1337 2015 1499 2068 Jacob,
1534 2027 1660 2072 quem
1686 2015 1954 2059 incessanter
1986 2014 2207 2058 intendere
2245 2013 2434 2070 oportuit
2466 2011 2587 2058 labo-

1339 2089 1458 2132 rioso
1479 2088 1799 2132 adversantium
1831 2086 2083 2139 luctamini.
2106 2092 2150 2131 et
2182 2085 2475 2131 resistentium
2507 2084 2588 2128 ho·

1340 2162 1471 2205 stium
1499 2162 1855 2218 supplantationi.

1395 2232 1466 2278 vt.
1486 2233 1667 2278 Vineam
1694 2234 1839 2289 itaque
1863 2234 2028 2290 plantet
2047 2231 2287 2278 Jerusalem
2305 2233 2348 2276 in
2366 2230 2584 2274 montibus

1339 2305 1448 2358 suis,
1474 2306 1685 2351 radicitus
1706 2306 1869 2351 scilicet
1892 2312 2071 2363 pacatus
2095 2305 2140 2348 in
2165 2316 2211 2348 se
2227 2303 2420 2360 quilibet,
2444 2309 2487 2348 et
2508 2314 2586 2359 pa·

1333 2379 1485 2424 citieus
1508 2391 1609 2435 erga
1633 2379 1758 2432 alios,
1784 2385 1972 2422 mentem
2000 2378 2163 2421 inserat
2182 2375 2502 2421 conversationi
2520 2375 2585 2419 vi-

1332 2466 1479 2498 rorum
1510 2458 1761 2497 sanctorum
1778 2484 1791 2504 ,
1817 2452 1861 2495 in
1884 2458 2001 2496 terra
2023 2451 2329 2503 exsulantium,
2354 2457 2395 2493 et
2417 2448 2586 2506 gaudiis

1331 2528 1494 2572 civium
1518 2527 1743 2573 beatorum
1770 2525 1815 2569 in
1841 2526 1980 2582 patria
2005 2524 2292 2581 regnantium.
2312 2520 2487 2565 Illorum
2507 2522 2584 2564 ad-

1330 2601 1495 2647 mirans
1511 2602 1801 2651 sanctitatem,
1815 2604 1863 2642 ut
1884 2611 1959 2643 eos
1984 2598 2189 2647 imitetur,
2210 2596 2263 2640 ad
2277 2595 2456 2640 istorum
2480 2607 2583 2639 vero

1330 2675 1576 2730 pertingere
1598 2674 1851 2718 desiderans
1876 2672 2140 2723 felicitatem,
2161 2676 2208 2713 ut
2225 2682 2275 2714 ea
2292 2681 2377 2713 una
2398 2681 2495 2711 cum
2516 2668 2583 2714 eis

1329 2745 1594 2802 perfruatur.
1621 2745 1673 2789 lli
1699 2751 1799 2790 sunt
1820 2750 1991 2789 montes
2015 2742 2197 2800 antiqui,
2221 2747 2390 2786 montes
2415 2740 2579 2794 aeterni,

1329 2820 1373 2862 in
1408 2820 1594 2875 quibus,
1622 2819 1746 2862 vinca
1781 2817 1912 2873 huius
1950 2822 2110 2861 nostrae
2142 2822 2302 2860 sanctae
2341 2812 2579 2858 Jerusalem

1327 2893 1460 2936 mittit
1494 2892 1663 2936 radices
1701 2891 1930 2943 deorsum,
1970 2896 2012 2934 et
2048 2890 2148 2933 tacit
2182 2889 2369 2932 fructum
2405 2899 2580 2932 sursum

1329 2970 1437 3027 (Isa.
1463 2982 1636 3020 xxxvn,
1662 2968 1757 3025 51),
1782 2969 1885 3011 dum
1922 2979 2043 3010 mens
2064 2965 2251 3009 hominis
2284 2963 2504 3020 tranquilli
2536 2969 2579 3007 et

1327 3043 1462 3099 quieti
1484 3049 1573 3086 tam
1593 3042 1810 3086 subtiliter
1833 3040 1945 3083 sacta
1967 3044 2265 3096 perscrutatur
2287 3039 2328 3082 in
2347 3038 2448 3081 vitis
2477 3049 2579 3081 san-

1327 3123 1512 3168 morum,
1538 3128 1667 3172 quam
1693 3114 1847 3171 gaudia
1870 3114 2028 3157 civium
2053 3114 2292 3157 beatorum.
2320 3111 2374 3154 [t
2396 3111 2454 3154 ibi
2486 3110 2578 3153 sru-

1327 3197 1442 3235 ctum
1469 3191 1658 3247 proferat
1676 3191 1730 3233 ad
1755 3190 1996 3245 exemplum
2026 3187 2262 3232 secundum
2299 3198 2373 3229 eos
2397 3197 2577 3228 conver*

1328 3265 1474 3314 sandi,
1500 3265 1570 3307 hic
1599 3269 1743 3307 autem
1769 3261 1823 3304 ad
1860 3260 2120 3304 desiderium
2154 3259 2246 3302 sine
2273 3257 2353 3301 fine
2386 3269 2482 3299 cum
2512 3256 2575 3300 eis

1328 3338 1550 3394 regnandi.
1573 3337 1665 3381 Hoc
1694 3347 1790 3380 esse
1821 3340 1927 3392 puto
1949 3334 2063 3389 quod
2092 3332 2205 3388 apud
2237 3335 2434 3375 sanctum
2463 3327 2571 3378 Job,

1330 3413 1426 3468 ipso
1454 3412 1636 3454 Domino
1666 3414 1913 3460 asserente,
1940 3407 2024 3463 legi
2049 3422 2059 3450 ι
2085 3407 2184 3461 quia
2224 3405 2266 3447 in
2297 3404 2423 3459 petris
2448 3414 2572 3444 mane

1331 3485 1473 3541 aquila
1495 3485 1653 3528 clevata
1667 3516 1678 3535 ‚
1695 3490 1734 3527 et
1754 3483 1798 3525 in
1822 3480 2043 3536 praeruptis
2061 3477 2246 3521 silicibus
2265 3481 2569 3522 commoratur,

1330 3565 1451 3614 atque
1473 3556 1692 3599 inaccessis
1724 3554 1892 3609 rupibus
1914 3551 2014 3603 ‹101›
2035 3563 2164 3594 xxxix
2179 3582 2189 3600 ,
2212 3549 2266 3592 28
2280 3548 2310 3605 ),
2333 3547 2453 3600 Quod
2476 3547 2574 3590 ideo

1328 3631 1489 3674 dictum
1526 3630 1739 3679 arbitror,
1766 3628 1868 3683 quia
1904 3626 2006 3669 dum
2043 3624 2109 3667 vir
2145 3628 2320 3667 sanctus
2352 3620 2569 3664 intellectu

1328 3702 1516 3752 subtilis,
1543 3707 1585 3743 et
1607 3698 1967 3753 contemplatione
1996 3694 2217 3744 sublimis,
2247 3691 2504 3748 cogitatione
2527 3697 2570 3734 et
2628 3687 2632 3690 ’

1328 3773 1529 3815 aviditate
1582 3770 1802 3813 intuendis
1848 3769 1972 3811 bonis
2012 3766 2212 3821 operibus
2250 3765 2292 3806 in
2343 3764 2570 3807 sanctitate

1327 3844 1542 3888 stabilium
1565 3841 1640 3898 [al.
1662 3837 1963 3895 sublimium),
1986 3843 2027 3880 et
2050 3838 2092 3879 in
2117 3836 2283 3892 gaudiis
2307 3835 2568 3892 perennibus

1326 3919 1565 3967 beatorum,
1584 3914 1837 3958 cadentibus
1854 3912 2015 3967 angelis
2034 3910 2297 3967 apostaticis,
2322 3910 2447 3963 piene
2469 3921 2569 3951 con-

1325 3990 1592 4033 firmatorum
1616 3987 1798 4030 intendit
1822 3986 1886 4042 (ut
1905 3983 2285 4040 superiusldictum
2307 3980 2407 4037 est·‚)
2427 3979 2499 4023 illa
2523 3980 2565 4024 in

1323 4064 1563 4118 exemplum
1587 4063 1819 4117 proponat;
1838 4064 1880 4100 et
1901 4057 1992 4099 haec
2010 4056 2053 4098 in
2078 4053 2336 4098 desiderium
2356 4057 2562 4095 assumat.

1321 4136 1458 4189 Quam
1486 4133 1667 4177 amabile
1691 4132 1791 4174 huic
1815 4129 2080 4179 Jerusalem,
2111 4128 2277 4170 vineam
2302 4127 2494 4179 plantare
2520 4124 2563 4165 in

1320 4207 1537 4252 montibus
1577 4205 1694 4249 suis?
1729 4203 1865 4254 Quam
1898 4202 2024 4244 dulce
2048 4200 2199 4255 aquiiae
2231 4198 2331 4240 huic
2364 4198 2559 4245 elevatae,

1318 4293 1494 4326 manere
1516 4280 1559 4323 in
1587 4277 1722 4335 petris
1746 4276 1841 4320 istis
1855 4307 1867 4326 ,
1887 4274 2146 4318 commorari
2170 4273 2212 4315 in
2227 4270 2453 4327 praeruptis
2472 4270 2563 4312 sili*

1318 4358 1441 4402 cibus
1463 4361 1590 4412 atque
1608 4353 1841 4398 inaccessis
1859 4351 2064 4407 rupibus?
2084 4357 2129 4392 ut
2146 4350 2202 4391 ibi
2225 4354 2402 4397 conetur
2421 4347 2560 4388 anima

1317 4431 1469 4476 devota
1498 4427 1725 4486 cogitando
1749 4424 2031 4475 commorari,
2057 4424 2129 4467 ubi
2161 4421 2342 4466 necdum
2376 4419 2560 4464 videndo·
