2924 4588
227 165 338 244 11161

408 286 510 332 Car.
534 280 644 328 xm.
670 281 727 324 De
745 256 942 338 p⁰araarso
965 266 1002 320 e't
1024 276 1148 333 liquis
1166 275 1274 332 ejus.

276 361 552 406 plantaverat
577 364 716 426 ‘utem
739 352 940 404 Dominus
965 348 1077 398 Deus
1113 347 1362 403 paradisum
1386 356 1457 386 vo-

221 435 398 492 luptatis
441 445 467 474 a
501 428 723 486 principio.
760 423 893 478 Quasi
924 429 1135 478 quaereret
1162 416 1349 471 aliquis:
1372 413 1457 457 Re·

221 506 380 550 mansit
398 505 529 547 borno
551 502 594 543 in
621 500 715 542 loco
737 497 811 541 ubi
835 495 973 539 sactus
996 499 1077 544 est,
1097 491 1140 534 in
1165 501 1270 546 agro
1292 487 1456 532 scilieet

220 573 515 624 Damascene?
529 585 630 617 non.
654 569 739 614 Ubi
755 582 858 625 ergo
875 566 1110 611 translatus
1131 563 1226 607 est?
1253 563 1294 604 in
1329 571 1456 616 para·
1504 612 1507 615 .

218 655 360 696 disum
378 654 505 706 quem
523 648 635 691 Deus
654 645 722 690 die
737 643 863 688 tex-tia
884 642 1166 698 plantaverat,
1189 637 1231 680 id
1250 641 1316 679 est
1335 634 1457 690 plan·

220 725 274 769 iis
290 729 530 781 optaverat,
553 719 696 763 herbis
719 716 883 761 scilicet
903 722 944 759 et
965 711 1194 759 arboribus
1214 709 1409 759 insitum,
1431 712 1455 750 a

217 795 430 852 principio
458 790 704 842 creationis,
731 789 896 831 scilicet
915 796 1012 835 cum
1037 784 1236 839 apparuit
1258 780 1395 832 arida,
1414 786 1456 823 et

206 870 459 926 :germinare
492 873 649 909 terram
688 862 789 906 fecit
813 875 823 904 t
847 861 914 904 vel
952 873 978 903 a
1006 857 1231 913 principio,
1265 855 1307 898 id
1342 856 1454 898 esta

217 945 355 1001 prima
379 940 498 984 orbis
518 947 652 994 parte.
689 935 812 979 Unde
848 933 930 977 alia
965 930 1191 975 translatio
1217 928 1361 980 habet,
1381 941 1458 983 pa-

213 1039 225 1058 t
242 1018 407 1061 adisum
426 1014 469 1058 in
502 1012 618 1055 Eden
658 1010 713 1053 ad
738 1011 954 1070 orientem.
979 1006 1097 1051 Ed'en
1125 1003 1349 1056 Hebraice,
1374 998 1458 1045 La-

214 1094 306 1136 tine
334 1085 494 1133 delicioe
530 1087 851 1141 interpretatur.
878 1081 991 1137 Ergo
1037 1079 1155 1140 idem
1193 1085 1257 1122 est
1284 1076 1459 1134 paradi-

217 1177 309 1208 sum
332 1161 558 1216 voluptatis
582 1158 694 1215 quod
717 1156 962 1214 paradisum
992 1154 1037 1196 in
1071 1145 1203 1203 Edem,
1229 1149 1273 1193 id
1315 1154 1382 1192 est
1414 1148 1456 1190 111

217 1236 398 1280 deliciis.
416 1234 499 1277 Sed
523 1246 548 1275 a
564 1230 790 1288 principio,
812 1228 922 1271 idem
941 1225 1137 1281 estquod
1158 1224 1211 1267 ad
1229 1222 1456 1267 orientem.

216 1311 293 1354 Est
318 1316 461 1352 autem
482 1307 606 1350 locus
631 1302 956 1348 amoenissimus
977 1300 1107 1356 longo
1135 1293 1278 1346 terrae,
1297 1302 1339 1338 et
1366 1306 1459 1338 ma-

216 1384 277 1426 ris
305 1388 438 1424 tractu
475 1391 498 1421 a
535 1385 681 1420 nostra
719 1373 944 1417 habitabili
977 1383 1086 1414 zona
1115 1375 1324 1420 secretus,
1350 1366 1457 1410 adeo

150 1491 154 1494 .
215 1454 409 1497 elevatus
448 1456 495 1493 ut
532 1459 670 1503 usque
708 1449 761 1490 ad
803 1446 999 1489 lunarem
1045 1443 1218 1499 globum
1253 1440 1454 1495 attingat.

219 1524 357 1578 Unde,
382 1530 426 1567 ct
449 1533 572 1577 aquae
607 1519 759 1564 diluvii
795 1519 898 1563 illuc
929 1529 1014 1560 non
1042 1520 1347 1571 pervenerunt.
1383 1511 1458 1556 Est

218 1599 347 1642 etiam
376 1595 604 1649 paradisus
636 1593 794 1637 coelum
835 1602 1107 1647 empyreum,
1128 1596 1171 1632 et
1192 1588 1351 1631 dicitur
1375 1586 1460 1642 spi-

216 1669 406 1720 ritualis,
435 1668 542 1723 quia
579 1668 699 1721 regio
727 1671 791 1709 est
822 1664 1075 1719 spirituum.
1117 1661 1284 1705 Dicitur
1327 1660 1457 1702 ctiam

219 1741 499 1798 spiritualiter
539 1738 768 1794 paradisus
808 1736 896 1780 vita
936 1736 1093 1784 beata.
1138 1733 1207 1776 vel
1248 1731 1456 1776 Ecclesia.

218 1815 509 1869 Produxitque
532 1813 643 1855 Deus
666 1812 706 1854 in
734 1810 937 1866 paradiso
966 1809 1015 1851 de
1046 1808 1169 1850 [inmo
1203 1806 1373 1851 diversa
1405 1806 1454 1848 li-

218 1901 300 1944 gna
326 1887 484 1943 quibus
510 1885 796 1929 delectaretur
831 1883 964 1925 homo
983 1880 1184 1933 videndo,
1223 1885 1265 1923 et
1288 1884 1462 1922 susten-

218 1966 382 2003 taretur
399 1958 583 2001 edendo.
606 1955 814 1999 Produxit
847 1955 1040 2010 quidem,
1071 1953 1112 1997 id
1153 1958 1219 1998 est
1244 1952 1391 2008 procul
1416 1952 1458 1997 in

217 2034 351 2076 altum
375 2031 523 2083 duxit;
547 2030 610 2073 vel
633 2029 847 2085 produxit,
872 2028 911 2070 id
940 2034 1005 2070 cst
1026 2039 1104 2081 pro
1125 2025 1300 2068 homine
1318 2025 1456 2068 duxit.

219 2100 273 2144 In
295 2100 428 2143 medio
452 2111 637 2155 quorum
666 2104 870 2153 tanquam
910 2097 1106 2152 digniora
1129 2095 1267 2151 posuit
1299 2095 1459 2148 liqrmm

218 2175 331 2228 vitoe,
380 2181 417 2216 et
451 2173 608 2228 1191111111
648 2171 833 2213 scientiar
854 2169 948 2212 boni
982 2176 1019 2212 et
1055 2168 1171 2211 unali.
1207 2167 1377 2211 Dictum
1396 2175 1461 2210 cst

219 2253 363 2290 autem
384 2245 542 2301 ligyrium
563 2245 656 2287 vizoe
685 2243 738 2286 ab
757 2243 926 2295 effectu,
949 2254 1076 2298 quem
1096 2227 1248 2284 habuit
1272 2231 1462 2284 natura·⁴

219 2321 333 2374 liter,
349 2325 396 2363 ut
433 2324 672 2363 comestum
704 2317 862 2372 saepius
897 2322 1102 2371 perpetua
1144 2313 1360 2358 soliditate
1382 2313 1461 2356 ho-

548 171 575 206 ·
1222 179 1384 225 perat
1414 176 1760 224 conss'roms

1480 274 1518 319 Α
1539 269 1844 328 Pythagorica,
1869 279 1967 323 quae
2008 266 2061 311 de
2084 264 2215 310 Samo
2250 263 2392 310 insula
2423 248 2521 318 l'uit,
2545 263 2639 309 11αο
2659 263 2778 308 enim

1538 343 1673 400 ligura
1704 354 1728 385 a
1751 340 1994 398 Pythagora
2031 340 2203 406 iuven-ta
2225 344 2308 389 est,
2346 337 2468 392 prius
2503 343 2569 381 est
2597 342 2780 383 truncus
2834 342 2840 343 ’

1537 417 1719 473 integer,
1737 422 1897 471 etpost
1927 415 1969 458 in
1995 425 2166 458 summo
2189 412 2369 465 bivium,
2402 411 2467 456 sic
2497 410 2630 454 bomo
2649 410 2781 455 modo

1537 487 1580 532 in
1605 487 1760 544 primis
1781 486 1982 530 aetatibus
2007 484 2136 542 quasi
2179 490 2344 527 {anitum
2372 482 2494 534 vivit,
2531 492 2617 525 non
2652 486 2782 526 utem

1535 560 1706 604 viribus
1728 559 1781 601 ad
1802 556 2128 614 intelligentiam
2146 555 2276 600 datis.
2297 553 2380 598 Sed
2413 566 2513 598 cum
2537 551 2705 596 venerit
2725 550 2783 596 ad
2842 574 2845 575 ν

1538 645 1677 678 annos
1696 631 1992 683 discretionis,
2032 637 2135 673 tunc
2162 627 2372 672 discernit
2414 627 2526 670 inter
2546 626 2709 670 bonum
2739 629 2786 668 et
2836 663 2840 671 2
2888 651 2891 693 ξ

1538 706 1720 757 malum,
1745 711 1788 748 et
1811 712 1913 747 tune
1934 710 2036 747 sunt
2054 703 2239 758 primum
2270 707 2398 757 opera
2435 699 2530 755 eius
2563 698 2694 751 bona,
2713 695 2784 742 vel

1539 779 1668 823 mala.
1692 777 1775 822 Sed
1801 778 1885 819 non
1928 776 1988 818 ita
2030 774 2198 826 sactum,
2227 773 2358 817 estin
2383 771 2536 821 Adam,
2563 770 2651 813 imo
2682 780 2783 814 cum

1540 851 1624 895 vita
1646 851 1746 894 data
1768 856 1834 894 est
1850 851 1887 893 ei
1914 847 2094 893 scientia
2118 845 2217 890 boni
2243 852 2285 888 et
2308 845 2426 897 mali,
2445 843 2571 900 quasi
2587 843 2748 888 diceret
2769 855 2783 888 t

1538 925 1698 970 Factus
1722 930 1789 968 est
1818 924 1950 967 homo
1986 930 2237 978 corporeuS,
2268 918 2469 962 subditus
2491 916 2596 969 Deo,
2617 922 2785 972 praepo·

1539 999 1649 1044 situs
1669 996 1979 1050 animantibus,
2016 1002 2060 1040 et
2088 994 2219 1039 simul
2242 993 2366 1046 vixit,
2392 998 2435 1035 et
2473 990 2598 1035 seivit
2618 990 2784 1034 bonnm

1540 1078 1583 1114 et
1605 1071 1783 1114 malum.

1538 1163 1643 1208 Car.
1667 1159 1780 1205 XIV.
1814 1160 1874 1204 De
1898 1159 2011 1216 sonte
2033 1158 2242 1215 paradisi,
2265 1163 2303 1200 et
2327 1161 2508 1212 quatuor
2533 1151 2789 1208 [iunioribus
2837 1162 2840 1164 ’

2104 1215 2212 1270 ejas·

1596 1291 1650 1336 Et
1688 1290 1808 1343 l'ons,
1850 1288 1919 1333 rel
1949 1280 2105 1344 flat-ias
2127 1286 2420 1345 eqredr'ebatar
2441 1285 2495 1328 ad
2522 1282 2813 1340 irriqandum·

1539 1366 1804 1423 paradisum,
1846 1363 1888 1408 id
1935 1367 2004 1407 cst
2045 1361 2162 1418 ligna
2204 1358 2396 1416 paradisi
2434 1357 2554 1415 (Gen.
2580 1364 2645 1413 11).
2670 1354 2789 1398 Fons

1539 1444 1680 1497 potest
1704 1436 1901 1493 intelligi,
1925 1435 1993 1479 vel
2016 1435 2217 1492 abyssus.
2239 1433 2282 1477 id
2304 1439 2369 1476 est
2393 1433 2552 1476 matrix
2591 1427 2786 1474 omnium
2841 1455 2848 1466 1

1540 1525 1752 1569 aquarum
1772 1544 1782 1564 ‚
1825 1511 1893 1554 vel
1930 1509 2073 1554 fontes
2099 1520 2175 1564 per
2201 1507 2438 1564 syllepsim,
2466 1503 2687 1562 singulare
2710 1514 2788 1557 pro

1539 1586 1712 1644 plurali.
1750 1585 1934 1640 irrigare
1959 1589 2103 1627 autem
2126 1581 2316 1638 positum
2341 1587 2407 1623 est
2428 1590 2507 1635 pro
2537 1576 2789 1620 ministrare
2836 1632 2839 1635 ι

1541 1661 1786 1705 humorem.
1830 1657 1997 1702 Dicitur
2018 1657 2133 1700 enim
2160 1662 2274 1699 terra
2297 1651 2612 1708 circumjacens
2635 1649 2790 1693 hume-
2812 1683 2815 1685 .

1540 1732 1650 1778 ctari
1673 1744 1698 1775 a
1720 1730 1970 1774 fluminibus
1991 1736 2068 1786 per
2089 1734 2304 1779 tracones,
2333 1725 2375 1768 id
2397 1731 2461 1769 est
2484 1721 2667 1779 pervias
2685 1719 2789 1764 sub-

1540 1813 1653 1850 serra
1662 1817 1780 1858 neas,
1803 1803 1870 1848 vel
1892 1816 1967 1859 per
1989 1808 2159 1846 meatus
2178 1798 2506 1857 quatuordeeim
2523 1794 2693 1848 stadiis,
2710 1799 2789 1837 aut

1542 1878 1776 1923 sexdecim.
1816 1877 1897 1930 Qui
1937 1874 2035 1920 sons
2076 1874 2282 1919 dividitur
2315 1874 2356 1917 in
2383 1879 2569 1930 quatuor
2592 1868 2790 1914 flumina.
2842 1876 2845 1878 ’

1541 1941 1665 1997 Unus
1686 1952 1829 1996 dietus
1853 1955 1919 1994 est
1938 1948 2127 2000 Phison,
2167 1947 2244 2004 qui
2267 1934 2515 2002 a'Gangaro
2540 1955 2639 2000 rege
2658 1939 2793 1986 tndiae
2854 1938 2858 1942 ’

1541 2025 1683 2070 dictus
1718 2030 1785 2083 est
1818 2016 2005 2079 Ganges,
2040 2027 2084 2066 et
2106 2019 2413 2077 interpretatur
2434 2016 2596 2062 Phison
2625 2026 2792 2060 secun·
2837 2023 2838 2026 ’

1550 2097 1661 2144 1111111,
1678 2096 1888 2146 lsidorum
1910 2103 2095 2148 caterva,
2115 2093 2215 2150 quia
2240 2093 2387 2138 decem
2411 2089 2591 2135 flumina
2615 2089 2786 2145 recipit,

1542 2169 1609 2217 vel
1630 2168 1872 2213 immutatio
1897 2167 2000 2220 oris,
2020 2166 2122 2223 quia
2145 2172 2338 2209 mutatur
2362 2163 2530 2216 asaele,
2553 2174 2682 2220 quam
2707 2163 2790 2206 ha·-

1545 2242 1619 2286 bet
1644 2241 1687 2285 in
1710 2241 1931 2297 paradiso.
1971 2239 2174 2284 Mutatur.
2199 2239 2329 2283 etiam
2356 2237 2593 2283 secundum
2616 2235 2788 2281 diversa

1546 2316 1637 2360 loca
1663 2315 1800 2359 tribus
1821 2313 1978 2358 modis.
2002 2311 2049 2355 ln
2074 2313 2235 2364 colore,
2255 2311 2359 2368 quia
2373 2310 2476 2355 alibi
2501 2310 2662 2365 clarus,
2683 2309 2791 2354 alibi

219 2394 613 2444 minem—firmaret,
638 2390 696 2432 ita
723 2390 904 2433 utnulla
938 2388 1204 2441 infirmitate,
1236 2386 1457 2439 vetsenio,
1483 2390 1518 2453 C
1543 2389 1773 2441 obscurus,
1800 2388 1901 2432 alibi
1932 2386 2158 2442 turbidus;
2202 2385 2246 2429 in
2267 2385 2533 2443 quantitate,
2560 2384 2662 2440 quia
2686 2382 2787 2428 alibi

217 2467 286 2511 vel
310 2467 543 2518 anxietate,
564 2464 604 2506 in
627 2463 831 2515 deterius,
852 2467 914 2506 vel
939 2463 980 2504 in
999 2473 1204 2509 occasum
1227 2461 1457 2504 laberetur.

218 2538 398 2596 Lignum
425 2550 526 2582 vero
544 2537 727 2579 seientioe
750 2534 844 2578 boni
875 2544 912 2578 et
936 2535 1038 2578 mali
1067 2535 1225 2578 dictum
1250 2542 1316 2578 est
1338 2546 1391 2578 ex
1409 2546 1462 2578 eo

220 2611 335 2667 quod
356 2618 552 2655 secutum
589 2611 654 2652 cs't
691 2611 786 2664 ejus
823 2608 1152 2651 comestionem.
1181 2605 1308 2650 Prius
1343 2607 1461 2651 enim

220 2683 442 2729 nesciebat
460 2684 590 2726 homo
613 2681 714 2738 quid
746 2687 860 2725 esset
895 2681 1075 2733 malum,
1118 2681 1222 2735 quia
1265 2678 1458 2724 nondum

219 2765 439 2813 expertus.
466 2756 630 2799 Bonum
660 2755 774 2799 enim
797 2755 982 2799 dicimus
1017 2754 1244 2797 sanltate'm
1268 2761 1310 2797 ct
1327 2753 1462 2798 firmi·

223 2840 380 2885 tatcm;
407 2831 567 2874 malum
587 2842 688 2873 vero
717 2828 1014 2886 aegritudinem
1043 2835 1085 2872 et
1106 2827 1458 2881 imbecillitatem,

221 2918 318 2961 quae
340 2905 530 2948 nondum
556 2911 751 2948 senserat
774 2903 922 2947 homo.
943 2906 946 2910 ’
964 2900 1238 2959 Cognoverat
1283 2901 1458 2957 quidem

219 2991 269 3023 ea
290 2992 365 3034 per
386 2978 628 3030 scientiam,
671 2978 774 3033 quia
818 2988 870 3020 ex
910 2989 996 3019 nno
1039 2975 1356 3019 contrariorum
1382 2986 1458 3019 co-

220 3053 443 3108 gnoscitur
468 3049 699 3106 reliquum,
732 3049 806 3094 sed
834 3061 919 3093 non
946 3061 1022 3104 per
1057 3048 1390 3103 experientiam,
1414 3054 1462 3092 ut

221 3126 414 3170 medicus
456 3126 556 3168 dnm
594 3136 728 3168 sanus
765 3129 832 3168 est
863 3124 983 3166 novit
1019 3122 1211 3174 morbos,
1245 3121 1323 3166 sed
1361 3134 1459 3166 eum

222 3205 402 3255 aegrotat
427 3198 563 3253 magis
588 3198 826 3253 cognoscit,
863 3197 966 3252 quia
990 3197 1124 3250 novit,
1151 3202 1194 3239 ct
1233 3195 1382 3249 sentit,
1402 3195 1461 3239 si·

222 3277 298 3315 cut
315 3270 366 3313 de
387 3282 519 3325 puero
543 3270 723 3313 delicate
759 3269 923 3313 nutrito
957 3269 1131 3322 dicitur,
1172 3268 1275 3324 quia
1323 3265 1462 3312 nescit

222 3342 327 3399 quid
355 3343 411 3386 sit
434 3342 613 3396 malum,
647 3342 734 3386 imo
774 3342 966 3386 nondum
1002 3343 1120 3386 novit
1155 3348 1363 3398 qnantum
1405 3342 1460 3386 sit

222 3418 407 3468 honum,
427 3416 488 3459 vel
509 3416 664 3459 :nalum
695 3429 707 3458 z
730 3415 797 3458 vel
822 3414 982 3458 malum
1016 3415 1174 3459 dicitur
1210 3414 1461 3460 inobedien-

1544 2464 1768 2520 parvulus,
1795 2462 1897 2506 alibi
1922 2461 2133 2520 diffusus;
2163 2460 2211 2523 jn
2235 2471 2382 2514 sensu,
2410 2458 2511 2515 quia
2537 2458 2638 2502 alibi
2664 2457 2790 2515 frigi-

1543 2538 1642 2590 dus,
1669 2537 1771 2581 alibi
1795 2536 1988 2580 calidus:
2016 2535 2086 2579 bic
2110 2534 2306 2578 circumit
2325 2540 2482 2577 terram
2507 2531 2720 2586 Hevitatlt,
2744 2532 2787 2576 id

1542 2618 1610 2656 est
1637 2610 1829 2664 Indiam,
1869 2616 1913 2653 et
1949 2608 2082 2652 trahit
2106 2619 2261 2651 aureas
2283 2618 2455 2651 arenas.
2496 2605 2621 2651 Alius
2643 2605 2791 2650 dietus

1543 2691 1610 2728 est
1639 2682 1787 2728 Gehon
1805 2713 1817 2735 ,
1846 2681 1914 2726 vel
1938 2674 2104 2735 'Gi›hon,
2149 2678 2373 2736 religion,
2402 2679 2478 2736 qui
2501 2685 2544 2724 et
2565 2669 2705 2734 Nilus,
2745 2685 2790 2723 et
2846 2695 2848 2698 ’

1543 2763 1671 2802 sonat
1693 2755 1836 2798 hiatus
1863 2763 2001 2807 terren,
2042 2753 2108 2799 vel
2129 2760 2304 2807 terrens,
2341 2753 2444 2810 quia
2469 2751 2667 2798 turbidus
2689 2758 2786 2797 esta

1543 2830 1616 2874 hic
1639 2829 1831 2872 circumit
1853 2827 2135 2885 AEtltiopiam.
2164 2827 2246 2871 Alii
2265 2826 2352 2871 duo
2370 2826 2521 2882 primis
2538 2825 2788 2871 nominibus
2848 2852 2862 2877 :

1544 2910 1755 2948 vocantur
1777 2901 1944 2959 Tigris,
1983 2907 2025 2946 et
2059 2899 2315 2959 Euphrates.
2357 2899 2499 2956 Tigris
2537 2887 2697 2943 animal
2722 2905 2788 2943 est
2843 2932 2847 2940 .

1541 2977 1867 3022 velocissimum
1883 3007 1895 3029 ,
1935 2984 1979 3019 et
2002 2975 2100 3019 ideo
2122 2973 2279 3018 fluvius
2318 2971 2389 3016 ille
2420 2986 2444 3016 a
2468 2973 2533 3016 sui
2560 2972 2788 3033 velocitate
2844 2974 2859 2979 “

1543 3038 1704 3108 Tigridi
1734 3049 2018 3106 equivocatus
2054 3056 2136 3092 est.
2171 3047 2248 3092 llic
2271 3047 2384 3092 vadit
2407 3039 2783 3103 eontra'Assyi-Ios.
2860 3104 2862 3111 y

1543 3123 1660 3190 Dicit
1693 3122 1909 3180 Iosephus
1946 3121 2063 3178 quod
2097 3120 2241 3178 Tigris
2280 3120 2441 3165 dieitur
2466 3112 2786 3176 D'iglat,quod

1544 3204 1668 3243 sonat
1706 3204 1904 3249 acutum,
1945 3194 2010 3238 vel
2034 3201 2275 3251 arianarum.
2322 3192 2566 3248 Euphrates
2588 3192 2784 3250 [ruyifen
2850 3180 2852 3182 ’

1541 3271 1609 3315 vel
1632 3270 1868 3325 fructuosus
1905 3269 1958 3312 de
1994 3281 2081 3324 quo
2105 3280 2179 3324 per
2202 3280 2310 3324 quas
2336 3267 2542 3311 transiret
2568 3267 2784 3328 regionem,
2859 3258 2863 3274 ”

1543 3344 1668 3401 qnasi
1691 3351 1858 3397 notum,
1897 3343 2032 3387 tacuit
2056 3341 2226 3399 Moyses
2242 3375 2252 3395 ‚
2283 3343 2383 3398 quia
2408 3349 2473 3387 est
2498 3343 2540 3386 in
2567 3341 2782 3395 Challaea,

1544 3416 1659 3460 unde
1684 3423 1860 3458 venerat
1881 3415 2118 3474 Abraham.
2154 3413 2253 3458 llaec
2278 3422 2487 3470 quatuor,
2523 3421 2571 3461 ut
2594 3415 2786 3460 diximus

222 3492 300 3543 tia,
321 3491 482 3534 bonum
505 3489 764 3542 ohedientia,
794 3489 895 3544 quia
924 3495 1020 3543 post
1052 3491 1360 3533 comestionem
1381 3502 1459 3533 no⁴
1489 3504 1522 3545 1)
1544 3487 1720 3531 flumina
1746 3487 1800 3530 ab
1823 3486 1975 3531 eodem
2002 3484 2121 3529 fonte
2148 3493 2342 3538 manant,
2378 3492 2421 3531 et
2445 3493 2717 3543 separantur,
2740 3494 2785 3531 et

220 3565 284 3608 vit
311 3570 518 3619 quantum
543 3563 706 3606 bonum
743 3569 837 3606 crat
868 3562 1140 3616 obedientiae,
1176 3570 1218 3607 ct
1251 3570 1459 3620 quantum

221 3638 385 3681 malum
407 3636 719 3680 inobedientiae.
756 3634 881 3680 Plato
906 3648 993 3681 non
1026 3644 1186 3692 putans
1229 3636 1312 3681 hoc
1331 3650 1461 3694 posse

223 3707 454 3753 convenire
473 3708 717 3763 arboribus,
739 3708 855 3763 quod
892 3708 948 3753 sit
987 3709 1144 3764 liqnnm
1179 3708 1289 3763 ritoe,
1328 3701 1378 3754 et>
1408 3709 1462 3753 li·

225 3793 349 3837 91111111
367 3781 548 3827 scientiar
579 3780 673 3823 boni
706 3787 743 3823 et
769 3779 889 3834 ntuli,
916 3782 1011 3826 ideo
1038 3788 1273 3839 utrumque
1306 3782 1389 3828 hoc
1406 3783 1461 3828 de

223 3855 399 3898 bomine
417 3855 578 3898 dictum
600 3853 875 3908 existimavit,
900 3856 1002 3912 quia
1039 3856 1143 3900 vivit
1166 3863 1209 3899 ct
1235 3862 1301 3900 est
1319 3857 1461 3902 sciens

223 3926 384 3970 bonum
409 3933 451 3970 et
473 3926 648 3978 malum,
681 3934 723 3969 et
745 3926 853 3970 dixit
886 3928 1026 3983 ipsum
1049 3934 1244 3972 vocatum
1283 3928 1458 3984 lignum,

224 3997 271 4043 id
291 4006 355 4042 est
380 4010 651 4054 corporeum,
675 3999 728 4042 ad
749 3999 1032 4045 differentiam
1059 4001 1307 4057 spirituum,
1333 3990 1374 4045 id
1396 4009 1462 4045 cst

226 4069 495 4125 angelorum,
524 4071 598 4126 qui
623 4077 665 4114 ct
687 4071 851 4122 vivunt,
882 4078 923 4115 ct
943 4071 1086 4116 sciunt
1106 4072 1267 4116 bonum
1291 4079 1334 4116 et
1370 4082 1462 4115 ma·

227 4142 333 4185 lum.
364 4141 415 4184 111
444 4142 575 4185 medio
609 4155 711 4187 vero
732 4144 919 4200 positum
956 4146 1148 4199 tradidit,
1186 4147 1289 4203 quia
1331 4148 1462 4191 homo

227 4222 293 4257 est
309 4211 430 4269 quisi
454 4214 619 4258 medius
642 4215 748 4259 inter
771 4217 1019 4261 Creatorem
1037 4231 1167 4274 super
1184 4231 1231 4262 se
1254 4220 1458 4275 positum,

229 4294 271 4328 et
290 4286 508 4329 sensibilia
535 4287 615 4329 sub
640 4299 687 4330 se
723 4289 878 4343 posita.
921 4287 1167 4335 Discrctam*
1203 4302 1304 4334 vero
1345 4291 1460 4335 illius

227 4355 416 4400 hominis
441 4357 570 4402 luisse
593 4360 851 4405 creationem
873 4374 896 4404 a
919 4363 1210 4407 ereatlonibus
1235 4364 1459 4407 hominum

227 4430 491 4487 reliquorum
516 4433 619 4477 dixit
636 4447 713 4487 per
734 4435 803 4478 illa
822 4435 907 4479 duo
926 4436 1085 4490 addita,
1113 4438 1225 4492 vicae,
1251 4446 1293 4482 et
1320 4435 1457 4483 seien-

233 4505 302 4548 tioe
320 4506 414 4550 voni
436 4513 472 4549 et
498 4518 615 4559 1171111.
642 4507 762 4558 §ient
786 4504 963 4555 enimj'n
984 4509 1126 4555 Samia
1150 4511 1302 4567 ligura.
1324 4513 1375 4557 id·
1393 4521 1459 4561 est

1540 3561 1698 3604 iterum
1720 3558 1916 3616 quaedam
1943 3571 2091 3603 eorum
2126 3558 2237 3602 inter
2273 3571 2319 3604 se
2359 3560 2714 3611 commiscentur.
2738 3565 2782 3604 ct

1541 3634 1695 3677 iterum
1720 3643 1989 3688 separantur,
2015 3645 2126 3688 saepe
2148 3633 2279 3676 etiam
2301 3633 2585 3678 absorbentur
2604 3645 2630 3678 a
2650 3639 2779 3687 terra,

2667 170 2778 216 {0¹38

1541 3716 1583 3752 et
1619 3707 1724 3751 loeis
1767 3708 1923 3750 iterum
1966 3708 2010 3750 in
2056 3708 2257 3762 pluribus
2292 3715 2539 3763 emeritum.¹
2576 3707 2678 3753 Inde
2713 3717 2781 3754 est
2838 3751 2844 3760 ,.
2906 3710 2913 3715 ’

1542 3783 1658 3840 quod
1684 3782 1736 3826 de
1762 3787 1860 3825 ortu
1886 3792 2035 3825 eorum
2067 3781 2187 3824 varia
2210 3780 2426 3836 leguntur.
2460 3780 2627 3825 Dicitur
2650 3781 2780 3827 etiam

1541 3857 1710 3913 Ganges
1747 3855 1866 3900 nasei
1903 3855 1945 3899 in
1985 3854 2093 3898 locis
2127 3853 2312 3898 Caucasi
2335 3854 2511 3908 montis,
2548 3852 2671 3900 Nilus
2692 3863 2780 3900 non

1541 3930 1694 3987 procul
1729 3929 1782 3972 ab
1820 3927 2007 3982 Atlante,
2059 3926 2200 3984 Tigris
2239 3933 2282 3971 et
2319 3925 2560 3983 Euphrates
2604 3924 2656 3972 eit
2697 3928 2784 3972 Ar-·

1542 4013 1700 4044 menia.

1610 4075 1712 4119 Car.
1738 4073 1830 4135 ΧΥ.
1867 4070 1925 4117 De
1947 4081 2167 4131 proeceplo,
2195 4082 2234 4117 et
2257 4074 2534 4130 prehibilione
2551 4068 2709 4119 edulii.'

1599 4150 1712 4194 Tulit
1732 4162 1829 4206 erqo
1853 4149 1964 4193 Deus
1988 4149 2192 4192 hantinem
2214 4147 2381 4192 deloco
2401 4147 2669 4193 formationis
2687 4158 2779 4193 suae
2847 4151 2851 4156 ”

1543 4223 1584 4267 111
1610 4221 2071 4279 111113111311111,ἐε11111ει
2093 4221 2355 4275 terrestrem,
2381 4229 2427 4264 111
2456 4227 2695 4276 operaretur
2715 4219 2776 4264 1111

1542 4296 1663 4351 (Gen.
1690 4299 1756 4354 n).
1782 4294 1876 4340 No'n
1909 4303 2050 4340 tamen
2074 4295 2311 4340 laborando
2329 4308 2380 4339 cx
2407 4298 2679 4349 necessitate,
2701 4295 2775 4340 sed

1541 4362 1819 4419 delectando,¹
1853 4375 1895 4412 et
1935 4367 2185 4421 recreando,
2226 4375 2268 4412 et
2309 4368 2373 4411 sic
2404 4367 2517 4412 Deus
2549 4356 2775 4411 custodiret
2848 4374 2851 4379 ·

1541 4432 1677 4510 illum,
1703 4442 1868 4486 scilicet
1891 4440 2129 4485 hominem.
2156 4441 2236 4484 Vel
2258 4432 2489 4496 utrumque
2511 4431 2700 4492 refertur
2719 4440 2775 4484 ad

1540 4513 1777 4572 hominem,
1804 4520 1851 4559 ut
1876 4513 2040 4570 scilicet
2063 4512 2194 4563 honio
2216 4514 2441 4556 custodiret
2463 4513 2709 4568 paradisum
2731 4518 2781 4556 et»
