2924 4588
262 118 390 195 981.
547 173 579 211 ι

1150 106 1321 153 amur
1346 78 1936 152 rnffiuossrnareusi's
1980 163 1983 166 ,

2741 109 2826 157 rm

268 194 517 268 ignierantiae
539 209 702 254 vocata,
729 202 773 257 in
796 201 876 245 h‘oc
899 197 1075 253 inundo,
1100 201 1223 257 (ιιι-Δεῖ
1248 200 1291 244 in
1316 184 1502 256 quodam
1526 200 1563 244 A
1583 199 1664 242 tria
1689 203 1899 255 tempora,
1925 209 2004 254 per
2029 209 2103 242 sex
2124 203 2273 242 aetates
2295 199 2514 255 pertingit.
2539 194 2639 242 Tria
2660 205 2826 256 tempo·

265 283 453 333 deserto,
477 289 518 325 et
534 281 586 324 ab
604 278 706 322 Abel
726 257 846 333 jtfsto
865 276 907 320 in
923 268 1026 338 ‘ipso
1037 272 1185 318 mundi
1200 272 1380 318 exordio
1395 284 1501 317 con·

263 356 373 402 strui
396 354 540 409 coepit,
559 359 601 396 et
626 350 824 407 usquead
849 349 1060 400 ultimum,
1091 348 1223 404 quiin
1249 347 1329 390 fine
1350 345 1499 390 mundi

262 423 507 471 nasciturus
530 398 612 474 esf,
643 423 825 466 electum
846 420 1048 465 aedificari
1070 433 1156 464 non
1179 420 1351 463 desinit.
1383 416 1500 471 Qua-

262 498 360 543 ‚iter
389 509 485 541 vero
508 497 597 539 haec
623 495 766 538 omnia
789 493 842 536 ad
868 497 1060 537 sanctam
1093 492 1330 536 Ecclesiam
1366 491 1498 547 perti-

262 577 405 620 neant,
432 569 533 625 quid
551 570 689 623 ipsum
708 566 902 610 videlicet
924 565 1134 622 imprimis
1157 565 1495 615 tabernaculum,

257 647 464 699 quantum
490 640 543 683 ad
572 639 696 684 iidem
730 638 896 689 attinet,
918 637 1127 694 designet,
1151 637 1252 692 quid
1275 637 1368 692 eius
1387 668 1398 687 ‚
1425 637 1494 679 in-

260 728 404 772 quam,
428 714 629 770 parietes,
652 717 696 756 et
718 712 933 759 introitus,
958 710 1059 766 quid
1083 710 1252 762 tabulae,
1275 716 1318 753 et
1340 709 1495 762 bases;

259 786 362 843 quid
385 786 560 837 annuli,
587 790 628 829 et
652 791 822 837 vectes;
849 783 954 839 quid
981 782 1024 826 in
1044 783 1222 827 introitu
1245 783 1493 834 tentorium,

259 869 301 903 et
311 860 519 903 columnae
544 863 585 901 et
612 857 775 910 velum;
797 855 898 911 quid
917 855 1169 912 simpliciter
1187 855 1367 909 Sancta;
1393 855 1495 911 quid

262 932 419 976 Sancta
447 935 711 981 sauctorum,
731 927 834 985 quid
854 928 1032 973 cortinae
1055 934 1099 972 et
1140 940 1242 984 saga
1260 943 1271 981 ;
1292 929 1395 984 quid
1410 928 1497 972 duo

259 1007 360 1050 tecti
382 1005 675 1061 operimenta;
702 1001 804 1058 quid
844 1000 999 1045 deinde
1021 1013 1071 1045 ea
1107 1001 1269 1056 quaein
1296 1002 1497 1045 taberna·

257 1079 356 1121 culo
377 1081 499 1121 erant
517 1109 527 1129 ,
553 1076 762 1128 innuant;
795 1074 899 1130 quid
923 1072 1089 1119 scilicet
1110 1074 1223 1118 intra
1248 1074 1390 1118 velum
1425 1086 1496 1117 ar-

257 1160 305 1191 ca
331 1153 371 1192 et
405 1148 499 1202 ejus
521 1147 717 1200 labrum;
756 1145 859 1202 quid
883 1145 1105 1190 cherubim
1122 1178 1134 1197 ‚
1171 1152 1213 1190 et
1240 1147 1493 1202 propitiato-

255 1222 384 1270 rium,
412 1219 513 1278 quid
531 1226 674 1264 vectes
705 1225 746 1263 et
759 1219 932 1263 annuli:
953 1219 1057 1276 quid
1075 1219 1117 1263 in
1138 1231 1238 1263 arca
1272 1232 1379 1263 urna
1395 1232 1492 1263 cum

1581 282 1626 313 ra
1654 274 1772 323 sunt,
1799 275 1971 326 tempus
2002 270 2216 316 naturalis
2236 269 2362 331 legis,
2380 271 2495 327 quod
2526 283 2551 315 a
2574 273 2723 317 muudi
2745 268 2822 318 iun

1579 341 1807 399 principio,
1834 355 1972 398 usque
1986 342 2041 385 ad
2063 340 2296 405 Abraham,
2322 354 2345 384 a
2365 344 2508 399 quoin
2529 345 2819 390 circumcisio-

1579 426 1634 457 ne
1659 414 1729 457 lex
1766 413 1927 469 scripta
1954 413 2273 469 quodammodo
2296 414 2460 472 incipit.
2505 415 2693 473 Tempus
2716 419 2825 463 scri-

1577 492 1661 545 ptae
1675 486 1796 543 legis,
1815 487 1930 542 quod
1954 487 2006 529 ah
2018 486 2232 530 Abraham
2252 499 2388 544 usque
2410 488 2463 532 ad
2475 488 2637 534 Christi
2661 490 2823 536 adveu-

1576 563 1684 607 tum,
1700 570 1912 613 perquem
1928 557 2081 614 gratia,
2106 562 2149 602 et
2170 558 2447 605 veritasi'acta
2477 565 2575 614 est;
2611 559 2690 604 suit
2713 568 2822 615 tem·

1577 640 1658 685 pus
1679 629 1841 685 gratiae,
1870 627 1982 683 quod
2007 639 2030 670 a
2055 629 2195 684 primo
2220 627 2458 674 Salvatoris
2484 630 2671 677 adventu
2694 630 2825 680 incoe·

1576 702 1652 758 pit,
1671 708 1715 745 et
1746 713 1883 758 usque
1907 699 1961 744 ad
1998 701 2255 752 secundum,
2281 703 2326 746 in
2351 715 2437 759 quo
2457 703 2589 758 judex
2607 705 2820 758 vivorum,

1576 780 1618 818 et
1640 781 1907 818 mortuorum
1930 775 2172 830 apparebit,
2202 774 2389 820 durabit.
2425 775 2571 821 Prima
2587 789 2689 822 vcro
2718 773 2824 828 aetas

1575 848 1628 891 ab
1644 847 1779 892 Adam
1803 847 1884 891 suit
1906 860 2043 904 usque
2065 848 2119 893 ad
2131 847 2236 900 Noe,
2260 848 2423 891 habens
2437 861 2575 893 annos
2593 850 2708 894 mille
2724 863 2824 897 sex-

1571 928 1721 966 centos
1749 923 2066 979 quinquaginta
2090 935 2185 967 sex.
2240 919 2435 966 Secunda
2458 955 2470 974 ,
2495 935 2519 966 a
2556 921 2647 967 Noe
2683 935 2823 981 usque

1575 994 1628 1038 ad
1644 994 1875 1047 Abraham,
1894 995 2061 1041 habens
2073 1007 2210 1040 annos
2228 995 2439 1039 ducentos
2450 996 2820 1052 nonagintaduos.

1575 1067 1735 1119 Tertia,
1761 1069 1816 1112 ab
1839 1067 2056 1113 Abraham
2081 1081 2219 1126 usque
2240 1069 2294 1112 ud
2319 1068 2470 1121 David,
2497 1069 2659 1115 habens
2682 1083 2823 1117 anuos
2859 1071 2862 1073 ’

1574 1147 1813 1199 nongentos
1845 1141 2129 1199 quadraginta
2145 1142 2269 1187 duos.
2297 1141 2461 1196 Quarta
2483 1155 2585 1187 vero
2603 1175 2614 1195 ,
2637 1155 2664 1188 a
2687 1143 2821 1189 David

1575 1226 1711 1269 usque
1734 1213 1787 1258 ad
1802 1214 2218 1270 transmigrationem
2237 1213 2484 1274 Babylonis.
2506 1215 2667 1260 habens
2685 1227 2823 1262 annos

255 1307 411 1341 manna
436 1308 448 1349 3
473 1294 599 1350 332
622 1293 723 1350 quid
748 1294 917 1345 gabfflae,
956 1301 998 1338 et
1022 1294 1142 1351 virga
1162 1308 1175 1348 3
1198 1293 1300 1350 quid
1324 1291 1366 1336 jn·
1390 1306 1494 1338 san-
1519 1281 1552 1327 B
1574 1289 1845 1344 octingentos
1866 1288 2137 1344 septuaginta
2155 1295 2260 1333 tres,
2278 1286 2435 1340 Quinta
2459 1294 2616 1340 autem,
2644 1301 2667 1331 a
2687 1295 2825 1334 trans·

255 1375 323 1411 (eta
346 1379 492 1412 mensa
505 1369 598 1423 ejus
621 1367 829 1423 positioin
847 1366 1071 1423 aquilone;
1091 1367 1192 1422 quid
1211 1367 1304 1421 ejus
1327 1366 1492 1410 labrum

255 1447 298 1483 et
318 1453 513 1493 coronae3
541 1440 643 1496 quid
662 1439 793 1496 pedes
813 1447 854 1483 ct
876 1440 1026 1483 circuli
1046 1439 1163 1494 ejus;
1184 1439 1284 1495 quid
1297 1440 1339 1483 in
1352 1451 1400 1484 ea
1419 1451 1496 1495 pa-

255 1524 331 1555 nes
346 1512 640 1564 etincensum;
664 1511 766 1568 quid
783 1510 1086 1555 candelabrum
1110 1523 1286 1554 aureum
1309 1517 1351 1556 et
1364 1523 1495 1567 quare

254 1582 440 1634 ductile,
465 1581 530 1626 vel
556 1594 690 1637 quare
713 1581 766 1624 ad
803 1586 998 1627 austrum
1019 1614 1030 1633 ‚
1067 1587 1218 1626 contra
1250 1582 1494 1638 aquilonem

255 1655 395 1699 stabat
414 1670 424 1707 ;
450 1656 553 1711 quid
573 1656 668 1711 ejus
690 1655 844 1699 hastile
863 1661 904 1699 et
929 1656 1095 1712 scyphi,
1122 1663 1165 1700 et
1188 1656 1426 1712 sphaerulae,
1449 1656 1497 1699 li-

252 1728 326 1779 lia,
351 1729 520 1779 calami,
546 1735 586 1772 et
606 1729 794 1772 lucernae
811 1743 822 1779 ;
841 1729 943 1784 quid
966 1729 1101 1772 altare
1119 1720 1427 1785 thymiamatis,
1452 1735 1494 1772 et

252 1800 346 1856 eius
365 1812 525 1844 cornua
547 1815 557 1850 ;
585 1799 686 1856 quid
710 1807 926 1855 postremo
954 1812 1052 1860 quae
1087 1805 1208 1844 extra
1230 1800 1493 1843 tabernacu-

253 1874 341 1919 lum
378 1879 500 1918 erant
540 1874 752 1928 innuant;
791 1873 893 1929 quid
919 1873 1118 1918 videlicet
1143 1873 1253 1916 atria
1277 1879 1319 1917 et
1343 1886 1491 1918 eorum

251 1947 450 1999 tentoria,
473 1947 629 2003 quidve
650 1958 798 1991 eorum
815 1959 889 2003 per
905 1946 1111 1990 circulum
1132 1946 1341 1990 columnae
1365 1958 1490 1990 sexa-

251 2019 399 2075 ginta;
434 2019 538 2076 quid
566 2019 862 2064 columnarum
907 2019 1034 2063 bases
1077 2026 1119 2063 et
1158 2018 1261 2075 quid
1289 2018 1412 2063 funes
1450 2025 1492 2063 et

249 2092 430 2149 paxilli3
465 2092 567 2149 quid
604 2093 739 2137 altare
784 2092 1023 2137 holocausti
1061 2098 1103 2136 et
1135 2093 1276 2149 capita
1315 2093 1411 2148 ejus
1450 2099 1492 2136 et

255 2165 492 2219 craticula;
528 2166 630 2222 quid
655 2166 813 2210 lebetes
851 2172 894 2209 et
927 2164 1143 2222 forcipes;
1181 2165 1282 2222 quid
1330 2165 1491 2221 ignium

257 2239 528 2295 receptacula
562 2245 604 2284 et
644 2238 898 2291 fuscinulae;
923 2238 1026 2296 quid
1059 2239 1226 2283 labrum
1264 2252 1426 2282 aencum
1453 2247 1493 2282 et

246 2324 303 2356 eea
339 2311 391 2358 de
433 2311 588 2372 quibus
611 2311 770 2356 sactum
795 2317 861 2356 est
895 2312 1121 2356 mulierum
1162 2313 1362 2369 specula;
1388 2312 1488 2368 quid

251 2384 438 2439 denique
461 2389 613 2428 caetera
652 2385 795 2429 omnia
826 2397 921 2444 quae
958 2384 1012 2428 ad
1037 2385 1143 2437 hoe,
1166 2385 1218 2429 de
1243 2392 1328 2441 qao
1350 2386 1491 2440 loqui·
1511 2366 1545 2411 G

255 2469 363 2504 mur,
378 2457 599 2513 :pertinent
625 2457 978 2511 tabernaculum;
1009 2457 1112 2515 quid
1133 2460 1280 2512 etiam,
1308 2465 1353 2501 ut
1385 2459 1491 2502 nihil

253 2531 579 2587 praetermisisse
590 2530 827 2584 videamur,
847 2517 1178 2590 longitudinum,
1194 2533 1487 2586 latitudinum,

251 2609 293 2645 et
313 2602 580 2648 altitudinum
595 2617 820 2656 mensurae,
842 2617 938 2662 quae
958 2605 1003 2658 in
1023 2606 1092 2649 his
1105 2613 1226 2650 erant
1241 2606 1368 2652 rebus
1382 2620 1492 2662 prae·

253 2673 505 2728 nominatis;
525 2666 923 2731 inrexpositionihus
943 2675 1318 2733 prosectoPatrum
1344 2678 1491 2722 ortho-

252 2743 478 2799 doxorum3
501 2750 542 2789 et
559 2746 810 2791 maximein
828 2747 948 2793 Tlihro
964 2747 1229 2795 Venerabilis
1249 2750 1371 2795 Bedae
1389 2765 1490 2808 pre·

253 2819 430 2875 sbyteri,
466 2818 587 2878 cujus
611 2824 676 2866 est
694 2819 852 2865 titulus
875 2821 928 2865 ile
955 2821 1256 2875 tabernaculo,
1279 2823 1420 2880 plene,
1446 2817 1490 2868 et

253 2891 377 2947 plane
415 2893 593 2950 potestis
619 2894 821 2950 reperire.
858 2894 980 2953 Quod
1004 2895 1041 2939 si
1067 2895 1125 2938 ita
1149 2902 1242 2946 est,
1280 2895 1366 2940 imo
1389 2897 1490 2954 quia

253 2964 313 3008 ita
337 2972 418 3017 est,
440 2966 615 3023 dignum
637 2969 841 3012 nimirum
864 2976 906 3014 et
930 2971 1106 3018 omnino
1145 2972 1312 3027 justum
1334 2979 1417 3023 est.
1441 2979 1488 3016 ut

255 3038 413 3083 Sancta
440 3047 684 3084 sanctorum
708 3041 930 3087 dicta-non
954 3044 1092 3088 solum
1118 3053 1210 3089 rata
1236 3045 1487 3101 habeamus;

251 3123 399 3156 verum
423 3113 550 3159 etiam
583 3123 730 3159 nostro
755 3117 925 3160 silentio
950 3117 1202 3163 sufficientia
1228 3119 1486 3177 judicemus,

253 3194 295 3231 et
316 3201 581 3245 nequaquam
606 3191 719 3247 quod
744 3192 824 3249 ipsi
848 3202 1154 3258 exposuerunt,
1179 3209 1290 3249 nova
1316 3211 1397 3249 nes¹
1415 3212 1490 3244 ex-

253 3261 463 3317 positione
483 3264 697 3310 discutere
715 3279 1023 3322 praesumamus
1044 3276 1226 3326 ;¹utpote
1245 3273 1318 3328 qui
1340 3285 1418 3321 nec
1436 3274 1489 3318 ad

254 3335 525 3392 intelligenda
538 3350 632 3394 quae
643 3338 859 3393 dixerunt,
878 3341 1138 3387 sufficienter
1160 3344 1304 3389 idonei
1321 3359 1487 3393 smnus„

253 3406 555 3454 Verumtamen
592 3412 692 3467 quia
714 3412 839 3457 honis
872 3415 1024 3460 vestris
1053 3417 1279 3466 desideriis
1311 3420 1484 3476 placuit,
1513 3438 1547 3481 Ι)

252 3484 300 3521 ut
321 3491 371 3521 ex
408 3479 489 3531 his,
528 3493 622 3537 quae
647 3482 717 3526 hic
739 3484 965 3529 visibiliter
988 3485 1160 3544 depicta
1183 3497 1300 3542 sunt,
1325 3491 1489 3547 aliquid

252 3551 431 3606 mystice
453 3552 702 3608 loquamur,
729 3557 915 3614 qualiter
937 3569 1086 3604 eorum
1118 3561 1311 3618 quaedam
1334 3563 1493 3620 allego-

251 3622 532 3678 riceintelligi
554 3624 750 3680 debeant,
772 3629 838 3674 vel
851 3629 981 3672 etiam
1005 3631 1226 3676 moraliter
1237 3633 1371 3690 accipi
1390 3647 1492 3691 pos-

252 3695 363 3749 sint;
387 3696 579 3752 quaedam
596 3711 649 3743 ex
663 3699 1239 3754 dictissanciorum‘ratrum
1263 3719 1490 3753 assumen-

249 3773 334 3819 tes,
358 3770 553 3825 quaedam
575 3783 626 3815 ex
661 3773 823 3821 nostris
846 3774 1050 3822 addentes
1075 3778 1118 3821 in
1153 3780 1246 3837 ipsa
1268 3781 1390 3825 vohis
1423 3783 1490 3839 pi-

250 3845 391 3893 ctura,
414 3848 544 3899 prout
569 3846 819 3900 poterimus,
847 3850 1136 3895 ostendemus.
1174 3851 1255 3898 Ubi
1283 3867 1381 3898 vero
1401 3854 1486 3898 Pa-

251 3920 366 3958 trum
390 3915 502 3958 dicta
523 3917 734 3972 ponimus.
763 3920 821 3963 ihi
842 3933 992 3966 eorum
1015 3925 1189 3976 nomina
1229 3927 1273 3970 in
1295 3929 1486 3984 margine

252 3988 637 4042 suiperscrinmus;
662 3991 735 4035 sed
772 3993 822 4036 ad
848 3991 961 4037 dicta
991 4003 1139 4040 nostra
1155 4030 1166 4048 ,
1190 4005 1386 4044 nostrum
1410 4014 1485 4046 su·

254 4059 519 4115 perscribere
543 4074 696 4107 nomen
732 4065 893 4108 ideireo
918 4079 1005 4110 non
1030 4069 1219 4124 placuit;
1259 4085 1312 4117 ne
1348 4071 1483 4126 forte,

255 4132 449 4184 quamvis
471 4132 579 4178 bene
604 4137 645 4178 in
669 4137 811 4193 aliquo
834 4139 1101 4193 diceremus,
1138 4143 1218 4189 hac
1242 4146 1333 4189 sola
1355 4158 1486 4191 causa

256 4202 510 4259 abjiceretur
527 4237 537 4248 .
566 4219 601 4250 si
625 4220 645 4250 a
672 4209 795 4254 nobis
817 4211 974 4255 dictum
1006 4213 1140 4259 fuisse
1164 4224 1482 4272 agnosceretur.

314 4274 549 4325 Lxxxvlt.
592 4277 930 4325 'sabernaculum
967 4285 1095 4339 igitur
1144 4286 1304 4336 Christi
1336 4296 1484 4333 sancta

253 4345 449 4395 Ecclesia
473 4355 563 4402 est;
587 4351 686 4407 quia
711 4352 763 4395 ab
785 4354 961 4397 exordio
984 4357 1129 4400 mundi
1155 4371 1290 4422 usque
1314 4360 1366 4403 ad
1386 4362 1486 4405 ulti-

259 4431 375 4466 mum
392 4422 588 4478 electum,
613 4423 685 4486 qui
706 4424 747 4468 in
773 4423 852 4468 ssne
879 4426 1020 4473 saeculi
1039 4431 1284 4475 nasciturus
1309 4439 1386 4483 est,
1411 4445 1485 4494 per

1576 1361 1831 1417 migratione
1860 1360 2093 1417 Babylonis
2118 1372 2256 1417 usque
2290 1359 2343 1403 ad
2379 1360 2624 1412 Christum,
2658 1362 2822 1406 habeus

1576 1445 1713 1476 annos
1738 1433 2021 1489 quingentos,
2059 1434 2277 1488 octoginta
2315 1432 2520 1488 quinque.
2561 1432 2687 1476 Sexta
2722 1447 2823 1479 vero

1574 1511 1678 1548 aetas
1700 1516 1724 1547 a
1755 1505 1896 1561 primo
1919 1504 2081 1548 Christi
2107 1505 2294 1548 adventu
2321 1518 2456 1561 usque
2489 1505 2542 1549 ad
2567 1507 2820 1559 secuudum,

1575 1591 1627 1622 ex
1653 1591 1735 1634 qua
1758 1576 1932 1634 quidem
1954 1583 2080 1622 aetate
2106 1579 2193 1633 jam
2227 1578 2328 1621 anni
2363 1578 2478 1622 mille
2502 1585 2673 1622 centum
2701 1586 2821 1623 octo-

1572 1652 1691 1708 ginta
1712 1651 2057 1695 transactisunt.
2079 1650 2271 1706 Septima
2289 1663 2403 1694 nune
2421 1651 2543 1694 estin
2564 1664 2710 1708 requie
2729 1653 2823 1695 ani-

1574 1737 1740 1767 marum
1763 1739 1774 1777 ;
1800 1729 1841 1768 et
1865 1730 2015 1768 octava
2037 1725 2117 1767 erit
2136 1724 2180 1767 in
2199 1724 2403 1769 felicitate
2419 1737 2651 1781 corporum
2677 1737 2824 1778 resur-

1574 1795 1782 1851 gentium,
1810 1793 1983 1850 quando
2002 1800 2044 1837 et
2067 1795 2164 1838 vitae
2185 1794 2315 1850 hujus
2339 1795 2604 1839 hebdomada
2632 1796 2819 1848 linietur,

1573 1872 1615 1910 et
1632 1867 1728 1910 vitae
1750 1866 1928 1910 alterius
1943 1866 2170 1911 'mternitas
2194 1867 2410 1911 succedet.
2447 1866 2529 1912 Per
2562 1869 2652 1912 haec
2675 1869 2820 1926 itaque

1571 1939 1656 1983 tria
1677 1946 1888 2001 tempora,
1915 1951 1991 1996 per
2016 1940 2095 1984 has
2117 1953 2190 1984 sex
2214 1945 2364 1984 aetatcs
2387 1952 2484 1983 cum
2508 1942 2732 1986 ordinibus
2747 1955 2820 1998 gc-

1573 2023 1738 2058 storum
1761 2023 1803 2059 et
1826 2014 2184 2071 dispositionibus
2200 2020 2430 2059 eventuum
2455 2016 2689 2061 secuudum
2724 2018 2822 2060 uui-

1573 2095 1706 2134 tatem
1735 2090 2102 2147 significationum
2128 2095 2170 2132 et
2201 2089 2493 2134 diversitatem
2523 2094 2819 2133 sacramento·

1571 2174 1668 2206 rum
1694 2175 1824 2215 unam
1848 2163 1891 2206 in
1927 2174 2011 2206 una
2037 2161 2118 2205 fide
2147 2163 2330 2207 salutem
2356 2163 2628 2219 operantium
2649 2196 2661 2215 ,
2687 2176 2818 2207 unum

1573 2247 1744 2302 quoque
1758 2235 2026 2288 Creatorem,
2045 2249 2179 2279 unum
2195 2237 2342 2292 eiiam,
2366 2236 2647 2294 eumdemque
2671 2235 2821 2280 Salva-

1572 2313 1725 2360 torcm,
1744 2309 1844 2358 ,sive
1868 2309 2099 2353 adventum
2125 2310 2219 2365 eius
2239 2309 2536 2365 praecedendo,
2557 2310 2647 2354 sive
2669 2310 2816 2355 subse·

1572 2381 1742 2436 quendo
1757 2381 2029 2426 concorditer
2053 2383 2329 2425 clamantium
2350 2397 2361 2436 ;
2387 2387 2538 2426 sancta
2561 2382 2750 2427 Ecclesia
2776 2383 2818 2426 in

1571 2453 1670 2505 fide,
1696 2467 1787 2516 spe,
1807 2459 1849 2498 et
1865 2455 2076 2499 charitate
2100 2467 2280 2500 currens
2303 2455 2356 2499 ab
2378 2455 2555 2499 exordio
2577 2455 2720 2500 saeculi
2744 2467 2819 2499 us-

1570 2539 1653 2583 que
1676 2528 1728 2571 ad
1754 2528 1905 2580 tinem,
1935 2540 1959 2570 a
1994 2528 2139 2572 labore
2163 2528 2216 2571 ad
2240 2529 2431 2586 requiem
2448 2562 2459 2581 ,
2485 2541 2510 2571 a
2531 2527 2723 2571 tenebris
2765 2528 2818 2570 ad

1571 2602 1734 2654 lucem,
1763 2600 1815 2646 ad
1841 2600 2090 2645 felicitatem
2116 2603 2170 2646 ab
2196 2615 2404 2655 (erumna,
2430 2603 2485 2647 ab
2514 2602 2648 2646 exilio
2667 2601 2718 2645 ad
2743 2615 2816 2658 pa—

1570 2676 1710 2725 triam,
1737 2687 1761 2718 a
1784 2686 1967 2719 moerore
1981 2675 2034 2718 ad
2057 2675 2277 2731 gaudium,
2308 2680 2350 2719 et
2377 2687 2399 2717 a
2422 2686 2595 2720 carcere
2613 2674 2747 2718 tendit
2763 2674 2816 2719 ad

1568 2761 1765 2805 regnum,
1789 2749 1915 2805 quasi
1937 2748 2151 2804 quoddam
2175 2748 2517 2800 tabernaculum,
2543 2747 2657 2805 quod
2681 2748 2734 2792 ab
2751 2747 2819 2791 At·

1570 2823 1738 2867 tissime
1763 2821 2095 2873 sanctificatum,
2119 2827 2162 2865 et
2179 2821 2483 2873 inhabitatum,
2510 2834 2588 2878 per
2599 2821 2814 2865 multimo-

1569 2898 1622 2942 da
1646 2896 1870 2952 cujusdam
1894 2894 2055 2939 deserti
2071 2894 2277 2951 pericula,
2305 2906 2379 2951 per
2398 2906 2551 2938 manus
2570 2892 2815 2940 Levitarum

1570 2970 1623 3013 ad
1644 2967 1875 3026 quamdam
1899 2972 2102 3029 portatur·
2118 2972 2276 3010 terram
2299 2967 2472 3016 honam,
2495 2971 2537 3009 et
2564 2965 2814 3025 spatiosam,

1568 3049 1728 3088 terram
1750 3028 1967 3093 decoram,
1994 3047 2037 3089 et
2055 3039 2298 3090 secundam,
2325 3045 2483 3094 terram
2507 3037 2691 3106 denique
2707 3028 2816 3083 lacte

1570 3123 1610 3165 et
1631 3117 1755 3163 melle
1777 3121 2037 3159 manantem.

1626 3187 1884 3233 Lxxxvffl.
1923 3187 2062 3242 Huius
2094 3199 2264 3245 quoque
2288 3192 2448 3238 sanctae
2473 3185 2675 3230 Ecclesiae
2689 3184 2814 3232 electi

1570 3263 1725 3325 partim
1750 3275 1774 3305 a
1799 3262 1948 3306 mundi
1977 3261 2205 3317 principio,
2233 3272 2369 3317 usquc
2392 3259 2444 3302 ad
2469 3259 2631 3304 Christi
2654 3257 2815 3304 adven-

1572 3340 1683 3387 tu;n;
1703 3334 1857 3390 partim
1873 3348 1895 3375 a
1913 3332 2074 3376 Christi
2092 3333 2295 3382 adventu,
2313 3342 2450 3387 usque
2462 3330 2515 3374 ad
2529 3330 2674 3373 saeculi
2687 3329 2812 3376 {inem

1571 3411 1732 3450 sanctae
1759 3403 2072 3449 conversationi
2107 3403 2330 3447 insistunt.
2368 3402 2501 3459 igitur
2525 3403 2653 3446 bases
2683 3401 2812 3458 383

1571 3480 1835 3526 tabernaculi
1854 3479 2011 3523 tabulis
2041 3490 2117 3535 per
2136 3477 2362 3520 circuitum
2398 3476 2648 3533 supposltae,
2673 3474 2813 3519 sancti

1562 3560 1674 3598 sunt
1690 3555 1743 3598 ab
1764 3552 1945 3600 exordio
1967 3551 2114 3595 saeculi
2135 3562 2274 3610 usque
2305 3549 2358 3592 ad
2384 3549 2622 3592 Salvator-is
2652 3547 2813 3595 adven·

1570 3635 1660 3673 tum
1685 3629 1729 3672 in
1751 3627 1959 3672 mundum
1983 3626 2221 3671 venientes,
2248 3625 2319 3680 qui
2348 3622 2507 3668 Christi
2533 3623 2729 3679 gratiam,
2768 3626 2811 3666 et

1569 3707 1728 3746 statum
1752 3707 1911 3746 sanctae
1942 3699 2144 3743 Ecclesiae
2162 3697 2206 3743 in
2229 3710 2333 3745 sexu
2358 3702 2543 3755 utroque
2576 3695 2641 3747 vel
2668 3695 2713 3745 in
2744 3694 2813 3738 di·

1568 3777 1667 3827 ctis,
1692 3775 1759 3820 vel
1782 3776 1827 3818 in
1853 3774 1978 3818 sactis
2004 3773 2111 3824 suis,
2135 3772 2203 3816 vel
2224 3771 2354 3816 etiam
2384 3771 2429 3813 in
2447 3767 2813 3825 interpretationi·
2849 3794 2854 3807 2

1567 3850 1652 3895 bus
1667 3849 1888 3893 nominum
1914 3859 2091 3892 suorum
2120 3844 2469 3902 praefigurabant.
2501 3841 2676 3887 Tabulae
2698 3853 2807 3902 quo-

1568 3938 1667 3982 que,
1706 3937 1803 3980 quae
1839 3923 2000 3967 eisdem
2040 3921 2218 3964 basibus
2251 3923 2616 3975 superponuntur,
2659 3916 2809 3975 eisque

1567 3998 1824 4047 innituntur,
1845 4005 2019 4040 sanctos
2047 3995 2290 4051 designant,
2318 3994 2391 4050 qui
2411 4001 2507 4052 post
2534 3992 2696 4038 Christi
2732 3992 2809 4038 ad·
2868 4031 2874 4035 .

1566 4077 1755 4121 ventum,
1787 4081 1924 4126 usque
1949 4069 2002 4113 ad
2039 4069 2164 4112 (inem
2197 4068 2293 4111 vitae
2316 4067 2446 4122 hujus
2470 4067 2514 4110 in
2541 4067 2702 4110 mundo
2731 4077 2808 4123 ap·
2868 4123 2870 4133 Ι

1567 4149 1732 4199 parent,
1771 4149 1814 4186 et
1856 4148 2104 4192 sanctorum
2149 4140 2484 4197 praecedentium
2523 4144 2612 4182 tam
2658 4137 2804 4189 dictis,

1564 4229 1691 4272 quam
1719 4215 1841 4261 raetis
1860 4216 1986 4273 quasi
2009 4214 2205 4271 quaedam
2230 4213 2488 4270 quibusdam
2522 4211 2701 4256 basibus
2738 4217 2806 4253 ta-

1564 4290 1674 4333 bulae
1699 4289 1955 4332 innituntur.
1981 4287 2033 4331 Hi
2060 4298 2158 4331 vero
2182 4286 2319 4331 sancti
2358 4289 2551 4329 sanctam
2569 4282 2802 4328 Ecclesiam

1566 4366 1608 4407 in
1631 4374 1714 4410 una
1753 4360 1834 4404 fide
1871 4367 1914 4405 et
1950 4359 2173 4415 sanguinis
2198 4359 2263 4403 sui
2284 4356 2503 4419 effusione
2523 4357 2800 4410 decorabant,

1564 4442 1603 4478 ct
1634 4440 1791 4481 sanctae
1827 4432 2141 4492 praedicationis
2169 4432 2263 4475 luce
2279 4426 2599 4486 illuminabant,
2622 4435 2661 4474 et
2703 4442 2804 4477 sau-
2858 4439 2859 4444 ¹
