2924 4588
30 0 48 27 1,

0 127 11 167 ,ε
103 116 181 159 ut

3 192 14 241 ‘t
108 192 111 194 ’
554 206 742 252 scano
766 205 868 252 vui.

27 276 31 336 Ι
265 303 369 338 mu
394 306 591 339 notarum
627 309 658 339 11
694 310 736 340 m
767 309 962 342 Anvnnru
991 308 1156 341 ιιοιιιιιῑι.

24 382 30 733 1
320 383 382 446 De
404 385 559 441 triplici
580 399 736 430 sanctoe
753 386 952 431 Ecclesiae
973 393 1103 431 statu.

101 470 302 517 Sta-orsis
339 486 558 520 sunnonis.
581 501 636 508 -—
658 477 697 520 l.
737 476 912 533 Triplex
955 482 1095 521 status
1136 476 1342 522 Ecclesiae

153 541 230 583 per
269 528 388 580 Sion,
418 530 566 582 Jacob,
596 531 833 576 Jerusalem
874 533 1113 589 expositus.
1135 556 1188 564 -
1214 533 1256 575 2.
1292 532 1339 575 ln

154 596 234 628 suo
261 591 414 628 exortu
445 593 562 630 recte
599 586 702 630 Sion
721 589 864 639 dicta,
891 593 935 631 et
962 601 1109 643 quare.
1135 612 1192 620 ——
1212 589 1255 631 5.
1292 589 1336 631 ln

152 651 383 738 proff'ressu
400 672 411 691 ‚
454 642 514 685 ob
561 646 911 699 persecutiones,
956 642 1070 687 dicta
1107 641 1256 687 Jacob.
1283 667 1337 675 —-

149 695 193 738 4.
270 705 541 741 ersecutores
582 699 677 754 ejus
706 706 807 743 sunt
851 699 952 742 sacti
997 705 1336 755 propugnatores

153 750 265 802 ejus,
287 749 500 796 etshostes
522 754 651 798 cives.
679 779 734 786 —-
755 755 795 798 5.
817 753 944 798 Velut
967 753 1102 798 Jacob
1120 756 1336 810 primoge-

146 805 235 848 nita
258 807 356 849 tulit
376 808 504 859 Esau,
526 810 566 852 id
584 817 665 859 est,
684 810 901 865 principes
919 810 1107 865 gentium
1128 811 1336 866 obsequio

147 861 244 905 fidei
290 864 597 919 subegit-43.
633 865 679 908 ln
718 866 843 908 tertio
866 869 979 908 statu
1003 863 1195 909 Ecclesia
1217 865 1334 909 dicta

139 914 380 961 Jerusalem
411 920 466 962 ob
485 919 631 962 datam
656 933 820 976 pacem.
842 945 898 952 —
926 921 965 963 7.
992 921 1332 966 Exercitationes

148 972 190 1013 in
211 984 320 1027 paee
337 971 739 1029 frequentandae.'-—
761 977 801 1020 8.
821 975 1010 1029 Quartus
1033 983 1171 1020 status
1195 978 1237 1019 in
1263 979 1332 1021 die

143 1026 311 1070 Domini
335 1040 385 1071 ae
408 1032 694 1074 exsultatione
712 1032 924 1075 claritatis
946 1031 1057 1086 ejus.
1075 1057 1128 1064 -
1146 1033 1188 1074 9.
1232 1032 1331 1076 llaec

144 1082 156 1124 i
191 1095 237 1126 sa
270 1090 458 1127 statuum
483 1086 710 1131 diversitas
741 1099 819 1143 per
851 1087 1099 1138 Arcturum,
1127 1087 1327 1138 Orionas,

182 1139 328 1194 yadas,
348 1148 389 1183 ct
406 1141 608 1185 interiora
627 1145 762 1187 austri
784 1144 994 1198 signatur.
1008 1168 1063 1176 —
1078 1144 1144 1187 10,
1164 1143 1201 1186 A
1223 1147 1329 1188 mis-

141 1195 262 1238 sim-ie
286 1194 473 1251 Spiritus
511 1200 666 1249 sancti,
696 1205 925 1254 martyres,
950 1199 1106 1243 deinde
1126 1201 1326 1245 doctores

138 1248 393 1296 floruerunt.
415 1275 471 1284 --
489 1254 556 1296 11.
581 1253 759 1297 Restant
784 1254 990 1298 interiora
1011 1257 1164 1308 austri,

139 1305 264 1350 sinus
286 1308 434 1363 patriae
448 1310 653 1353 coelestis.

134 1376 168 1421 t.
193 1368 242 1421 Si
259 1379 357 1436 quis
381 1385 588 1434 vestrum,
614 1381 878 1434 charissimi,
908 1382 1000 1427 baec
1029 1384 1160 1429 verba
1204 1399 1331 1442 supe·

80 1451 176 1496 rius
205 1453 363 1509 posita,
401 1454 454 1498 de
487 1454 578 1499 sola
618 1454 826 1507 Ecclesia,
853 1468 948 1512 quae
973 1456 1026 1501 de
1053 1458 1254 1514 gentibus
1276 1459 1330 1503 ad

82 1523 206 1568 iidem
222 1527 373 1568 vocata
396 1531 480 1578 est,
506 1518 744 1583 intelligere
767 1529 967 1582 volucrit,
995 1530 1148 1575 'dicere
1174 1534 1330 1588 poterit

78 1609 175 1640 eam
191 1597 373 1644 diversis
395 1599 464 1644 bis
486 1601 750 1652 nominibus,
766 1600 873 1646 Sion
885 1601 1103 1654 videlicet,
1121 1602 1268 1657 Jacob,
1288 1612 1330 1649 et

77 1668 333 1724 Jerusalem,
354 1673 591 1718 secundum
612 1674 806 1719 diversos
828 1674 925 1730 ejus
937 1680 1076 1720 status
1100 1677 1326 1732 appellari:

76 1756 176 1798 cum
200 1745 292 1801 ipsa
313 1750 457 1790 tamen
481 1753 572 1790 toto
594 1747 697 1791 orbe
718 1753 931 1791 terrarum
953 1761 1039 1792 una
1064 1751 1136 1802 sit,
1160 1750 1331 1796 dicente

77 1810 249 1872 Sponso
265 1817 527 1870 inflamus,
539 1819 638 1876 quia
655 1832 738 1862 una
749 1827 809 1862 est
825 1807 1017 1864 columba
1030 1835 1135 1874 mea,
1149 1823 1329 1878 perfecta

74 1898 168 1931 ntea
186 1879 328 1944 (cant.
346 1890 484 1945 v1‚·8),
507 1902 750 1947 quanquam
763 1889 1328 1944 Psalmista,circumdatam

75 1961 234 2005 asserit
262 1959 470 2006 varietate
519 1962 658 2016 (Psal.
700 1974 817 2016 xcxv,
854 1957 941 2022 1¹22).
981 1964 1192 2010 Videntur
1213 1968 1329 2011 enim

74 2026 294 2079 milii'tres
319 2048 416 2091 esse
452 2042 592 2079 status
627 2035 832 2080 Ecclesiae
852 2038 906 2080 ad
931 2038 1022 2082 haec
1043 2039 1127 2082 tria
1151 2041 1329 2084 nomina

72 2109 355 2167 pertinentes.
382 2109 433 2152 Et
456 2109 623 2166 primus
651 2110 823 2165 quidem
847 2119 928 2163 est,
950 2112 993 2155 in
1011 2124 1097 2168 quo
1115 2114 1171 2156 ad
1193 2113 1327 2158 Deum

75 2190 200 2223 suum
232 2192 457 2232 conversa,
485 2181 770 2236 redemptoris
803 2182 869 2224 sui
895 2194 1140 2238 personam,
1168 2190 1210 2228 et
1233 2197 1328 2229 mo·

71 2249 175 2298 dum
200 2255 428 2311 speculans
464 2253 541 2312 [al.
575 2254 838 2313 speculatur]
879 2255 1191 2313 redemptionis*
1221 2272 1322 2304 suae.

70 2322 182 2381 Quia
204 2334 246 2373 et
269 2329 350 2373 hoc
373 2341 529 2373 sonare
566 2329 737 2372 videtur
772 2341 932 2374 nomen
954 2329 1086 2380 Istud,
1119 2331 1235 2387 quod
1259 2338 1325 2378 cst
1346 2353 1378 2396 C

73 2395 192 2445 Sion.
221 2400 461 2451 Secundus,
481 2401 525 2444 in
545 2412 634 2456 quo
653 2401 906 2451 exercitata,
931 2406 974 2446 et
995 2403 1143 2446 multis
1168 2403 1319 2448 anxie·-

69 2476 207 2516 tatum
247 2473 496 2517 turbinibus
533 2473 704 2523 afflicta,
735 2473 779 2516 in
803 2485 854 2517 eo
879 2473 934 2516 ad
966 2479 1219 2524 extremum,
1245 2477 1319 2532 qui

69 2546 202 2591 vincit
229 2546 457 2599 mundum,
498 2545 771 2590 adversarios
809 2558 914 2591 suos
951 2547 1243 2602 supplantavit
1276 2555 1320 2593 et

70 2619 187 2663 vicit.
207 2618 262 2663 Ut
282 2617 438 2663 merito
454 2625 630 2679 propter
652 2619 768 2662 hunc
786 2623 964 2672 statum,
983 2631 1142 2663 nomen
1165 2618 1314 2672 Jacob,

67 2690 184 2750 quod
223 2690 532 2748 interpretatur
571 2692 879 2747 supplantator,
910 2692 951 2736 ei
980 2692 1119 2748 possit
1161 2693 1314 2748 aptari.

67 2763 240 2811 Tertius
257 2777 360 2808 vero
384 2769 467 2816 est,
494 2764 539 2808 in
561 2776 648 2821 quo
670 2763 911 2820 pacificata,
936 2769 978 2807 et
999 2763 1153 2820 sopitis
1177 2771 1317 2808 retro-

68 2839 176 2883 actis
198 2838 612 2898 perturbationibus,
635 2838 725 2893 Jam
750 2837 883 2894 quieti
902 2837 1071 2880 reddita
1094 2837 1229 2881 libere
1249 2837 1317 2881 in-

68 2910 243 2955 tendere
286 2914 427 2966 potest
466 2909 766 2965 spiritualibus
801 2907 1046 2965 plantandis
1083 2907 1236 2959 vineis,
1275 2913 1317 2952 et

67 2983 282 3028 exsultare
315 2983 370 3026 ob
408 2983 521 3025 hanc
546 2981 658 3025 diem
692 2981 878 3032 Domini,
910 2993 1006 3036 quae
1038 2986 1156 3023 tanta
1186 2993 1318 3037 super

68 3066 162 3098 eam
184 3055 380 3098 claritate
411 3054 588 3098 effulsit.
632 3053 760 3107 Quia,
805 3058 854 3097 ut
887 3053 1023 3106 scitis,
1059 3053 1312 3106 Jerusalem,

67 3128 180 3184 pacis
209 3127 312 3171 visio
337 3126 509 3171 dicitur.

122 3197 170 3243 ll.
196 3198 387 3243 Primum
416 3199 629 3256 siquidem
666 3203 806 3244 mater
843 3205 993 3244 nostra
1030 3199 1133 3242 Sion
1164 3199 1315 3244 videns

66 3283 143 3328 per
175 3273 396 3328 speculum
431 3274 475 3316 in
509 3274 749 3328 aenigmate,
787 3285 916 3316 unam
948 3273 1229 3328 eamdemque
1271 3273 1315 3315 in

67 3344 237 3389 Christo
259 3358 503 3403 personam,
524 3346 658 3390 Deum
681 3359 792 3398 esse,
826 3351 869 3390 et
906 3346 1140 3397 hominem,
1165 3344 1314 3390 videns

68 3415 237 3469 Filium,
267 3431 317 3462 ac
345 3431 422 3474 per
446 3419 528 3462 hoc
549 3423 591 3462 et
612 3418 784 3462 Patrem
808 3431 952 3470 suum,
985 3418 1136 3462 videns
1159 3416 1375 3461 nihilo-D

68 3488 210 3533 minus
225 3501 371 3544 opera,
389 3501 484 3545 quac
499 3488 615 3532 dedit
633 3489 671 3532 ei
694 3487 837 3538 Pater,
860 3494 908 3531 ut
922 3484 1111 3544 perficiat
1134 3500 1200 3538 ea,
1218 3499 1315 3543 quae

69 3564 112 3604 et
130 3561 425 3605 testimonium
451 3561 678 3617 perbibent
696 3561 749 3604 de
771 3572 822 3604 eo
841 3559 986 3617 (Ioan.
1007 3574 1051 3611 v,
1070 3560 1142 3617 56)
1162 3560 1316 3617 puduit

67 3642 166 3675 mox
192 3644 284 3676 eam
317 3631 628 3690 prostrationis.
653 3642 760 3683 suae,
795 3632 948 3690 puduit
984 3632 1240 3682 aversionis,
1273 3637 1316 3675 ct

66 3714 247 3762 surgens
271 3708 295 3748 a
311 3705 446 3749 :fovea
469 3701 757 3762 negligentiae,
796 3710 1052 3750 convertens
1073 3705 1202 3748 etiam
1225 3716 1272 3749 sc
1290 3716 1314 3747 a

45 3775 330 3833 blasphemia
368 3777 574 3834 pet-fidite,
599 3777 732 3829 coepit
761 3777 938 3821 credere
982 3776 1028 3820 in
1053 3789 1168 3829 eum,
1188 3789 1313 3832 quem

67 3846 268 3902 primitus
311 3847 511 3891 nescivit.
553 3848 693 3905 Coepit
737 3848 930 3905 diligere,
967 3860 1094 3902 quem
1126 3849 1313 3904 primum

68 3915 340 3980 contempsit,
374 3929 424 3966 ut
456 3929 572 3968 esset
597 3924 643 3966 in
680 3935 747 3973 ea,
783 3924 873 3975 illa,
914 3923 967 3967 de
1000 3934 1085 3979 qua
1124 3922 1316 3979 loquitur

31 4038 33 4042 ,
68 3989 450 4050 Apostolum-fides,
469 4000 560 4053 quoe
576 4004 647 4051 per
664 3992 923 4038 diteclidvzem
941 4001 1136 4050 operatur
1153 3993 1312 4051 (Galat.

31 4065 35 4081 ³
67 4076 108 4114 v,
136 4061 198 4123 6ss
213 4066 288 4110 His
310 4067 453 4122 itaque
474 4068 642 4112 duabus
663 4068 748 4113 viis
774 4081 973 4124 surgens,
997 4073 1038 4110 et
1061 4073 1314 4111 convertens

69 4135 123 4179 ad
164 4136 297 4181 Deum
331 4150 475 4185 suum,
512 4138 707 4196 pervenit
739 4139 860 4191 Sion,
887 4144 1004 4183 recte
1036 4138 1236 4182 videlicet
1271 4139 1315 4181 in

68 4221 169 4253 eum
188 4206 429 4255 credendo:
454 4217 498 4254 et
521 4225 618 4255 cum
643 4212 843 4255 ardenter
867 4211 1051 4254 amando
1069 4243 1080 4261 ,
1098 4222 1154 4253 ne
1177 4211 1210 4254 si
1239 4220 1316 4265 per

69 4295 200 4325 unam
217 4283 309 4327 sine
334 4285 464 4326 altera
482 4285 712 4334 incederet,
738 4285 862 4340 plene
878 4284 930 4326 ad
952 4295 1047 4326 cum
1072 4284 1315 4338 pertingere

70 4366 157 4398 non
177 4361 338 4411 posset.
364 4347 563 4399 Si‘enim'
587 4369 689 4400 sane
711 4357 855 4414 sapuit
885 4355 1071 4398 Paulus:
1109 4353 1206 4397 Sine
1232 4353 1314 4408 fide

70 4421 322 4481 impossibile
359 4434 418 4470 est
456 4428 617 4482 placere
647 4428 747 4470 Deo.
791 4426 938 4478 (Hebr.
968 4422 1136 4481 x11,²6).
1175 4426 1238 4486 Et,
1265 4429 1310 4466 ut

883 114 1188 163 sanniones⁴
1224 131 1278 151 ὲ
1303 118 1358 161 ix
1390 118 1648 164 noves-ru
1681 119 1883 165 nomm.
1917 109 1937 130 ‘

1365 215 1400 259 A
1422 211 1556 255 sensit
1573 212 1845 268 coapostolus
1861 213 1956 267 ejus
1970 212 2183 258 Iacobus:
2216 215 2254 256 F
2255 216 2345 260 ides
2368 220 2456 261 sine
2478 224 2666 274 operibus

2587 102 2667 174 m

1421 292 1587 326 mortua
1621 290 1684 327 est
1719 283 1831 340 (Iac.
1863 294 1912 336 ιι,
1936 285 2023 343 26).
2050 284 2170 330 Hanc
2193 287 2343 333 devote
2360 292 2513 333 obtulit
2544 295 2664 337 obla-

1420 356 1579 400 tionem
1602 358 1785 413 pusillus
1811 357 1882 402 ille
1916 371 2038 414 grex,
2074 360 2229 415 quibus
2265 365 2523 417 complacuit
2545 366 2662 412 Patri

1419 427 1522 472 dare
1542 441 1739 485 regnum,
1766 431 1838 486 qui
1863 431 2129 488 reliquerunt
2152 434 2310 484 omnia,
2335 443 2378 479 ct
2402 439 2535 480 secuti
2563 448 2664 483 sunt

1418 501 1637 544 Christum
1659 501 1777 558 (Luc.
1804 515 1881 554 xu,
1907 502 1996 560 52).
2020 502 2139 548 Hanc
2155 518 2340 562 quoque,
2359 520 2487 563 quam
2511 511 2663 556 devote

1418 571 1572 616 offerre
1595 574 1762 617 studuit
1783 573 1975 619 Ecclesia
2005 577 2221 631 primitiva
2237 580 2278 622 iu
2296 579 2588 637 lerosolymis,
2610 585 2663 628 de

1415 645 1573 700 quibus
1595 645 1736 701 legitis
1758 646 1860 702 quia
1883 648 2164 692 multitudinis
2196 651 2447 695 credentium
2478 663 2568 697 erat
2594 670 2663 698 cor

1408 730 1558 770 unum,
1575 726 1618 761 et
1635 719 1776 761 anima
1794 732 1894 770 una,
1919 733 1990 763 nee
2014 724 2230 778 quisquam
2246 737 2403 768 eorum.
2422 740 2513 782 quce
2528 730 2642 781 possi
2648 753 2663 759 -

1412 790 1550 843 debat,
1576 804 1697 833 snam
1719 805 1808 835 esse
1825 792 2011 835 dicebat:
2043 794 2114 837 sed
2132 802 2250 838 erant
2283 797 2368 841 illis
2388 801 2527 842 omnia
2550 815 2660 844 com-

1413 862 1556 906 munia
1576 863 1686 921 (Aet.
1711 877 1769 916 lv,
1791 864 1879 920 52).
1896 865 1947 907 Et
1967 867 2092 911 item:
2122 867 2273 913 Omnes
2290 872 2414 915 etiam
2431 874 2502 927 qni
2523 872 2657 917 crede-

1413 933 1511 977 bant
1527 941 1645 978 erant
1664 939 1840 991 pariter,
1860 943 1898 978 et
1923 936 2127 982 habebant
2143 943 2279 984 omnia
2298 946 2534 988 communia
2547 948 2655 1000 (Act,

1411 1022 1461 1062 ιι,
1482 1008 1571 1068 49),

1462 1082 1532 1127 111.
1553 1083 1637 1127 Sed
1660 1084 1751 1129 haee
1775 1085 1879 1131 {ides
1900 1094 2027 1144 atque
2050 1089 2222 1134 dilectio
2255 1093 2399 1138 multis
2423 1099 2488 1138 est
2513 1094 2658 1139 statim

1407 1156 1710 1201 afflictionibus
1776 1161 2040 1215 perturbata;
2101 1163 2248 1209 multis
2290 1169 2660 1220 persecutionibus

1411 1234 1579 1273 vexata.
1606 1229 1734 1274 Venit
1750 1230 1835 1287 34
1851 1245 2035 1289 namque
2054 1241 2242 1291 tenipus,
2269 1238 2324 1282 de
2345 1253 2428 1294 quo
2446 1238 2659 1296 Propheta

1184 1257 1227 1300 id
1243 1263 1325 1307 est,
1355 1281 1390 1328 B
1413 1299 1484 1344 me
1505 1313 1687 1357 magnus
1709 1304 1997 1359 prophetavit,
2022 1312 2174 1361 potens
2197 1321 2326 1366 opere
2353 1323 2403 1354 ac
2442 1325 2655 1363 sermone.

1410 1374 1528 1430 quia,
1549 1387 1789 1430 pressuram
1811 1377 2026 1420 inmundo
2054 1387 2172 1422 erant
2203 1380 2388 1425 habituri
2406 1382 2551 1439 (Joan.
2568 1400 2655 1438 xvi,

1410 1445 1499 1502 55),
1523 1459 1653 1503 quam
1675 1448 1922 1504 hujusmodi
1947 1451 2090 1495 verbis
2110 1453 2320 1498 delinivit.
2359 1455 2566 1512 Ιηῇεἰεηι,
2592 1461 2658 1503 in-

1409 1520 1519 1575 quit,
1545 1522 1590 1563 in
1613 1520 1725 1564 vobis
1755 1535 1907 1567 nzaoms
1930 1537 2047 1577 suas,
2069 1534 2108 1568 et
2127 1536 2435 1584 persequentur,
2473 1532 2660 1575 tradem-

1408 1606 1485 1648 (μισ
1507 1606 1575 1635 vos
1596 1594 1639 1636 in
1662 1595 1848 1638 conciliis
1866 1597 1971 1650 suis,
1988 1599 2086 1640 etin
2107 1597 2337 1656 Synaqoqis
2358 1603 2443 1645 suis
2471 1603 2660 1659 flagella·

1410 1663 1512 1708 bunt
1547 1679 1635 1718 vos,
1654 1674 1695 1710 et
1719 1675 1815 1710 ante
1842 1682 1955 1725 reyes
1982 1678 2022 1713 et
2041 1673 2238 1727 proesides
2265 1673 2472 1718 ducemini
2494 1685 2659 1732 propter

1411 1751 1489 1791 me,
1514 1730 1551 1782 et
1580 1741 1700 1784 eritis
1722 1741 1817 1784 odio
1842 1743 2029 1786 omnibus
2065 1744 2299 1788 leominibus
2321 1756 2485 1803 propter
2512 1763 2658 1793 laomen

1409 1825 1545 1854 meum
1563 1811 1733 1870 (Manli.
1758 1827 1800 1867 x,
1822 1814 1908 1872 17).
1929 1814 2011 1859 Sed
2030 1817 2121 1860 hacc
2137 1819 2280 1861 omnia
2302 1832 2398 1862 cum
2414 1822 2567 1876 gaudio
2584 1837 2635 1866 su
2659 1854 2662 1858 .

1410 1885 1680 1940 stinuerunt;
1706 1900 1787 1931 nec
1812 1890 1943 1933 tantis
1963 1890 2318 1936 tribulationibus
2341 1894 2407 1936 vel
2427 1907 2450 1936 a
2474 1894 2574 1938 (idei
2590 1909 2636 1939 rc

1409 1959 1618 2005 ctitudine
1638 1962 1875 2014 incurvari,
1890 1963 1955 2006 vel
1971 1964 2024 2007 ab
2043 1965 2197 2008 ardo-re
2218 1965 2441 2011 charitatis
2459 1967 2658 2023 poterant

1409 2038 1643 2089 tepescere.
1682 2033 1832 2079 Nonne
1873 2035 1926 2079 de
1971 2037 2177 2092 apostolis
2204 2038 2344 2094 legitis
2368 2040 2494 2095 quia:
2532 2040 2664 2084 Ιὺιιηι

1406 2105 1630 2161 pandentes
1658 2122 1682 2150 α
1703 2116 1922 2163 conspectu
1942 2110 2127 2162 concilii,
2149 2112 2343 2166 quoniam
2376 2112 2493 2168 diqni
2525 2114 2657 2157 1ιαὺὶεί

1407 2189 1503 2225 sunt
1520 2195 1594 2237 pro
1618 2183 1782 2225 nomine
1798 2182 1914 2234 Jesu,
1932 2184 2222 2228 contumeliam
2241 2186 2360 2240 pali?
2377 2186 2422 2243 (A
2434 2194 2487 2231 ct.
2506 2188 2612 2238 mail
2626 2189 2656 2242 Β)

1405 2251 1510 2295 item
1536 2253 1674 2306 scitis,
1705 2254 1803 2309 quia
1832 2259 1975 2298 tamen
1999 2262 2293 2300 convenerunt
2331 2269 2404 2301 eos
2433 2257 2583 2309 Judaei,
2610 2268 2655 2302 ut

1406 2337 1562 2368 nomen
1584 2324 1686 2370 Jcsu
1712 2326 1793 2370 sub
1810 2327 1953 2369 modio
1977 2327 2138 2371 silentii
2161 2335 2371 2383 ponerent-
2405 2336 2656 2374 constanter

1404 2399 1722 2454 responderunt
1740 2416 1748 2440 ;
1778 2398 1873 2441 Non
1890 2413 2110 2455 possumus
2137 2414 2228 2457 (μαι)
2247 2401 2479 2446 audivimus
2494 2410 2530 2445 et
2548 2404 2655 2446 vids·-

1401 2485 1491 2514 mus
1505 2486 1586 2515 uon
1608 2473 1719 2529 loqui
1735 2473 1847 2530 (Act.
1871 2486 1930 2525 lv,
1955 2474 2045 2532 20).
2074 2474 2133 2518 De
2158 2474 2353 2519 Ecclesia
2378 2489 2549 2532 quoque
2572 2479 2657 2533 pri-

1399 2545 1547 2588 mitiva
1569 2546 1737 2590 habeus
1761 2547 1860 2603 quia
1884 2551 1998 2602 latta
2014 2554 2074 2589 est
2090 2549 2319 2602 persecutio
2339 2563 2489 2605 moytia
2507 2551 2547 2592 ἱη
2572 2550 2654 2592 Eo·

1397 2617 1542 2669 clesia,
1582 2631 1673 2674 qum
1711 2627 1802 2663 erat
1845 2619 2136 2676 lerosolymis,
2175 2629 2214 2663 et
2247 2621 2422 2678 dispersi.
2459 2631 2554 2665 sunt
2581 2637 2654 2678 per

1398 2692 1581 2746 reqiones
1600 2691 1806 2736 Samaria:
1824 2693 1934 2748 (Aet.
1963 2706 2061 2745 vm,
2085 2693 2141 2751 1).
2167 2694 2217 2736 Et
2237 2695 2342 2749 quid
2379 2696 2422 2737 in
2439 2697 2654 2751 sequenti·

1397 2764 1477 2807 bus
1501 2764 1674 2820 legitis?
1698 2763 1831 2820 igitur
1844 2766 2118 2822 quidispersi
2138 2765 2651 2821 fuerant,pertransibant

1395 2837 1726 2892 evangelizantes
1750 2838 1918 2881 verbum
1940 2838 2079 2894 (with,
2099 2838 2159 2895 4).
2187 2838 2411 2891 Quomodo
2439 2840 2565 2896 dIgnc
2580 2841 2631 2883 ad

1396 2909 1744 2953 mirabimurvas
1765 2910 1868 2953 illud
1883 2910 2134 2954 electionis?
2152 2911 2272 2954 scitis
2290 2911 2342 2955 de
2361 2923 2446 2966 quo
2462 2912 2618 2967 loquor
2631 2926 2640 2949 ⁴:

1396 2980 1466 3022 cui
1489 2978 1698 3024 Dominus
1719 2979 1924 3031 ostendit,
1950 2986 2110 3036 (planta
2134 2981 2322 3036 oportuit
2345 2993 2441 3024 cum
2470 2993 2548 3037 pro
2569 2994 2645 3025 no·

1396 3053 1511 3096 mine
1529 3065 1611 3097 suo
1633 3053 1721 3109 pati
1746 3054 1856 3110 (Act.
1886 3067 1946 3104 ix,
1975 3053 2061 3110 10).
2090 3053 2151 3096 En
2169 3054 2304 3109 virgis
2326 3054 2646 3109 caeditur,lapi-

1396 3126 1523 3169 dibus
1541 3126 1758 3178 obruitur,
1784 3128 1935 3182 pelago
1953 3126 2259 3182 submergitur,
2296 3126 2647 3181 periculasusti-

1395 3203 1469 3241 net
1510 3197 1743 3249 latronum,
1792 3199 1982 3254 pericula
2035 3211 2087 3242 ex
2144 3210 2316 3254 genere,
2354 3198 2546 3254 pericula
2592 3209 2647 3240 cx

1395 3272 1611 3328 gentibus,
1635 3273 1826 3328 pericula
1844 3272 1887 3315 in
1904 3272 2091 3324 civitate,
2117 3271 2305 3327 pericula
2332 3271 2374 3314 in
2400 3271 2643 3318 solitudine.

1396 3351 1547 3401 etquae
1560 3346 1700 3401 magis
1716 3345 1756 3388 ei
1774 3345 1955 3388 molesta
1971 3351 2109 3395 erant,
2130 3344 2318 3398 pericula
2345 3355 2396 3386 ex
2421 3342 2544 3385 salsis
2557 3338 2622 3384 ira

1399 3418 1537 3462 tribus
1561 3416 1632 3475 (ΙΙ
1655 3416 1753 3462 Cor.
1774 3429 1823 3471 ιι,
1849 3416 1938 3472 26).
1976 3415 2115 3471 Supra
2132 3416 2305 3459 modum
2332 3421 2535 3472 gravatus
2557 3421 2641 3461 est,

1395 3497 1438 3534 et
1457 3503 1589 3547 snpra
1626 3490 1843 3542 virtutem,
1884 3490 1943 3533 ita
1965 3495 2011 3532 ut
2035 3488 2186 3532 taedeat
2212 3500 2309 3531 eum
2342 3488 2471 3531 ctiam
2499 3487 2640 3538 vivere

1396 3563 1468 3622 (11
1487 3563 1584 3608 Cor.
1613 3575 1646 3615 1,
1676 3564 1737 3622 8).
1763 3563 1847 3607 Sed
1866 3563 1911 3606 in
1933 3563 2001 3606 his
2022 3561 2224 3605 omnibus
2248 3561 2424 3603 verbum
2453 3558 2526 3602 Dei
2553 3569 2639 3600 non

1393 3643 1459 3680 est
1477 3633 1711 3693 alligatum,
1736 3647 1818 3679 nec
1847 3640 1989 3679 cessat
2013 3633 2247 3689 adimplere
2275 3643 2323 3675 ea
2348 3643 2442 3687 qure
2466 3630 2637 3678 desunt,

1395 3709 1646 3766 passionum
1677 3707 1854 3759 Christi,
1873 3707 1918 3750 in
1944 3718 2075 3751 carne
2099 3706 2192 3759 ejus
2214 3719 2224 3757 ;
2245 3716 2323 3762 pro
2344 3714 2525 3762 corpore
2541 3715 2637 3756 suo,

1394 3782 1507 3839 quod
1531 3787 1597 3826 est
1616 3782 1807 3826 Ecclesia
1826 3780 2005 3837 (Coloss.
2026 3792 2057 3832 ι,
2076 3777 2165 3834 24).

1449 3851 1521 3897 lv.
1546 3852 1624 3897 llis
1646 3863 1749 3908 ergo
1771 3851 1971 3895 omnibus
1989 3850 2287 3905 tempestatum
2314 3846 2554 3895 turbinibus
2576 3852 2639 3889 te‘

1394 3933 1496 3982 pere
1518 3937 1604 3967 non
1619 3923 1760 3979 potuit
1776 3922 1890 3980 ignis
1906 3922 1992 3974 ille,
2017 3933 2146 3976 quem
2161 3920 2213 3963 dc
2235 3919 2407 3963 excelso
2426 3918 2544 3962 misit
2562 3915 2644 3959 Do-

1394 3997 1538 4041 minus
1559 3998 1602 4039 in
1626 3995 1798 4039 ossibus
1820 4006 1968 4037 eorum
1986 3991 2157 4048 (Yltren.
2177 4003 2208 4040 1,
2236 3989 2323 4047 15),
2348 4002 2434 4033 non
2455 3987 2639 4033 deficere

1396 4068 1516 4119 sides,
1542 4079 1625 4124 qua
1653 4066 1841 4110 erudivit
1859 4077 1935 4109 eos
1951 4079 1968 4117 ;·
1987 4065 2074 4106 imo
2089 4068 2132 4106 et
2155 4063 2345 4105 charitas
2373 4061 2569 4108 adaucta.
2594 4063 2638 4102 ct-

1394 4139 1498 4183 fides
1520 4138 1657 4194 magis
1691 4150 1742 4181 ac
1768 4136 1905 4191 magis
1929 4147 2097 4190 semper
2119 4139 2211 4177 erat
2235 4134 2453 4175 roborata.
2487 4130 2636 4173 Nonne

1394 4210 1519 4253 sortis
1540 4210 1611 4252 ille
1643 4209 1818 4258 athleta,
1838 4209 1891 4250 de
1911 4216 1997 4262 quo
2022 4206 2222 4259 superius
2246 4203 2423 4246 fecimus
2452 4206 2635 4246 mentio-

1394 4295 1508 4334 nem,
1534 4275 1639 4326 dicu,
1660 4294 1706 4324 se
1731 4292 1817 4323 non
1850 4279 1987 4323 solum
2013 4284 2227 4321 certamen
2252 4283 2457 4324 certasse,
2476 4280 2518 4316 et
2534 4285 2635 4315 cnr·

1391 4367 1484 4398 sum
1510 4365 1850 4402 consummasse,
1874 4350 1949 4395 sod
1971 4356 2012 4393 ct
2038 4350 2159 4393 fidem
2185 4347 2405 4392 servasse?
2429 4345 2499 4403 (11
2521 4345 2630 4387 Tim.

1372 4438 1451 4474 viv,
1479 4424 1538 4480 7.)
1558 4424 1608 4467 Et
1626 4424 1677 4467 de
1701 4423 1912 4466 charitato
1938 4422 2040 4478 quid
2070 4421 2200 4465 dicit?
2222 4419 2342 4472 Quis,
2377 4418 2531 4474 inquit,
2556 4427 2624 4457 nos
