2924 4588
90 93 197 140 1375

728 92 982 138 HtSTomA
1017 95 1406 145 SCHOLASTtCA.
1440 125 1493 133 —-
1523 101 1682 145 1³13ssst
1706 102 1757 145 ul
1789 104 1993 150 REGUM.

2530 114 2633 157 tau

88 187 169 226 tem
194 181 329 225 tribus
350 180 494 236 regiae.
517 181 576 226 De
601 188 783 240 utroque
808 196 939 240 regno
962 188 1236 243 prosequitur
1256 189 1322 231 hi-
1348 197 1379 242 Α
1403 187 1505 234 mibi
1533 191 1737 239 Dominus
1762 210 1772 239 z
1803 209 1817 234 ι
1836 195 1981 239 Reduc
2003 209 2099 241 eum
2134 203 2289 249 tecum,
2311 207 2356 242 ut
2389 202 2597 246 comedat.
2619 218 2632 242 1

86 253 219 297 storia
245 252 371 308 quasi
403 251 529 296 modo
553 253 838 304 interscalari,
861 261 903 298 et
927 255 1105 301 incisive
1138 271 1252 302 nunc
1274 259 1326 301 iis·

82 325 165 368 boc
185 324 391 391 loquitur,
411 320 528 368 nune
551 324 604 369 de
626 325 714 369 illo.
740 324 864 378 Quod
896 327 1082 383 diligens
1107 329 1240 374 lector
1272 331 1324 374 de

85 395 198 440 taciti·
221 396 524 452 deprehendet.

165 501 266 558 Cu».
290 493 440 546 XXIX.
464 502 526 546 De
545 502 786 559 Jeroboam,
802 513 843 549 et
864 505 1000 557 Abcto,
1020 513 1058 549 et
1081 507 1237 554 viculis.

133 609 269 654 Porro
302 607 495 653 Roboam
518 608 690 665 collegit
730 610 967 654 exereitum
1005 619 1175 654 eentum
1199 620 1318 656 octo-

40 690 45 692 ·
79 683 198 738 ginta
219 682 352 726 millia
376 683 627 728 electorum,
652 688 700 725 ut
736 691 977 739 pugnarent
1006 692 1157 727 contra
1188 684 1321 729 Israel

63 743 175 813 ι(111
212 754 309 810 Req.
334 755 429 814 111).
451 755 504 799 Et
528 756 644 799 misit
677 756 727 799 ad
759 769 853 800 eum
879 756 1087 802 Dominus
1109 758 1319 802 Semeiam

77 827 330 884 prophetam
367 827 579 871 dicentem
607 842 617 871 t
650 827 748 872 Haec
780 829 883 871 dicit
907 828 1115 874 Dominus
1142 846 1150 873 :
1182 845 1196 871 1
1224 830 1320 875 Non

76 900 322 957 pugnabitis
347 909 496 944 contra
533 899 688 945 fratres
718 908 886 946 vestros
914 918 924 945 :
958 915 980 946 a
1004 917 1073 948 me
1108 907 1221 948 enim
1255 905 1318 947 sa-

77 979 193 1016 ctum
217 979 282 1018 est
299 974 476 1018 verbum
492 975 590 1018 hoc.
613 974 761 1027 »Quod
777 975 829 1020 de
844 977 1076 1022 schismate
1089 991 1316 1035 regnorum

75 1047 401 1104 inicuigendum
425 1057 503 1092 est.
524 1049 575 1091 Et
596 1050 851 1106 quieverunt
869 1064 892 1094 a
908 1053 1068 1107 praelio.
1089 1052 1317 1098 Jeroboam

73 1111 212 1165 autem
237 1121 346 1164 dixit
375 1122 419 1164 in
452 1123 583 1166 eorde
602 1135 681 1168 suo
707 1139 716 1167 :
746 1139 761 1165 ‹
790 1123 834 1166 Si
857 1126 1099 1170 ascenderit
1133 1126 1317 1182 populus

71 1194 154 1239 iste
174 1196 216 1236 in
236 1189 473 1238 Jerusalem
498 1200 562 1238 ter
584 1196 627 1239 111
656 1208 787 1247 anno,
810 1184 1086 1242 convertetur
1110 1210 1186 1242 cor
1222 1198 1316 1252 eius

1404 261 1456 304 Et
1493 262 1551 306 ita
1587 264 1758 307 seduxit
1797 277 1911 316 eum,
1937 273 1980 309 et
2008 266 2190 314 reduxit.
2220 267 2410 324 Cumque
2442 272 2636 314 sederent

1404 334 1458 376 ad
1481 346 1691 386 mensam,
1716 335 1855 379 iactus
1884 345 1952 381 est
1982 350 2124 381 sermo
2159 338 2323 382 Domini
2358 341 2408 382 ad
2451 342 2634 396 prophe-
2698 370 2704 376 -

1402 410 1503 455 tam,
1520 406 1592 460 qui
1614 407 1841 458 reduxerat
1862 420 1975 458 eum,
1995 415 2035 451 et
2055 410 2112 451 ait
2127 408 2169 452 in
2190 410 2367 464 spiritu:
2386 426 2400 450 «
2418 410 2526 463 Quia
2550 425 2636 455 non

1400 478 1626 521 custodisti
1650 480 1896 523 mandatum
1922 480 2087 523 Domini
2108 493 2195 524 non
2221 482 2429 525 inseretur
2453 484 2634 526 cadaver

1401 558 1518 592 tuum
1543 550 1585 591 in
1610 551 1852 605 sepulcrum
1874 558 2041 606 patrum
2066 558 2251 596 tuorum.
2281 568 2295 593 1
2324 553 2374 598 Et
2399 562 2495 597 nota
2518 555 2631 609 quod

1401 632 1476 675 per
1503 620 1708 674 injustum
1729 621 1846 675 juste
1868 622 2037 665 locutus
2060 629 2126 666 est
2150 621 2336 677 Spiritus
2369 629 2558 671 sauctus,
2585 628 2631 664 ut

1399 704 1451 734 cx
1474 691 1624 735 eodem
1647 704 1723 735 ore
1761 692 1966 748 propheta
1991 705 2163 748 poenam
2202 695 2428 749 acciperet,
2455 695 2566 738 unde
2589 702 2631 739 et

1398 767 1567 820 culpam
1610 776 1846 822 acceperat.
1878 768 2071 825 Cumque
2105 770 2289 814 redisset
2321 772 2386 814 vir
2424 770 2498 815 Dei
2534 778 2632 827 post

1398 838 1642 893 prandium,
1668 840 1824 883 occidit
1866 852 1961 884 eum
2002 842 2067 886 leo
2103 842 2146 885 in
2178 843 2270 897 via;
2305 843 2451 887 asinus
2489 849 2629 887 autem

1400 911 1540 953 stabat
1558 911 1678 965 juxta
1712 912 1845 962 ilium,
1875 919 1916 956 et
1941 914 2008 957 leo
2031 915 2299 957 custodiebat
2330 915 2527 966 cadaver,
2550 927 2629 959 nec

1363 997 1366 1000 ⁴
1398 984 1565 1026 asinum
1606 997 1801 1040 tangens,
1838 997 1916 1028 nee
1952 986 2070 1030 iilud.
2106 986 2224 1037 Quod
2261 998 2357 1029 cum
2393 987 2628 1042 accepisset

1398 1067 1530 1099 senex
1564 1056 1636 1099 iiie
1663 1057 1885 1111 propheta,
1912 1058 2056 1100 retulit
2080 1059 2262 1102 cadaver
2284 1060 2393 1113 ejus,
2414 1064 2458 1102 et
2486 1060 2628 1114 posuit

1398 1126 1503 1169 iilud
1545 1128 1585 1169 in
1626 1129 1823 1183 sepulcro
1862 1141 1955 1182 suo,
1987 1130 2137 1174 dicens
2177 1131 2274 1173 sniis
2315 1131 2439 1174 suis:
2470 1145 2484 1170 ‹
2521 1130 2627 1173 Cum

1400 1204 1594 1244 mortuus
1614 1199 1750 1251 sucro,
1778 1202 1921 1255 ponite
1960 1213 2060 1246 ossa
2087 1214 2179 1245 mea
2202 1202 2324 1257 juxta
2348 1215 2447 1246 ossa
2471 1203 2580 1256 ojus,
2606 1218 2620 1243 1

71 1265 125 1309 ad
147 1265 370 1310 Dominum
391 1263 515 1312 suum
541 1267 751 1319 Roboam3
768 1275 810 1312 et
823 1265 1081 1314 interficient
1098 1283 1180 1314 me.
1195 1269 1316 1313 Tunc
1341 1266 1373 1308 B
1398 1279 1443 1315 ut
1465 1279 1670 1328 parcatur
1703 1275 1874 1318 ossibus
1897 1275 2004 1319 meis
2036 1287 2113 1331 pro
2144 1287 2210 1325 eo,
2237 1277 2407 1330 quando
2432 1275 2498 1319 fiet
2531 1288 2625 1320 ver-

68 1338 310 1394 excogitato
325 1339 507 1384 consilio
527 1338 628 1384 secit
647 1339 757 1383 duos
779 1341 936 1384 vituios
958 1350 1112 1385 aureos
1134 1358 1143 1383 ;
1170 1357 1183 1382 1
1201 1354 1311 1397 quos

67 1410 280 1467 Iosephus
305 1413 623 1467 vitulas‘vocass
649 1427 664 1453 ‹
700 1419 741 1456 et
778 1414 1001 1458 constituit
1037 1414 1206 1469 utrique
1247 1415 1312 1457 fa-

32 1542 35 1543 7
69 1497 190 1538 mun,
214 1486 395 1529 aiterum
418 1486 460 1529 in
486 1486 592 1536 Dan,
614 1493 656 1530 ct
680 1488 863 1540 aiterum
886 1488 928 1529 111
953 1487 1114 1539 Bethel,
1139 1493 1181 1531 et
1202 1487 1310 1532 dixit

69 1558 349 1615 ad‘popuium
376 1575 386 1603 z
410 1559 520 1603 Ecce
541 1559 600 1602 dii
623 1561 702 1612 tui,
738 1559 888 1612 lsrael,
911 1560 983 1616 qui
1006 1561 1247 1606 eduxerunt
1269 1569 1310 1607 te

67 1628 254 1676 de'te‘rra
273 1631 462 1688 AEgypti.
486 1631 653 1686 ›Quasi
675 1634 861 1678 diceret:
880 1632 1028 1678 Omnis
1044 1635 1164 1678 locus
1183 1636 1310 1679 habet

65 1704 217 1755 Deum,
233 1717 319 1748 non
337 1706 502 1750 habetis
522 1718 700 1751 necesse
719 1712 765 1749 ut
784 1701 1027 1751 ascendatis
1043 1707 1304 1751 ad.hostium

46 1814 48 1817 ,
63 1782 305 1820 vestrorum
315 1765 552 1828 civitatem,
570 1784 616 1821 ut
629 1778 686 1821 ibi
699 1779 902 1834 quaeratis
911 1778 1060 1822 Deum.
1074 1778 1171 1823 Feci
1186 1781 1307 1825 vobis

63 1836 222 1894 vituios
240 1851 483 1905 aequivocos
502 1850 605 1903 Deo,
622 1851 731 1895 utin
751 1853 814 1896 eis
841 1852 1031 1896 adoretis
1054 1850 1301 1906 Dominum,

63 1923 108 1965 et
127 1919 389 1965 constituam
413 1934 466 1965 ex
490 1922 614 1967 vobis
633 1924 880 1967 sacerdotes
905 1931 947 1966 et
978 1924 1219 1981 ministros,
1246 1938 1301 1970 ne

61 1994 288 2056 filiis'Levi
311 1992 490 2051 egeatis.
522 1995 716 2052 Cumque
738 1997 985 2040 immineret
1016 1997 1304 2055 Scenopegta,

51 2056 342 2120 *ig-'constituit
377 2067 442 2112 eis
478 2067 593 2111 diem
627 2069 864 2113 solemnem
894 2069 939 2112 in
963 2081 1112 2113 mense
1137 2076 1305 2122 octavo,

61 2132 379 2197 quintadecima
402 2141 476 2185 die‘
503 2141 682 2187 mensis,
711 2157 725 2184 1
748 2131 891 2187 Forte·
907 2145 1127 2187 transtulit
1147 2143 1306 2188 festum

47 2213 118 2265 ,de
135 2215 286 2269 mense
314 2213 497 2269 septimo
529 2214 574 2258 in
594 2203 810 2267 octavum,
826 2214 903 2259 ‘vel
923 2215 1088 2263 lunatio
1111 2214 1307 2272 Septem-

60 2275 460 2344 bris‘descenderat
479 2286 522 2330 in
547 2285 794 2332 Octobrem
822 2286 953 2336 Tunes
976 2288 1172 2331 aseendit
1205 2301 1302 2331 cum

59 2353 222 2416 p'op't'xlo'
243 2360 286 2402 in
319 2355 548 2404 Bethel.ad
581 2361 695 2405 diem
729 2360 906 2406 testum.
942 2359 1150 2405 Dominus
1187 2361 1303 2404 misit

59 2429 386 2487 prophetamus
401 2429 516 2474 :suda
540 2431 583 2474 in
608 2431 772 2486 Betiiel,
787 2432 862 2488 qui
882 2432 926 2475 111
945 2431 1304 2489 Paraiipomeuon

23 2533 26 2535 Α
59 2502 304 2548 nominatur
327 2503 466 2555 Abdo,
495 2505 563 2550 hic
595 2518 619 2549 a
654 2505 913 2562 quibusdam
938 2504 1129 2551 creditur
1167 2506 1301 2550 fuisse

59 2575 166 2629 cad,
195 2577 269 2634 qui
289 2591 386 2634 rege
403 2584 545 2623 stante
573 2591 704 2636 super
725 2580 861 2623 altare
897 2578 951 2628 ad
991 2579 1302 2628 immolandum

58 2641 351 2695 exitium-avit:
392 2666 405 2692 1
436 2650 596 2703 Altare,
623 2652 776 2702 altare,
807 2652 900 2695 baec
933 2652 1038 2695 dicit
1066 2650 1297 2695 Dominus.

58 2719 270 2775 Nascetur
307 2721 422 2766 fliius
457 2721 605 2771 domui
640 2721 790 2774 David3
815 2721 990 2779 nomine
1022 2719 1195 2773 tostam,-
1225 2721 1303 2777 qui-

57 2787 287 2839 combur'et
305 2788 441 2848 super
458 2788 500 2836 te
530 2788 631 2837 ossa
657 2794 932 2837 sacerdotum
955 2800 1145 2843 tuorum,
1177 2798 1302 2835 eruta

58 2861 311 2909 detumuiis
329 2859 442 2911 suis.
463 2864 515 2907 Et
547 2865 607 2909 ait
631 2866 683 2909 ad
706 2866 930 2922 populum.
956 2863 1072 2909 Dabo
1096 2865 1217 2909 vobis
1242 2866 1301 2909 s}-

57 2934 206 2990 gnum,
230 2933 344 2991 quod
374 2934 543 2980 locutus
566 2936 621 2980 sit
656 2934 793 2981 inme
818 2935 1026 2981 Dominus
1060 2951 1070 2980 ε
1103 2934 1214 2980 Ecce
1238 2939 1300 2980 ai-

54 3013 149 3052 tare
173 2997 408 3060 scindetur,
428 3014 470 3052 et
497 3008 747 3053 effundetur
766 3010 925 3057 oblatio
955 3022 1050 3065 quae
1081 3015 1147 3054 est
1170 3009 1215 3052 in
1249 3022 1300 3054 eo

59 3071 155 3132 (ΙΙΙ
179 3077 274 3134 Req.
313 3079 429 3137 11111).
451 3078 574 3124 Tunc
598 3092 674 3124 rex
710 3080 902 3124 extendit
941 3089 1116 3125 manum
1157 3092 1297 3132 suam,

57 3151 311 3208 praecipiens
333 3165 433 3199 eum
457 3153 716 3208 apprehendi
744 3169 755 3197 ;
780 3159 822 3198 et
843 3153 986 3198 statim
1012 3155 1124 3198 aruit
1145 3167 1299 3197 mamis

57 3225 151 3281 eius
174 3238 273 3269 eum
308 3226 509 3272 brachio.
544 3226 689 3271 Altare
729 3240 899 3284 quoque
939 3227 1124 3271 scissum
1150 3232 1230 3278 est,
1258 3232 1299 3273 et

56 3299 189 3345 effusa
211 3306 311 3344 sunt
335 3299 478 3345 omnia
501 3313 596 3357 quae
619 3311 741 3345 erant
773 3286 814 3344 in
854 3313 921 3345 eo.
949 3299 1000 3342 Et
1035 3301 1189 3344 timens
1223 3311 1299 3345 rex

1392 1345 1494 1387 bum
1533 1344 1701 1388 Domini
1732 1346 1783 1389 de
1818 1346 2079 1390 crematione
2115 1347 2277 1391 ossium
2316 1359 2443 1401 super
2477 1348 2623 1394 altare.

1390 1416 1616 1462 Jeroboam
1652 1425 1792 1462 autem
1827 1433 1913 1464 non
1948 1426 2244 1467 est'reversus
2280 1434 2303 1465 a
2330 1425 2394 1465 via
2422 1435 2496 1466 sua
2530 1436 2627 1479 pes-

1391 1489 1515 1534 sima.
1541 1487 1646 1532 Nam
1684 1502 1812 1534 senex
1838 1491 1907 1534 ille
1929 1491 2137 1547 propheta
2161 1492 2444 1547 persuadebat
2468 1493 2504 1535 ei
2539 1506 2623 1537 non

1390 1557 1524 1603 fuisse
1547 1573 1692 1604 verum
1724 1563 1990 1618 prophetam,
2009 1575 2133 1620 quem
2156 1564 2360 1608 Dominus
2384 1566 2617 1616 occiderat,

1390 1636 1431 1672 et
1455 1631 1675 1675 dexteram
1704 1634 1838 1689 ipsius
1876 1648 1953 1690 pro
1993 1635 2138 1680 labore
2173 1636 2444 1681 sacrificandi
2475 1640 2624 1682 Obstu-

1388 1704 1550 1757 puisse,
1571 1711 1629 1756 et,
1650 1718 1746 1750 cum
1772 1708 2068 1763 requievisset,
2090 1709 2142 1752 ad
2176 1717 2371 1753 naturam
2411 1712 2626 1767 propriam

1392 1787 1626 1821 remeasse.
1658 1777 1805 1822 Altare
1831 1791 1932 1823 vero
1970 1786 2145 1836 propter
2180 1794 2291 1826 onus
2329 1783 2620 1838 impositorum

1397 1854 1568 1904 ruptum
1593 1848 1726 1894 fuisse
1748 1852 1903 1896 aiebat.

1524 1957 1627 2004 Car.
1659 1959 1790 2004 XXX.
1817 1961 1877 2004 De
1900 1969 2028 2008 morte
2049 1963 2161 2006 Abiae
2182 1972 2219 2007 et
2242 1959 2482 2010 seroboa'm.

1505 2059 1552 2104 ln
1578 2059 1729 2106 diebus
1749 2063 1834 2107 iliis
1870 2065 2216 2120 aegrotavit-Abia
2240 2067 2352 2112 iilius
2371 2067 2614 2120 imbuam,

1384 2139 1427 2175 et
1451 2132 1511 2176 ait
1531 2145 1605 2177 rex
1629 2135 1753 2179 uxori
1776 2148 1864 2179 sum
1886 2151 1896 2178 :
1919 2136 2145 2180 Commota
2174 2138 2361 2182 habitum
2384 2153 2437 2183 ne
2459 2152 2616 2196 cogno,

1386 2206 1523 2250 scaris
1546 2219 1655 2251 uxor
1677 2220 1788 2259 mea,
1813 2215 1854 2252 et
1881 2209 1985 2252 vade
2020 2210 2062 2253 111
2099 2210 2188 2254 Silo
2223 2212 2277 2254 ad
2309 2212 2488 2256 Achiam
2522 2225 2619 2268 pro-

1385 2280 1573 2335 phetam,
1598 2281 1672 2336 qui
1704 2282 1807 2324 mibi
1844 2282 2060 2338 quondam
2083 2283 2250 2328 ioeutus
2272 2290 2338 2328 est
2373 2287 2425 2329 de
2453 2289 2616 2341 regno·,

1348 2355 1360 2369 ⁴
1387 2353 1476 2408 ipse
1499 2354 1706 2399 indicabit
1728 2356 1804 2398 tibi
1834 2355 1936 2411 quid
1974 2347 2224 2401 eventurum
2263 2360 2319 2401 sit
2354 2371 2486 2414 puero
2517 2360 2615 2403 huic

1386 2422 1480 2479 (ΙΙΙ
1504 2423 1601 2480 Rey.
1624 2423 1730 2480 xiv).
1757 2442 1772 2468 1
1800 2425 1853 2468 Et.
1872 2427 2063 2471 ascendit
2085 2428 2303 2473 mulier'aci
2317 2429 2511 2482 Achiam,
2538 2430 2614 2486 qui

1383 2498 1526 2543 videre
1551 2513 1637 2544 non
1676 2504 1842 2557 peterat
1876 2514 1962 2557 prae
2001 2508 2234 2555 senectute,
2259 2502 2333 2548 sed
2370 2505 2617 2558 praeinstru-

1384 2579 1478 2615 ctus
1505 2584 1528 2613 a
1551 2572 1735 2615 Domino
1758 2572 1817 2616 ait
1853 2587 1866 2616 :⁴
1907 2589 1922 2614 ‹
1962 2573 2201 2629 Ingredere,
2234 2565 2344 2618 uxor
2373 2573 2615 2620 Jeroboam.

1383 2642 1524 2694 Quare
1563 2648 1604 2686 te
1642 2642 1770 2685 aliam
1796 2644 1991 2688 simulas.
2018 2643 2149 2695 Vade,
2174 2650 2215 2688 et
2255 2645 2325 2688 ‹iie
2352 2643 2578 2688 Jeroboam
2602 2661 2623 2691 :-

1384 2716 1481 2760 Haec
1503 2711 1608 2761 dicit
1642 2716 1850 2760 Dominus
1873 2733 1883 2760 :
1911 2717 2101 2761 Exaitavi
2125 2724 2167 2760 te
2199 2718 2250 2761 de
2279 2717 2426 2766 medio⁴
2443 2720 2622 2774 populi..

1382 2795 1426 2831 tu
1448 2794 1588 2833 autem
1622 2788 1840 2845 projecisti
1878 2801 1946 2833 me
1981 2795 2078 2846 post
2116 2795 2281 2846 tergum
2315 2794 2452 2841 tuum,
2475 2790 2616 2834 fecisti

1381 2862 1459 2904 tibi
1477 2861 1582 2907 deos
1602 2861 1780 2914 aiienos,
1799 2867 1840 2914 et
1872 2861 2125 2913 conflatiles,
2145 2867 2186 2904 et
2206 2873 2285 2917 ego
2306 2861 2538 2919 percutiam
2563 2861 2616 2905 de
2639 2917 2642 2920 .

1380 2931 1606 2975 jeroboam
1631 2932 1887 2987 mingentem
1915 2932 1968 2976 ad
1992 2933 2214 2987 parietem,
2234 2938 2277 2975 et
2295 2932 2504 2984 clausum,
2532 2947 2546 2972 1
2571 2932 2614 2975 id

1379 3012 1446 3048 est
1464 3006 1795 3059 incarceratum,
1820 3020 1835 3045 1
1857 3009 1899 3049 et
1917 3005 2196 3048 novissimum
2215 3005 2258 3047 in
2278 3004 2425 3056 lsrael,
2445 3019 2460 3044 1
2486 3005 2527 3046 id
2548 3011 2614 3047 est

1380 3061 1529 3121 delebo
1548 3077 1600 3121 de
1622 3077 1750 3120 domo
1780 3077 1873 3131 ejus
1904 3078 2031 3121 ctiam
2067 3078 2290 3128 vilissima,
2316 3090 2410 3133 quae
2439 3090 2515 3133 pro
2543 3078 2611 3120 sui

1379 3149 1542 3193 viiitote
1561 3149 1813 3206 negligenda
1832 3155 2050 3204 putantur,
2080 3164 2093 3190 1
2121 3156 2161 3192 et
2180 3150 2289 3194 dabo
2307 3145 2521 3196 cadavera
2537 3162 2611 3194 eo-

1380 3237 1475 3267 rum
1510 3224 1690 3268 canibus
1720 3230 1761 3267 et
1785 3224 1900 3267 feris¹
1939 3222 2001 3266 Tu
2040 3229 2199 3274 autem,
2233 3228 2460 3275 revertere,
2494 3229 2536 3267 et
2564 3223 2609 3266 in

1381 3299 1559 3341 introitu
1581 3304 1654 3342 tuo
1676 3296 1886 3340 morietur
1906 3310 2026 3352 puer,
2049 3299 2121 3353 qui
2147 3298 2262 3341 solus
2293 3297 2345 3340 de
2380 3296 2507 3340 domo
2538 3296 2610 3339 Je-

57 3374 116 3418 ait
137 3375 190 3418 ad
210 3375 487 3431 prophetam:
507 3389 521 3415 1
547 3375 630 3418 Ora
655 3387 732 3431 pro
753 3388 836 3427 me,
864 3373 1184 3417 utrestituatur
1208 3385 1298 3415 ma-
1321 3387 1357 3431 D
1378 3371 1554 3415 roboam
1589 3370 1795 3413 inseretur
1817 3370 1859 3412 in
1883 3370 2096 3424 sepulcro.
2135 3368 2186 3410 Et
2224 3369 2349 3411 rediit
2386 3367 2537 3411 mulier
2564 3367 2608 3410 111

57 3457 140 3490 nus
180 3446 437 3490 meamibi.
471 3465 484 3488 1
515 3445 609 3499 Quo
635 3451 792 3496 orante
830 3458 1001 3503 reversa
1039 3451 1105 3490 est
1143 3458 1296 3489 »nanus

55 3518 171 3575 regis
198 3518 249 3561 ad
276 3530 391 3563 eum.
426 3519 619 3575 Cumque
643 3518 823 3563 dixisset
856 3519 894 3562 ei
919 3530 993 3562 rex
1019 3533 1029 3563 ε
1065 3533 1079 3559 1
1115 3517 1223 3561 Veni
1249 3525 1295 3559 ut

57 3593 244 3649 prandes
277 3606 463 3645 mecum,
488 3602 529 3637 et
556 3594 668 3637 dabo
709 3594 783 3638 tibi
810 3605 1003 3638 munera.
1025 3593 1292 3649 Respondit:

23 3710 26 3711 ι
55 3663 151 3715 Non
173 3660 367 3720 possum.
405 3663 476 3707 Sic
511 3665 624 3709 enim
660 3666 862 3720 praecepit
894 3664 999 3707 mihi
1037 3664 1242 3708 Dominus
1281 3678 1291 3705 ε

55 3735 151 3779 Non
187 3737 386 3781 coniedes
417 3749 587 3793 panem.
623 3750 762 3792 neque
791 3737 913 3780 bibes
950 3749 1120 3792 aquam,
1151 3747 1295 3791 neque

59 3810 284 3852 reverteris
315 3821 390 3865 per
423 3809 535 3852 viam
560 3822 643 3864 qua
668 3809 849 3854 incedis.
882 3825 894 3850 1
918 3808 1128 3864 Egressus
1152 3808 1296 3862 itaque

59 3881 111 3926 de
146 3882 307 3932 Bethel.
348 3883 642 3926 revertebatur
691 3882 734 3925 in
774 3881 1011 3926 Jerusalem
1054 3894 1130 3936 per
1167 3881 1294 3926 aliani

61 3955 187 4002 viam.
207 3954 308 3998 Erat
325 3961 468 4000 autern
495 3956 537 3998 in
555 3955 700 3999 Bethel
719 3956 924 4009 propbeta
949 3954 1119 4011 quidam
1146 3966 1292 4003 senex,

59 4031 103 4072 et
120 4027 270 4083 jacens
294 4029 339 4078 in
378 4029 508 4073 lecto.
547 4028 626 4073 Cui
669 4042 766 4071 cum
794 4028 1061 4073 indicassent
1106 4027 1179 4070 mii
1202 4027 1295 4080 ejus

21 4107 27 4110 ⁴
61 4111 156 4154 quae
189 4100 399 4152 viderant,
420 4105 463 4144 et
502 4100 744 4150 audierant,
771 4099 878 4142 dixit
914 4098 978 4143 eis
1013 4114 1022 4143 :
1052 4113 1066 4138 ‹
1108 4098 1296 4142 sternite

61 4169 165 4214 mibi
187 4160 373 4220 asinum.
403 4188 418 4214 1
443 4171 496 4214 Et
520 4173 764 4216 ascendens
795 4171 900 4214 abiit
917 4175 1012 4226 post
1036 4169 1176 4214 virum
1203 4169 1291 4220 Dei,

59 4249 101 4284 et
120 4242 179 4284 ait
201 4244 252 4286 ad
276 4252 372 4288 eum
401 4248 415 4288 ε’
444 4260 459 4286 1
489 4243 595 4288 Redi
632 4255 797 4287 mecum
836 4249 881 4286 ut
921 4243 1138 4287 comedas.
1168 4258 1182 4283 1
1212 4242 1293 4294 Qui

58 4316 294 4369 respondit.
320 4315 413 4360 Non
445 4329 636 4373 possum,
665 4318 764 4372 quia
803 4315 1020 4371 prohibuit
1052 4327 1120 4358 me
1150 4314 1294 4357 Domi-

59 4395 156 4433 nus.
195 4386 252 4438 At
290 4387 360 4432 ilie
399 4403 408 4432 t
442 4385 655 4446 P'ropneta
697 4401 794 4437 sum
830 4389 940 4437 sicut
963 4393 1004 4434 et
1029 4394 1087 4442 tu,
1113 4393 1154 4433 et
1189 4386 1294 4433 dixit

1379 3441 1558 3494 Ther-sa,
1583 3449 1625 3486 et
1659 3448 1854 3486 mortuus
1875 3448 1940 3485 est
1965 3454 2086 3496 puer,
2110 3441 2368 3496 sepeiierunt
2386 3452 2500 3483 eum.
2524 3438 2607 3481 Re·

1376 3516 1489 3571 liqna
1514 3527 1614 3559 vero
1632 3514 1859 3559 verborum
1877 3514 2114 3572 jeroboamv
2130 3514 2289 3574 scripta
2311 3509 2410 3561 suut
2429 3513 2472 3554 in
2497 3512 2606 3558 libro

1375 3587 1613 3632 Verborum
1647 3586 1813 3629 dierum
1850 3584 2010 3643 Regum
2048 3583 2191 3627 israel.
2216 3582 2278 3637 ‚Et
2313 3589 2504 3629 mortuus
2540 3589 2629 3639 est·

1373 3661 1599 3706 Jcroboam
1617 3671 1713 3702 cum
1737 3663 1959 3712 regnasset
1977 3657 2124 3712 viginti
2140 3657 2305 3699 duobus
2322 3657 2460 3699 annis.
2474 3655 2604 3698 Porro

1373 3734 1564 3776 Roboam
1586 3731 1778 3786 regnavit
1804 3729 1847 3771 in
1873 3728 1999 3779 suda,
2030 3744 2044 3770 ›
2078 3729 2150 3784 qui
2177 3728 2421 3770 continebat
2446 3727 2601 3769 tribum

1372 3804 1497 3854 «luda,
1519 3818 1533 3844 ‹
1549 3811 1591 3847 et
1606 3800 1848 3855 Beniamim
1873 3799 2150 3854 quadraginta
2175 3805 2215 3840 et
2237 3797 2362 3840 unius
2386 3797 2483 3838 anni
2514 3802 2603 3839 erat

1374 3889 1471 3926 cum
1508 3886 1684 3931 regnare
1732 3874 1948 3928 coepisset,
1990 3877 2032 3915 et
2067 3870 2215 3926 viginti
2257 3882 2329 3913 sex
2364 3869 2487 3911 annis
2537 3880 2602 3911 re-

1372 3949 1516 4005 gnavit
1538 3948 1580 3990 in
1609 3945 1862 3990 Jerusalem.
1906 3961 1920 3987 1
1961 3943 2043 3987 S'ed
2079 3949 2122 3986 et
2151 3941 2284 3985 sudas
2314 3942 2494 3996 populus
2533 3940 2601 3982 ilie

1374 4022 1566 4078 peccavit
1593 4033 1738 4064 coram
1761 4019 1956 4068 Domino,
1989 4024 2030 4060 et
2062 4014 2161 4059 fecit
2184 4015 2265 4058 sibi
2299 4025 2411 4061 aras,
2439 4017 2601 4055 statuas

1372 4101 1414 4137 et
1439 4097 1560 4137 incus
1584 4105 1713 4148 super
1748 4091 1918 4135 excelsa
1956 4087 2180 4134 mentium.
2213 4101 2227 4128 1
2265 4086 2346 4129 Sed
2371 4084 2599 4128 effeminati

1373 4168 1542 4210 suerunt
1587 4167 1629 4209 in
1653 4171 1767 4209 terra
1804 4163 1930 4214 Juda,
1965 4177 1980 4203 1
2007 4162 2051 4205 111
2088 4165 2154 4204 est
2186 4159 2372 4202 cultores
2406 4156 2598 4211 Cybeles,

1372 4239 1521 4283 evirati
1549 4244 1717 4287 natura,
1737 4237 1802 4281 vel
1825 4243 1938 4287 actu,
1963 4235 2072 4278 sicut
2094 4233 2248 4289 legitur
2270 4231 2322 4274 de
2346 4228 2602 4282 hierophan-

1373 4314 1479 4355 tis“.
1505 4298 1787 4369 offensusque
1809 4309 2015 4353 Dominus
2038 4306 2260 4350 suscitavit
2282 4309 2426 4346 contra
2447 4301 2598 4350 Iudam

1375 4384 1502 4431 Sesac
1536 4394 1674 4437 regem
1703 4378 1874 4436 AEgypti
1910 4391 2022 4423 anuo
2050 4378 2197 4434 quintu
2245 4373 2362 4430 regni
2394 4371 2595 4423 Rob'oam,
