<?xml version="1.0" encoding="UTF-8"?>
<!DOCTYPE html PUBLIC "-//W3C//DTD XHTML 1.0 Transitional//EN"
    "http://www.w3.org/TR/xhtml1/DTD/xhtml1-transitional.dtd">
<html xmlns="http://www.w3.org/1999/xhtml" xml:lang="en" lang="en">
 <head>
  <title>
</title>
<meta http-equiv="Content-Type" content="text/html;charset=utf-8" />
  <meta name='ocr-system' content='tesseract 3.04.00' />
  <meta name='ocr-capabilities' content='ocr_page ocr_carea ocr_par ocr_line ocrx_word'/>
</head>
<body>
  <div class='ocr_page' id='page_1' title='image "./patrologiaecursu00hammuoft_0689.png"; bbox 0 0 2924 4588; ppageno 0'>
   <div class='ocr_carea' id='block_1_1' title="bbox 0 0 68 2771">
    <p class='ocr_par' dir='ltr' id='par_1_1' title="bbox 0 0 68 2771">
     <span class='ocr_line' id='line_1_1' title="bbox 0 0 68 2771; baseline 0 0"><span class='ocrx_word' id='word_1_1' title='bbox 0 0 68 2771; x_wconf 95' lang='lat' dir='ltr'> </span> 
     </span>
    </p>
   </div>
   <div class='ocr_carea' id='block_1_2' title="bbox 82 22 235 91">
    <p class='ocr_par' dir='ltr' id='par_1_2' title="bbox 82 22 235 91">
     <span class='ocr_line' id='line_1_2' title="bbox 82 22 235 91; baseline 0.007 -25"><span class='ocrx_word' id='word_1_2' title='bbox 82 22 235 91; x_wconf 12' lang='lat' dir='ltr'>x*titos</span> 
     </span>
    </p>
   </div>
   <div class='ocr_carea' id='block_1_3' title="bbox 762 22 2029 76">
    <p class='ocr_par' dir='ltr' id='par_1_3' title="bbox 762 22 2029 76">
     <span class='ocr_line' id='line_1_3' title="bbox 762 22 2029 76; baseline 0.006 -8"><span class='ocrx_word' id='word_1_3' title='bbox 762 22 1020 71; x_wconf 78' lang='lat' dir='ltr'>HISTORIA</span> <span class='ocrx_word' id='word_1_4' title='bbox 1051 25 1441 72; x_wconf 66' lang='lat' dir='ltr'>senet-asma,</span> <span class='ocrx_word' id='word_1_5' title='bbox 1471 51 1522 59; x_wconf 74' lang='lat'>--</span> <span class='ocrx_word' id='word_1_6' title='bbox 1555 26 1715 72; x_wconf 76' lang='lat' dir='ltr'>LIBER</span> <span class='ocrx_word' id='word_1_7' title='bbox 1741 27 1792 71; x_wconf 80' lang='lat'>111</span> <span class='ocrx_word' id='word_1_8' title='bbox 1819 30 2029 76; x_wconf 74' lang='lat' dir='ltr'>REGUM.</span> 
     </span>
    </p>
   </div>
   <div class='ocr_carea' id='block_1_4' title="bbox 2557 38 2670 82">
    <p class='ocr_par' dir='ltr' id='par_1_4' title="bbox 2557 38 2670 82">
     <span class='ocr_line' id='line_1_4' title="bbox 2557 38 2670 82; baseline 0.027 -3"><span class='ocrx_word' id='word_1_9' title='bbox 2557 38 2670 82; x_wconf 33' lang='lat'><strong>‘1366</strong></span> 
     </span>
    </p>
   </div>
   <div class='ocr_carea' id='block_1_5' title="bbox 89 112 2678 179">
    <p class='ocr_par' dir='ltr' id='par_1_5' title="bbox 89 112 2678 179">
     <span class='ocr_line' id='line_1_5' title="bbox 89 112 2678 179; baseline 0.006 -21"><span class='ocrx_word' id='word_1_10' title='bbox 89 154 92 158; x_wconf 88' lang='lat'>.</span> <span class='ocrx_word' id='word_1_11' title='bbox 123 113 191 157; x_wconf 69' lang='lat' dir='ltr'>vel</span> <span class='ocrx_word' id='word_1_12' title='bbox 221 112 526 167; x_wconf 68' lang='lat' dir='ltr'>disponemus,</span> <span class='ocrx_word' id='word_1_13' title='bbox 563 119 604 157; x_wconf 84' lang='lat' dir='ltr'>et</span> <span class='ocrx_word' id='word_1_14' title='bbox 640 115 913 171; x_wconf 81' lang='lat' dir='ltr'>arpagiones,</span> <span class='ocrx_word' id='word_1_15' title='bbox 949 117 993 160; x_wconf 90' lang='lat' dir='ltr'>id</span> <span class='ocrx_word' id='word_1_16' title='bbox 1031 122 1108 162; x_wconf 85' lang='lat' dir='ltr'>est</span> <span class='ocrx_word' id='word_1_17' title='bbox 1133 117 1276 163; x_wconf 78' lang='lat' dir='ltr'>furcas</span> <span class='ocrx_word' id='word_1_18' title='bbox 1311 117 1365 160; x_wconf 87' lang='lat' dir='ltr'>ad</span> <span class='ocrx_word' id='word_1_19' title='bbox 1388 123 1423 167; x_wconf 79' lang='grc' dir='ltr'><strong>Α</strong></span> <span class='ocrx_word' id='word_1_20' title='bbox 1445 118 1570 173; x_wconf 81' lang='lat' dir='ltr'>plena</span> <span class='ocrx_word' id='word_1_21' title='bbox 1610 132 1764 164; x_wconf 86' lang='lat' dir='ltr'>manna</span> <span class='ocrx_word' id='word_1_22' title='bbox 1799 127 1840 166; x_wconf 91' lang='lat' dir='ltr'>et</span> <span class='ocrx_word' id='word_1_23' title='bbox 1875 124 1995 179; x_wconf 70' lang='lat' dir='ltr'>virga</span> <span class='ocrx_word' id='word_1_24' title='bbox 2021 122 2181 170; x_wconf 76' lang='lat' dir='ltr'>Aaron.</span> <span class='ocrx_word' id='word_1_25' title='bbox 2206 125 2306 170; x_wconf 73' lang='lat' dir='ltr'>Haec</span> <span class='ocrx_word' id='word_1_26' title='bbox 2338 127 2455 169; x_wconf 84' lang='lat' dir='ltr'>enim</span> <span class='ocrx_word' id='word_1_27' title='bbox 2491 132 2678 173; x_wconf 85' lang='lat' dir='ltr'>testatur</span> 
     </span>
    </p>
   </div>
   <div class='ocr_carea' id='block_1_6' title="bbox 78 184 1365 391">
    <p class='ocr_par' dir='ltr' id='par_1_6' title="bbox 78 184 1365 391">
     <span class='ocr_line' id='line_1_6' title="bbox 123 184 1365 245; baseline 0.004 -18"><span class='ocrx_word' id='word_1_28' title='bbox 123 184 468 238; x_wconf 70' lang='lat' dir='ltr'>componendum</span> <span class='ocrx_word' id='word_1_29' title='bbox 487 185 698 241; x_wconf 67' lang='lat' dir='ltr'>igneimet</span> <span class='ocrx_word' id='word_1_30' title='bbox 718 188 908 230; x_wconf 82' lang='lat' dir='ltr'>membra</span> <span class='ocrx_word' id='word_1_31' title='bbox 926 189 1164 232; x_wconf 80' lang='lat' dir='ltr'>hostiarum</span> <span class='ocrx_word' id='word_1_32' title='bbox 1183 191 1365 245; x_wconf 79' lang='lat' dir='ltr'><strong>desuper</strong></span> 
     </span>
     <span class='ocr_line' id='line_1_7' title="bbox 90 255 1365 317; baseline 0.005 -21"><span class='ocrx_word' id='word_1_33' title='bbox 90 290 92 292; x_wconf 70' lang='grc'>,</span> <span class='ocrx_word' id='word_1_34' title='bbox 121 255 406 310; x_wconf 70' lang='lat' dir='ltr'>disponenda,</span> <span class='ocrx_word' id='word_1_35' title='bbox 432 262 474 301; x_wconf 84' lang='lat' dir='ltr'>et</span> <span class='ocrx_word' id='word_1_36' title='bbox 496 265 690 309; x_wconf 81' lang='lat' dir='ltr'>scutras,</span> <span class='ocrx_word' id='word_1_37' title='bbox 705 271 811 302; x_wconf 71' lang='lat' dir='ltr'>vasa</span> <span class='ocrx_word' id='word_1_38' title='bbox 834 260 1000 304; x_wconf 79' lang='lat' dir='ltr'>seilicet</span> <span class='ocrx_word' id='word_1_39' title='bbox 1021 262 1201 316; x_wconf 78' lang='lat' dir='ltr'>aequal-is</span> <span class='ocrx_word' id='word_1_40' title='bbox 1219 263 1365 317; x_wconf 81' lang='lat' dir='ltr'>ampli-</span> 
     </span>
     <span class='ocr_line' id='line_1_8' title="bbox 78 326 1360 391; baseline 0.009 -23"><span class='ocrx_word' id='word_1_41' title='bbox 78 355 85 364; x_wconf 51' lang='lat'>.</span> <span class='ocrx_word' id='word_1_42' title='bbox 123 326 288 372; x_wconf 76' lang='lat' dir='ltr'>tudinis</span> <span class='ocrx_word' id='word_1_43' title='bbox 312 329 356 370; x_wconf 82' lang='lat' dir='ltr'>in</span> <span class='ocrx_word' id='word_1_44' title='bbox 379 341 453 373; x_wconf 81' lang='lat' dir='ltr'>ore</span> <span class='ocrx_word' id='word_1_45' title='bbox 475 336 516 373; x_wconf 87' lang='lat' dir='ltr'>et</span> <span class='ocrx_word' id='word_1_46' title='bbox 535 330 684 383; x_wconf 77' lang='lat' dir='ltr'>fundo,</span> <span class='ocrx_word' id='word_1_47' title='bbox 712 332 765 375; x_wconf 87' lang='lat' dir='ltr'>ad</span> <span class='ocrx_word' id='word_1_48' title='bbox 790 333 1126 377; x_wconf 77' lang='lat' dir='ltr'>calefaciendum</span> <span class='ocrx_word' id='word_1_49' title='bbox 1152 334 1360 391; x_wconf 74' lang='lat' dir='ltr'>(111Req.</span> 
     </span>
    </p>
   </div>
   <div class='ocr_carea' id='block_1_7' title="bbox 0 375 1363 462">
    <p class='ocr_par' dir='ltr' id='par_1_7' title="bbox 0 375 1363 462">
     <span class='ocr_line' id='line_1_9' title="bbox 0 375 1363 462; baseline 0.004 -17"><span class='ocrx_word' id='word_1_50' title='bbox 0 375 4 461; x_wconf 33' lang='lat' dir='ltr'>L</span> <span class='ocrx_word' id='word_1_51' title='bbox 69 421 88 445; x_wconf 70' lang='lat'>·.</span> <span class='ocrx_word' id='word_1_52' title='bbox 121 398 443 457; x_wconf 77' lang='lat' dir='ltr'>vu).Josephus</span> <span class='ocrx_word' id='word_1_53' title='bbox 469 401 586 445; x_wconf 83' lang='lat' dir='ltr'>addit</span> <span class='ocrx_word' id='word_1_54' title='bbox 609 409 651 446; x_wconf 85' lang='lat' dir='ltr'>et</span> <span class='ocrx_word' id='word_1_55' title='bbox 666 404 817 451; x_wconf 83' lang='lat' dir='ltr'>trullas</span> <span class='ocrx_word' id='word_1_56' title='bbox 835 403 946 448; x_wconf 80' lang='lat' dir='ltr'>sorte</span> <span class='ocrx_word' id='word_1_57' title='bbox 969 405 1022 448; x_wconf 82' lang='lat' dir='ltr'>ad</span> <span class='ocrx_word' id='word_1_58' title='bbox 1037 408 1363 462; x_wconf 82' lang='lat' dir='ltr'>congregandos</span> 
     </span>
    </p>
   </div>
   <div class='ocr_carea' id='block_1_8' title="bbox 115 474 1364 682">
    <p class='ocr_par' dir='ltr' id='par_1_8' title="bbox 63 474 1364 682">
     <span class='ocr_line' id='line_1_10' title="bbox 119 474 1364 535; baseline 0.007 -18"><span class='ocrx_word' id='word_1_59' title='bbox 119 476 306 525; x_wconf 76' lang='lat' dir='ltr'>cineres,</span> <span class='ocrx_word' id='word_1_60' title='bbox 322 474 401 518; x_wconf 69' lang='lat' dir='ltr'>,vei</span> <span class='ocrx_word' id='word_1_61' title='bbox 434 476 667 526; x_wconf 82' lang='lat' dir='ltr'>eruendos,</span> <span class='ocrx_word' id='word_1_62' title='bbox 693 478 760 521; x_wconf 82' lang='lat' dir='ltr'>vei</span> <span class='ocrx_word' id='word_1_63' title='bbox 788 477 842 520; x_wconf 86' lang='lat' dir='ltr'>ad</span> <span class='ocrx_word' id='word_1_64' title='bbox 865 479 1118 522; x_wconf 75' lang='lat' dir='ltr'>vertendum</span> <span class='ocrx_word' id='word_1_65' title='bbox 1145 481 1364 535; x_wconf 81' lang='lat' dir='ltr'>pavimen-</span> 
     </span>
     <span class='ocr_line' id='line_1_11' title="bbox 118 547 1362 612; baseline 0.009 -23"><span class='ocrx_word' id='word_1_66' title='bbox 118 553 228 591; x_wconf 76' lang='lat' dir='ltr'>tum.</span> <span class='ocrx_word' id='word_1_67' title='bbox 250 547 386 592; x_wconf 82' lang='lat' dir='ltr'>Porro</span> <span class='ocrx_word' id='word_1_68' title='bbox 413 550 613 605; x_wconf 79' lang='lat' dir='ltr'>utensilia</span> <span class='ocrx_word' id='word_1_69' title='bbox 640 551 785 606; x_wconf 86' lang='lat' dir='ltr'>templi</span> <span class='ocrx_word' id='word_1_70' title='bbox 805 565 936 596; x_wconf 82' lang='lat' dir='ltr'>aurea</span> <span class='ocrx_word' id='word_1_71' title='bbox 954 559 1097 604; x_wconf 73' lang='lat' dir='ltr'>crant,</span> <span class='ocrx_word' id='word_1_72' title='bbox 1122 556 1186 598; x_wconf 87' lang='lat' dir='ltr'>vel</span> <span class='ocrx_word' id='word_1_73' title='bbox 1210 567 1362 612; x_wconf 79' lang='lat' dir='ltr'>argen-</span> 
     </span>
     <span class='ocr_line' id='line_1_12' title="bbox 115 618 1364 682; baseline 0.008 -20.56"><span class='ocrx_word' id='word_1_74' title='bbox 115 623 202 663; x_wconf 73' lang='lat' dir='ltr'>tea.</span> <span class='ocrx_word' id='word_1_75' title='bbox 228 618 439 664; x_wconf 76' lang='lat' dir='ltr'>Utensi-lia</span> <span class='ocrx_word' id='word_1_76' title='bbox 467 635 568 665; x_wconf 72' lang='lat' dir='ltr'>vero</span> <span class='ocrx_word' id='word_1_77' title='bbox 599 624 959 667; x_wconf 68' lang='lat' dir='ltr'><strong>candelabrorum</strong></span> <span class='ocrx_word' id='word_1_78' title='bbox 982 637 1110 682; x_wconf 75' lang='lat' dir='ltr'>aurea</span> <span class='ocrx_word' id='word_1_79' title='bbox 1146 633 1284 679; x_wconf 78' lang='lat' dir='ltr'>erant,</span> <span class='ocrx_word' id='word_1_80' title='bbox 1310 630 1364 673; x_wconf 87' lang='lat' dir='ltr'>de</span> 
     </span>
    </p>
   </div>
   <div class='ocr_carea' id='block_1_9' title="bbox 17 692 1361 754">
    <p class='ocr_par' dir='ltr' id='par_1_9' title="bbox 17 692 1361 754">
     <span class='ocr_line' id='line_1_13' title="bbox 17 692 1361 754; baseline 0.009 -22"><span class='ocrx_word' id='word_1_81' title='bbox 17 708 18 711; x_wconf 41' lang='lat'>¹</span> <span class='ocrx_word' id='word_1_82' title='bbox 116 692 284 747; x_wconf 72' lang='lat' dir='ltr'>quibus·</span> <span class='ocrx_word' id='word_1_83' title='bbox 311 693 355 739; x_wconf 85' lang='lat' dir='ltr'>in</span> <span class='ocrx_word' id='word_1_84' title='bbox 391 692 536 737; x_wconf 77' lang='lat' dir='ltr'>Exodo</span> <span class='ocrx_word' id='word_1_85' title='bbox 573 694 906 750; x_wconf 79' lang='lat' dir='ltr'>iegiturOExod.</span> <span class='ocrx_word' id='word_1_86' title='bbox 921 698 1104 754; x_wconf 78' lang='lat' dir='ltr'>xxxvii).</span> <span class='ocrx_word' id='word_1_87' title='bbox 1126 698 1361 744; x_wconf 82' lang='lat' dir='ltr'><strong>Numerum</strong></span> 
     </span>
    </p>
   </div>
   <div class='ocr_carea' id='block_1_10' title="bbox 58 763 1364 1189">
    <p class='ocr_par' dir='ltr' id='par_1_10' title="bbox 58 763 1364 1189">
     <span class='ocr_line' id='line_1_14' title="bbox 59 763 1362 826; baseline 0.002 -16"><span class='ocrx_word' id='word_1_88' title='bbox 59 763 72 772; x_wconf 76' lang='grc'><strong><em>”</em></strong></span> <span class='ocrx_word' id='word_1_89' title='bbox 114 777 218 810; x_wconf 69' lang='lat' dir='ltr'>vero</span> <span class='ocrx_word' id='word_1_90' title='bbox 243 766 493 810; x_wconf 73' lang='lat' dir='ltr'><strong>utensilium</strong></span> <span class='ocrx_word' id='word_1_91' title='bbox 518 779 614 823; x_wconf 77' lang='lat' dir='ltr'>quae</span> <span class='ocrx_word' id='word_1_92' title='bbox 642 766 745 811; x_wconf 75' lang='lat' dir='ltr'>feeit</span> <span class='ocrx_word' id='word_1_93' title='bbox 767 767 971 813; x_wconf 78' lang='lat' dir='ltr'>Salomon</span> <span class='ocrx_word' id='word_1_94' title='bbox 993 774 1186 825; x_wconf 86' lang='lat' dir='ltr'>tompore</span> <span class='ocrx_word' id='word_1_95' title='bbox 1209 783 1362 826; x_wconf 65' lang='lat' dir='ltr'>proee—</span> 
     </span>
     <span class='ocr_line' id='line_1_15' title="bbox 101 827 1364 898; baseline 0.005 -17"><span class='ocrx_word' id='word_1_96' title='bbox 101 827 262 888; x_wconf 80' lang='lat' dir='ltr'>dente,</span> <span class='ocrx_word' id='word_1_97' title='bbox 288 838 410 893; x_wconf 76' lang='lat' dir='ltr'>ponit</span> <span class='ocrx_word' id='word_1_98' title='bbox 430 837 667 894; x_wconf 59' lang='lat' dir='ltr'>sompnus,</span> <span class='ocrx_word' id='word_1_99' title='bbox 681 851 856 887; x_wconf 86' lang='lat' dir='ltr'>mensas</span> <span class='ocrx_word' id='word_1_100' title='bbox 879 841 1060 885; x_wconf 74' lang='lat' dir='ltr'>seilicet</span> <span class='ocrx_word' id='word_1_101' title='bbox 1090 854 1220 897; x_wconf 77' lang='lat' dir='ltr'>supet·</span> <span class='ocrx_word' id='word_1_102' title='bbox 1253 855 1364 898; x_wconf 84' lang='lat' dir='ltr'>quas</span> 
     </span>
     <span class='ocr_line' id='line_1_16' title="bbox 64 909 1362 971; baseline 0.005 -19"><span class='ocrx_word' id='word_1_103' title='bbox 64 927 66 930; x_wconf 95' lang='lat'>·</span> <span class='ocrx_word' id='word_1_104' title='bbox 112 909 314 968; x_wconf 65' lang='lat' dir='ltr'>iacebant</span> <span class='ocrx_word' id='word_1_105' title='bbox 337 911 503 965; x_wconf 72' lang='lat' dir='ltr'>pbiake.</span> <span class='ocrx_word' id='word_1_106' title='bbox 519 918 562 954; x_wconf 79' lang='lat' dir='ltr'>et</span> <span class='ocrx_word' id='word_1_107' title='bbox 583 917 760 967; x_wconf 74' lang='lat' dir='ltr'>paterne,</span> <span class='ocrx_word' id='word_1_108' title='bbox 776 918 823 955; x_wconf 73' lang='lat' dir='ltr'>et</span> <span class='ocrx_word' id='word_1_109' title='bbox 847 914 1117 964; x_wconf 73' lang='lat' dir='ltr'>morta-riola,</span> <span class='ocrx_word' id='word_1_110' title='bbox 1133 921 1176 958; x_wconf 88' lang='lat' dir='ltr'>et</span> <span class='ocrx_word' id='word_1_111' title='bbox 1195 920 1362 971; x_wconf 58' lang='lat' dir='ltr'>patenae</span> 
     </span>
     <span class='ocr_line' id='line_1_17' title="bbox 67 983 1363 1044; baseline 0.005 -18"><span class='ocrx_word' id='word_1_112' title='bbox 67 986 71 990; x_wconf 77' lang='grc'>’</span> <span class='ocrx_word' id='word_1_113' title='bbox 112 983 168 1027; x_wconf 85' lang='lat' dir='ltr'>ad</span> <span class='ocrx_word' id='word_1_114' title='bbox 194 983 455 1030; x_wconf 78' lang='lat' dir='ltr'>offerendam</span> <span class='ocrx_word' id='word_1_115' title='bbox 482 985 684 1032; x_wconf 71' lang='lat' dir='ltr'>similam.</span> <span class='ocrx_word' id='word_1_116' title='bbox 717 992 763 1029; x_wconf 82' lang='lat' dir='ltr'>et</span> <span class='ocrx_word' id='word_1_117' title='bbox 798 991 988 1030; x_wconf 71' lang='lat' dir='ltr'>cratffl’es</span> <span class='ocrx_word' id='word_1_118' title='bbox 1029 989 1075 1031; x_wconf 86' lang='lat' dir='ltr'>in</span> <span class='ocrx_word' id='word_1_119' title='bbox 1105 989 1264 1044; x_wconf 81' lang='lat' dir='ltr'>quibus</span> <span class='ocrx_word' id='word_1_120' title='bbox 1299 991 1363 1034; x_wconf 78' lang='lat' dir='ltr'>si·</span> 
     </span>
     <span class='ocr_line' id='line_1_18' title="bbox 58 1054 1361 1118; baseline 0.007 -21"><span class='ocrx_word' id='word_1_121' title='bbox 58 1054 70 1061; x_wconf 85' lang='grc'>”</span> <span class='ocrx_word' id='word_1_122' title='bbox 113 1055 339 1098; x_wconf 70' lang='lat' dir='ltr'>milacem</span> <span class='ocrx_word' id='word_1_123' title='bbox 365 1057 459 1100; x_wconf 83' lang='lat' dir='ltr'>oleo</span> <span class='ocrx_word' id='word_1_124' title='bbox 486 1058 765 1108; x_wconf 75' lang='lat' dir='ltr'>miscebatur,</span> <span class='ocrx_word' id='word_1_125' title='bbox 789 1064 834 1102; x_wconf 76' lang='lat' dir='ltr'>et</span> <span class='ocrx_word' id='word_1_126' title='bbox 857 1071 1104 1114; x_wconf 72' lang='lat' dir='ltr'>assarones,</span> <span class='ocrx_word' id='word_1_127' title='bbox 1129 1061 1173 1104; x_wconf 90' lang='lat' dir='ltr'>in</span> <span class='ocrx_word' id='word_1_128' title='bbox 1194 1061 1361 1118; x_wconf 75' lang='lat' dir='ltr'>quibus</span> 
     </span>
     <span class='ocr_line' id='line_1_19' title="bbox 112 1126 1359 1189; baseline 0.007 -23"><span class='ocrx_word' id='word_1_129' title='bbox 112 1126 318 1170; x_wconf 75' lang='lat' dir='ltr'>iibamiua</span> <span class='ocrx_word' id='word_1_130' title='bbox 359 1129 739 1173; x_wconf 76' lang='lat' dir='ltr'>mensurabantur.</span> <span class='ocrx_word' id='word_1_131' title='bbox 767 1129 1006 1174; x_wconf 80' lang='lat' dir='ltr'>ThurihuIa</span> <span class='ocrx_word' id='word_1_132' title='bbox 1042 1145 1231 1189; x_wconf 83' lang='lat' dir='ltr'>quoque,</span> <span class='ocrx_word' id='word_1_133' title='bbox 1261 1145 1359 1176; x_wconf 86' lang='lat' dir='ltr'>cum</span> 
     </span>
    </p>
   </div>
   <div class='ocr_carea' id='block_1_11' title="bbox 40 1198 1362 1263">
    <p class='ocr_par' dir='ltr' id='par_1_11' title="bbox 40 1198 1362 1263">
     <span class='ocr_line' id='line_1_20' title="bbox 40 1198 1362 1263; baseline 0.007 -22"><span class='ocrx_word' id='word_1_134' title='bbox 40 1198 42 1201; x_wconf 79' lang='grc'><strong>’</strong></span> <span class='ocrx_word' id='word_1_135' title='bbox 110 1200 270 1256; x_wconf 80' lang='lat' dir='ltr'>quibus</span> <span class='ocrx_word' id='word_1_136' title='bbox 289 1200 508 1245; x_wconf 75' lang='lat' dir='ltr'>ferebatur</span> <span class='ocrx_word' id='word_1_137' title='bbox 526 1203 760 1259; x_wconf 82' lang='lat' dir='ltr'>thymiama</span> <span class='ocrx_word' id='word_1_138' title='bbox 784 1210 826 1247; x_wconf 88' lang='lat' dir='ltr'>et</span> <span class='ocrx_word' id='word_1_139' title='bbox 849 1205 930 1247; x_wconf 82' lang='lat' dir='ltr'>alia</span> <span class='ocrx_word' id='word_1_140' title='bbox 951 1205 1187 1257; x_wconf 79' lang='lat' dir='ltr'>thuribula,</span> <span class='ocrx_word' id='word_1_141' title='bbox 1207 1207 1249 1250; x_wconf 89' lang='lat' dir='ltr'>in</span> <span class='ocrx_word' id='word_1_142' title='bbox 1271 1207 1362 1263; x_wconf 86' lang='lat' dir='ltr'>qui-</span> 
     </span>
    </p>
   </div>
   <div class='ocr_carea' id='block_1_12' title="bbox 111 1273 1360 1331">
    <p class='ocr_par' dir='ltr' id='par_1_12' title="bbox 111 1273 1360 1331">
     <span class='ocr_line' id='line_1_21' title="bbox 111 1273 1360 1331; baseline 0.006 -15"><span class='ocrx_word' id='word_1_143' title='bbox 111 1274 194 1317; x_wconf 84' lang='lat' dir='ltr'>bus</span> <span class='ocrx_word' id='word_1_144' title='bbox 222 1273 440 1318; x_wconf 79' lang='lat' dir='ltr'>ferebatur</span> <span class='ocrx_word' id='word_1_145' title='bbox 465 1276 575 1331; x_wconf 84' lang='lat' dir='ltr'>ignis</span> <span class='ocrx_word' id='word_1_146' title='bbox 608 1287 632 1318; x_wconf 87' lang='lat' dir='ltr'>a</span> <span class='ocrx_word' id='word_1_147' title='bbox 659 1277 821 1328; x_wconf 79' lang='lat' dir='ltr'>majore</span> <span class='ocrx_word' id='word_1_148' title='bbox 847 1278 970 1321; x_wconf 81' lang='lat' dir='ltr'>altari</span> <span class='ocrx_word' id='word_1_149' title='bbox 997 1279 1050 1321; x_wconf 87' lang='lat' dir='ltr'>ad</span> <span class='ocrx_word' id='word_1_150' title='bbox 1075 1281 1232 1323; x_wconf 85' lang='lat' dir='ltr'>minus.</span> <span class='ocrx_word' id='word_1_151' title='bbox 1260 1279 1360 1324; x_wconf 71' lang='lat' dir='ltr'>iiaec</span> 
     </span>
    </p>
   </div>
   <div class='ocr_carea' id='block_1_13' title="bbox 110 1345 1374 1402">
    <p class='ocr_par' dir='ltr' id='par_1_13' title="bbox 110 1345 1374 1402">
     <span class='ocr_line' id='line_1_22' title="bbox 110 1345 1374 1402; baseline 0.007 -14"><span class='ocrx_word' id='word_1_152' title='bbox 110 1345 259 1389; x_wconf 82' lang='lat' dir='ltr'>omnia</span> <span class='ocrx_word' id='word_1_153' title='bbox 294 1347 451 1391; x_wconf 83' lang='lat' dir='ltr'>obtulit</span> <span class='ocrx_word' id='word_1_154' title='bbox 475 1347 679 1399; x_wconf 79' lang='lat' dir='ltr'>Salomon</span> <span class='ocrx_word' id='word_1_155' title='bbox 714 1362 860 1402; x_wconf 81' lang='lat' dir='ltr'>aurea,</span> <span class='ocrx_word' id='word_1_156' title='bbox 890 1357 932 1394; x_wconf 82' lang='lat' dir='ltr'>et</span> <span class='ocrx_word' id='word_1_157' title='bbox 962 1353 1044 1395; x_wconf 84' lang='lat' dir='ltr'>alia</span> <span class='ocrx_word' id='word_1_158' title='bbox 1069 1353 1265 1397; x_wconf 83' lang='lat' dir='ltr'>similiter</span> <span class='ocrx_word' id='word_1_159' title='bbox 1291 1367 1374 1396; x_wconf 86' lang='lat' dir='ltr'>ar-·</span> 
     </span>
    </p>
   </div>
   <div class='ocr_carea' id='block_1_14' title="bbox 108 1419 1361 1550">
    <p class='ocr_par' dir='ltr' id='par_1_14' title="bbox 108 1419 1361 1550">
     <span class='ocr_line' id='line_1_23' title="bbox 109 1419 1361 1477; baseline 0.006 -15"><span class='ocrx_word' id='word_1_160' title='bbox 109 1424 282 1473; x_wconf 74' lang='lat' dir='ltr'>genten,</span> <span class='ocrx_word' id='word_1_161' title='bbox 307 1419 383 1463; x_wconf 86' lang='lat' dir='ltr'>sed</span> <span class='ocrx_word' id='word_1_162' title='bbox 414 1421 457 1463; x_wconf 84' lang='lat' dir='ltr'>in</span> <span class='ocrx_word' id='word_1_163' title='bbox 485 1420 683 1477; x_wconf 83' lang='lat' dir='ltr'>duplum.</span> <span class='ocrx_word' id='word_1_164' title='bbox 710 1422 903 1475; x_wconf 80' lang='lat' dir='ltr'>Quorum</span> <span class='ocrx_word' id='word_1_165' title='bbox 933 1437 1178 1475; x_wconf 79' lang='lat' dir='ltr'>numerum,</span> <span class='ocrx_word' id='word_1_166' title='bbox 1206 1439 1361 1471; x_wconf 85' lang='lat' dir='ltr'>secun-</span> 
     </span>
     <span class='ocr_line' id='line_1_24' title="bbox 108 1490 1358 1550; baseline 0.007 -16"><span class='ocrx_word' id='word_1_167' title='bbox 108 1490 213 1534; x_wconf 85' lang='lat' dir='ltr'>dum</span> <span class='ocrx_word' id='word_1_168' title='bbox 235 1490 487 1547; x_wconf 78' lang='lat' dir='ltr'>Josephnm.</span> <span class='ocrx_word' id='word_1_169' title='bbox 511 1505 672 1550; x_wconf 87' lang='lat' dir='ltr'>ponere</span> <span class='ocrx_word' id='word_1_170' title='bbox 705 1495 846 1547; x_wconf 87' lang='lat' dir='ltr'>timui,</span> <span class='ocrx_word' id='word_1_171' title='bbox 879 1509 934 1540; x_wconf 91' lang='lat' dir='ltr'>ne</span> <span class='ocrx_word' id='word_1_172' title='bbox 963 1497 1215 1542; x_wconf 86' lang='lat' dir='ltr'>incredibile</span> <span class='ocrx_word' id='word_1_173' title='bbox 1242 1499 1358 1543; x_wconf 77' lang='lat' dir='ltr'>vide·</span> 
     </span>
    </p>
   </div>
   <div class='ocr_carea' id='block_1_15' title="bbox 43 1566 1359 1625">
    <p class='ocr_par' dir='ltr' id='par_1_15' title="bbox 43 1566 1359 1625">
     <span class='ocr_line' id='line_1_25' title="bbox 43 1566 1359 1625; baseline 0.008 -20"><span class='ocrx_word' id='word_1_174' title='bbox 43 1590 46 1594; x_wconf 89' lang='lat'><em>-</em></span> <span class='ocrx_word' id='word_1_175' title='bbox 111 1570 248 1615; x_wconf 84' lang='lat' dir='ltr'>retur,</span> <span class='ocrx_word' id='word_1_176' title='bbox 272 1566 511 1620; x_wconf 79' lang='lat' dir='ltr'>praesertim</span> <span class='ocrx_word' id='word_1_177' title='bbox 544 1577 642 1609; x_wconf 81' lang='lat' dir='ltr'>cum</span> <span class='ocrx_word' id='word_1_178' title='bbox 666 1567 819 1611; x_wconf 87' lang='lat' dir='ltr'>vitium</span> <span class='ocrx_word' id='word_1_179' title='bbox 843 1569 1104 1625; x_wconf 80' lang='lat' dir='ltr'>scriptorum</span> <span class='ocrx_word' id='word_1_180' title='bbox 1134 1572 1251 1617; x_wconf 78' lang='lat' dir='ltr'>circa</span> <span class='ocrx_word' id='word_1_181' title='bbox 1278 1586 1359 1615; x_wconf 84' lang='lat' dir='ltr'>nu-</span> 
     </span>
    </p>
   </div>
   <div class='ocr_carea' id='block_1_16' title="bbox 38 1632 1132 1806">
    <p class='ocr_par' dir='ltr' id='par_1_16' title="bbox 38 1632 1132 1806">
     <span class='ocr_line' id='line_1_26' title="bbox 38 1632 797 1701; baseline 0.011 -23"><span class='ocrx_word' id='word_1_182' title='bbox 38 1632 43 1636; x_wconf 71' lang='lat'>&#39;</span> <span class='ocrx_word' id='word_1_183' title='bbox 110 1634 508 1701; x_wconf 72' lang='lat' dir='ltr'>meroe-piurimum</span> <span class='ocrx_word' id='word_1_184' title='bbox 535 1641 797 1690; x_wconf 73' lang='lat' dir='ltr'>inveniatur.</span> 
     </span>
     <span class='ocr_line' id='line_1_27' title="bbox 339 1745 1132 1806; baseline 0.008 -17"><span class='ocrx_word' id='word_1_185' title='bbox 339 1745 446 1790; x_wconf 61' lang='lat' dir='ltr'>Car.</span> <span class='ocrx_word' id='word_1_186' title='bbox 470 1746 581 1791; x_wconf 74' lang='lat' dir='ltr'>XXI.</span> <span class='ocrx_word' id='word_1_187' title='bbox 607 1748 666 1791; x_wconf 79' lang='lat' dir='ltr'>De</span> <span class='ocrx_word' id='word_1_188' title='bbox 691 1749 950 1794; x_wconf 74' lang='lat' dir='ltr'><strong><em>dedicatione</em></strong></span> <span class='ocrx_word' id='word_1_189' title='bbox 977 1752 1132 1806; x_wconf 70' lang='lat' dir='ltr'>templi.</span> 
     </span>
    </p>
   </div>
   <div class='ocr_carea' id='block_1_17' title="bbox 106 1852 1356 2198">
    <p class='ocr_par' dir='ltr' id='par_1_17' title="bbox 106 1852 1356 2198">
     <span class='ocr_line' id='line_1_28' title="bbox 165 1852 1356 1913; baseline 0.007 -18"><span class='ocrx_word' id='word_1_190' title='bbox 165 1852 291 1898; x_wconf 72' lang='lat' dir='ltr'>Anno</span> <span class='ocrx_word' id='word_1_191' title='bbox 327 1854 458 1909; x_wconf 81' lang='lat' dir='ltr'>igitur</span> <span class='ocrx_word' id='word_1_192' title='bbox 497 1862 654 1911; x_wconf 85' lang='lat' dir='ltr'>quarto</span> <span class='ocrx_word' id='word_1_193' title='bbox 695 1857 815 1913; x_wconf 83' lang='lat' dir='ltr'>regni</span> <span class='ocrx_word' id='word_1_194' title='bbox 857 1858 1121 1910; x_wconf 84' lang='lat' dir='ltr'>Salomonis,</span> <span class='ocrx_word' id='word_1_195' title='bbox 1165 1860 1356 1905; x_wconf 80' lang='lat' dir='ltr'>secundo</span> 
     </span>
     <span class='ocr_line' id='line_1_29' title="bbox 107 1919 1354 1982; baseline 0.006 -14"><span class='ocrx_word' id='word_1_196' title='bbox 107 1919 273 1981; x_wconf 74' lang='lat' dir='ltr'>mense,</span> <span class='ocrx_word' id='word_1_197' title='bbox 293 1927 472 1971; x_wconf 77' lang='lat' dir='ltr'>fundata</span> <span class='ocrx_word' id='word_1_198' title='bbox 499 1935 563 1975; x_wconf 87' lang='lat' dir='ltr'>est</span> <span class='ocrx_word' id='word_1_199' title='bbox 594 1919 750 1973; x_wconf 80' lang='lat' dir='ltr'>domus</span> <span class='ocrx_word' id='word_1_200' title='bbox 774 1930 961 1982; x_wconf 87' lang='lat' dir='ltr'>Domi-ni,</span> <span class='ocrx_word' id='word_1_201' title='bbox 987 1938 1028 1975; x_wconf 87' lang='lat' dir='ltr'>et</span> <span class='ocrx_word' id='word_1_202' title='bbox 1059 1932 1102 1975; x_wconf 87' lang='lat' dir='ltr'>in</span> <span class='ocrx_word' id='word_1_203' title='bbox 1134 1945 1248 1976; x_wconf 83' lang='lat' dir='ltr'>anno</span> <span class='ocrx_word' id='word_1_204' title='bbox 1272 1935 1354 1977; x_wconf 51' lang='lat' dir='ltr'>unss</span> 
     </span>
     <span class='ocr_line' id='line_1_30' title="bbox 107 1996 1354 2055; baseline 0.006 -15"><span class='ocrx_word' id='word_1_205' title='bbox 107 1996 276 2042; x_wconf 80' lang='lat' dir='ltr'>decimo</span> <span class='ocrx_word' id='word_1_206' title='bbox 314 1999 461 2043; x_wconf 85' lang='lat' dir='ltr'>mense</span> <span class='ocrx_word' id='word_1_207' title='bbox 499 1999 627 2052; x_wconf 77' lang='lat' dir='ltr'>Ebul,</span> <span class='ocrx_word' id='word_1_208' title='bbox 648 2001 691 2045; x_wconf 90' lang='lat' dir='ltr'>id</span> <span class='ocrx_word' id='word_1_209' title='bbox 717 2008 783 2046; x_wconf 90' lang='lat' dir='ltr'>est</span> <span class='ocrx_word' id='word_1_210' title='bbox 805 2002 1019 2055; x_wconf 86' lang='lat' dir='ltr'>Octobris,</span> <span class='ocrx_word' id='word_1_211' title='bbox 1055 2011 1354 2049; x_wconf 74' lang='lat' dir='ltr'>consummata</span> 
     </span>
     <span class='ocr_line' id='line_1_31' title="bbox 106 2061 1349 2128; baseline 0.006 -14"><span class='ocrx_word' id='word_1_212' title='bbox 106 2061 174 2114; x_wconf 76' lang='lat' dir='ltr'>est</span> <span class='ocrx_word' id='word_1_213' title='bbox 199 2071 240 2114; x_wconf 89' lang='lat' dir='ltr'>in</span> <span class='ocrx_word' id='word_1_214' title='bbox 262 2072 380 2116; x_wconf 74' lang='lat' dir='ltr'>onim</span> <span class='ocrx_word' id='word_1_215' title='bbox 403 2084 533 2128; x_wconf 87' lang='lat' dir='ltr'>opere</span> <span class='ocrx_word' id='word_1_216' title='bbox 555 2085 659 2125; x_wconf 76' lang='lat' dir='ltr'>suo..</span> <span class='ocrx_word' id='word_1_217' title='bbox 675 2079 719 2118; x_wconf 88' lang='lat' dir='ltr'>et</span> <span class='ocrx_word' id='word_1_218' title='bbox 751 2075 795 2118; x_wconf 86' lang='lat' dir='ltr'>in</span> <span class='ocrx_word' id='word_1_219' title='bbox 830 2076 1046 2120; x_wconf 83' lang='lat' dir='ltr'>universis</span> <span class='ocrx_word' id='word_1_220' title='bbox 1079 2077 1349 2128; x_wconf 84' lang='lat' dir='ltr'>utensilibus,</span> 
     </span>
     <span class='ocr_line' id='line_1_32' title="bbox 107 2143 1352 2198; baseline 0.005 -12"><span class='ocrx_word' id='word_1_221' title='bbox 107 2155 205 2198; x_wconf 76' lang='lat' dir='ltr'>quae</span> <span class='ocrx_word' id='word_1_222' title='bbox 225 2143 270 2186; x_wconf 86' lang='lat' dir='ltr'>in</span> <span class='ocrx_word' id='word_1_223' title='bbox 292 2144 532 2188; x_wconf 86' lang='lat' dir='ltr'>imminenti</span> <span class='ocrx_word' id='word_1_224' title='bbox 553 2151 678 2190; x_wconf 85' lang='lat' dir='ltr'>erant</span> <span class='ocrx_word' id='word_1_225' title='bbox 703 2148 965 2192; x_wconf 79' lang='lat' dir='ltr'>neeessaiia.</span> <span class='ocrx_word' id='word_1_226' title='bbox 989 2146 1094 2192; x_wconf 83' lang='lat' dir='ltr'>Post</span> <span class='ocrx_word' id='word_1_227' title='bbox 1115 2149 1352 2194; x_wconf 76' lang='lat' dir='ltr'>dedicatio-</span> 
     </span>
    </p>
   </div>
   <div class='ocr_carea' id='block_1_18' title="bbox 106 2217 1406 2288">
    <p class='ocr_par' dir='ltr' id='par_1_18' title="bbox 106 2217 1406 2288">
     <span class='ocr_line' id='line_1_33' title="bbox 106 2217 1406 2288; baseline 0.007 -29"><span class='ocrx_word' id='word_1_228' title='bbox 106 2227 207 2260; x_wconf 85' lang='lat' dir='ltr'>nem</span> <span class='ocrx_word' id='word_1_229' title='bbox 245 2217 360 2260; x_wconf 85' lang='lat' dir='ltr'>enim</span> <span class='ocrx_word' id='word_1_230' title='bbox 402 2219 522 2273; x_wconf 82' lang='lat' dir='ltr'>plura</span> <span class='ocrx_word' id='word_1_231' title='bbox 550 2218 724 2263; x_wconf 72' lang='lat' dir='ltr'>fuerunt</span> <span class='ocrx_word' id='word_1_232' title='bbox 758 2220 964 2264; x_wconf 73' lang='lat' dir='ltr'>fabricata</span> <span class='ocrx_word' id='word_1_233' title='bbox 988 2227 1036 2265; x_wconf 87' lang='lat' dir='ltr'>et</span> <span class='ocrx_word' id='word_1_234' title='bbox 1055 2224 1348 2278; x_wconf 77' lang='lat' dir='ltr'>superaddita.</span> <span class='ocrx_word' id='word_1_235' title='bbox 1374 2242 1406 2288; x_wconf 76' lang='lat' dir='ltr'>C</span> 
     </span>
    </p>
   </div>
   <div class='ocr_carea' id='block_1_19' title="bbox 103 2282 1352 2500">
    <p class='ocr_par' dir='ltr' id='par_1_19' title="bbox 103 2282 1352 2490">
     <span class='ocr_line' id='line_1_34' title="bbox 106 2282 1348 2348; baseline 0.011 -21"><span class='ocrx_word' id='word_1_236' title='bbox 106 2282 160 2327; x_wconf 74' lang='lat' dir='ltr'>Et</span> <span class='ocrx_word' id='word_1_237' title='bbox 185 2286 413 2330; x_wconf 72' lang='lat' dir='ltr'>aedificavit</span> <span class='ocrx_word' id='word_1_238' title='bbox 428 2300 521 2332; x_wconf 85' lang='lat' dir='ltr'>eam</span> <span class='ocrx_word' id='word_1_239' title='bbox 542 2298 704 2344; x_wconf 86' lang='lat' dir='ltr'>septem</span> <span class='ocrx_word' id='word_1_240' title='bbox 724 2292 850 2333; x_wconf 81' lang='lat' dir='ltr'>annis</span> <span class='ocrx_word' id='word_1_241' title='bbox 868 2300 910 2335; x_wconf 83' lang='lat' dir='ltr'>et</span> <span class='ocrx_word' id='word_1_242' title='bbox 932 2298 1094 2348; x_wconf 77' lang='lat' dir='ltr'>septem</span> <span class='ocrx_word' id='word_1_243' title='bbox 1113 2296 1348 2341; x_wconf 84' lang='lat' dir='ltr'>mensilus.</span> 
     </span>
     <span class='ocr_line' id='line_1_35' title="bbox 106 2351 1352 2422; baseline 0.009 -20"><span class='ocrx_word' id='word_1_244' title='bbox 106 2357 160 2402; x_wconf 81' lang='lat' dir='ltr'>Et</span> <span class='ocrx_word' id='word_1_245' title='bbox 181 2362 436 2423; x_wconf 82' lang='lat' dir='ltr'>convocavit</span> <span class='ocrx_word' id='word_1_246' title='bbox 469 2351 710 2406; x_wconf 75' lang='lat' dir='ltr'>Salomon</span> <span class='ocrx_word' id='word_1_247' title='bbox 696 2376 742 2406; x_wconf 85' lang='lat' dir='ltr'>m</span> <span class='ocrx_word' id='word_1_248' title='bbox 776 2376 893 2406; x_wconf 86' lang='lat' dir='ltr'>anno</span> <span class='ocrx_word' id='word_1_249' title='bbox 918 2365 1145 2409; x_wconf 85' lang='lat' dir='ltr'>undecimo</span> <span class='ocrx_word' id='word_1_250' title='bbox 1168 2368 1352 2422; x_wconf 79' lang='lat' dir='ltr'>majores</span> 
     </span>
     <span class='ocr_line' id='line_1_36' title="bbox 103 2431 1351 2500; baseline 0.007 -25"><span class='ocrx_word' id='word_1_251' title='bbox 103 2436 212 2500; x_wconf 76' lang='lat' dir='ltr'>natu</span> <span class='ocrx_word' id='word_1_252' title='bbox 233 2431 381 2489; x_wconf 82' lang='lat' dir='ltr'>lsrael,</span> <span class='ocrx_word' id='word_1_253' title='bbox 399 2439 441 2476; x_wconf 86' lang='lat' dir='ltr'>et</span> <span class='ocrx_word' id='word_1_254' title='bbox 464 2435 685 2490; x_wconf 71' lang='lat' dir='ltr'>plincipes</span> <span class='ocrx_word' id='word_1_255' title='bbox 714 2436 923 2487; x_wconf 64' lang='lat' dir='ltr'>tribuum,</span> <span class='ocrx_word' id='word_1_256' title='bbox 949 2446 991 2481; x_wconf 82' lang='lat' dir='ltr'>et</span> <span class='ocrx_word' id='word_1_257' title='bbox 1014 2438 1148 2483; x_wconf 86' lang='lat' dir='ltr'>duces</span> <span class='ocrx_word' id='word_1_258' title='bbox 1170 2439 1351 2484; x_wconf 77' lang='lat' dir='ltr'>familia-</span> 
     </span>
    </p>
   </div>
   <div class='ocr_carea' id='block_1_20' title="bbox 106 2497 1353 2563">
    <p class='ocr_par' dir='ltr' id='par_1_20' title="bbox 106 2497 1353 2563">
     <span class='ocr_line' id='line_1_37' title="bbox 106 2497 1353 2563; baseline 0.006 -16"><span class='ocrx_word' id='word_1_259' title='bbox 106 2497 202 2548; x_wconf 81' lang='lat' dir='ltr'>rum</span> <span class='ocrx_word' id='word_1_260' title='bbox 229 2504 283 2548; x_wconf 84' lang='lat' dir='ltr'>ad</span> <span class='ocrx_word' id='word_1_261' title='bbox 308 2504 625 2550; x_wconf 75' lang='lat' dir='ltr'>dedicationem</span> <span class='ocrx_word' id='word_1_262' title='bbox 650 2508 815 2563; x_wconf 80' lang='lat' dir='ltr'>tempii,</span> <span class='ocrx_word' id='word_1_263' title='bbox 837 2515 879 2552; x_wconf 88' lang='lat' dir='ltr'>et</span> <span class='ocrx_word' id='word_1_264' title='bbox 910 2509 963 2552; x_wconf 80' lang='lat' dir='ltr'>ad</span> <span class='ocrx_word' id='word_1_265' title='bbox 997 2509 1256 2555; x_wconf 67' lang='lat' dir='ltr'>efferendam</span> <span class='ocrx_word' id='word_1_266' title='bbox 1279 2525 1353 2555; x_wconf 79' lang='lat' dir='ltr'>ar-</span> 
     </span>
    </p>
   </div>
   <div class='ocr_carea' id='block_1_21' title="bbox 83 2567 1376 3283">
    <p class='ocr_par' dir='ltr' id='par_1_21' title="bbox 83 2567 1358 3283">
     <span class='ocr_line' id='line_1_38' title="bbox 107 2567 1350 2638; baseline 0.007 -19"><span class='ocrx_word' id='word_1_267' title='bbox 107 2589 202 2620; x_wconf 86' lang='lat' dir='ltr'>cam</span> <span class='ocrx_word' id='word_1_268' title='bbox 226 2577 272 2638; x_wconf 82' lang='lat' dir='ltr'>in</span> <span class='ocrx_word' id='word_1_269' title='bbox 292 2567 399 2635; x_wconf 84' lang='lat' dir='ltr'>illud</span> <span class='ocrx_word' id='word_1_270' title='bbox 420 2577 520 2635; x_wconf 80' lang='lat'>(111</span> <span class='ocrx_word' id='word_1_271' title='bbox 542 2578 641 2635; x_wconf 71' lang='lat'>1329.</span> <span class='ocrx_word' id='word_1_272' title='bbox 667 2581 781 2637; x_wconf 78' lang='lat' dir='ltr'>viu).</span> <span class='ocrx_word' id='word_1_273' title='bbox 808 2581 861 2622; x_wconf 85' lang='lat' dir='ltr'>Et</span> <span class='ocrx_word' id='word_1_274' title='bbox 881 2589 1178 2626; x_wconf 86' lang='lat' dir='ltr'>convenerunt</span> <span class='ocrx_word' id='word_1_275' title='bbox 1201 2595 1350 2629; x_wconf 81' lang='lat' dir='ltr'>omnes</span> 
     </span>
     <span class='ocr_line' id='line_1_39' title="bbox 105 2630 1358 2718; baseline 0.005 -25"><span class='ocrx_word' id='word_1_276' title='bbox 105 2630 268 2704; x_wconf 78' lang='lat' dir='ltr'>mense</span> <span class='ocrx_word' id='word_1_277' title='bbox 297 2651 499 2707; x_wconf 84' lang='lat' dir='ltr'>septimo,</span> <span class='ocrx_word' id='word_1_278' title='bbox 520 2651 569 2696; x_wconf 84' lang='lat' dir='ltr'>id</span> <span class='ocrx_word' id='word_1_279' title='bbox 602 2659 668 2696; x_wconf 85' lang='lat' dir='ltr'>est</span> <span class='ocrx_word' id='word_1_280' title='bbox 693 2648 875 2711; x_wconf 75' lang='lat' dir='ltr'>septima</span> <span class='ocrx_word' id='word_1_281' title='bbox 904 2654 1138 2706; x_wconf 80' lang='lat' dir='ltr'>lunatione,</span> <span class='ocrx_word' id='word_1_282' title='bbox 1167 2669 1262 2718; x_wconf 73' lang='lat' dir='ltr'>quae</span> <span class='ocrx_word' id='word_1_283' title='bbox 1282 2657 1358 2699; x_wconf 69' lang='grc' dir='ltr'>ιιι--</span> 
     </span>
     <span class='ocr_line' id='line_1_40' title="bbox 91 2719 1349 2782; baseline 0.006 -15"><span class='ocrx_word' id='word_1_284' title='bbox 91 2729 294 2782; x_wconf 69' lang='lat' dir='ltr'>&#39;traverat</span> <span class='ocrx_word' id='word_1_285' title='bbox 319 2722 564 2770; x_wconf 79' lang='lat' dir='ltr'><strong>Octobrem.</strong></span> <span class='ocrx_word' id='word_1_286' title='bbox 587 2726 639 2768; x_wconf 82' lang='lat' dir='ltr'>Et</span> <span class='ocrx_word' id='word_1_287' title='bbox 659 2734 762 2770; x_wconf 82' lang='lat' dir='ltr'>erat</span> <span class='ocrx_word' id='word_1_288' title='bbox 791 2723 884 2772; x_wconf 87' lang='lat' dir='ltr'>dies</span> <span class='ocrx_word' id='word_1_289' title='bbox 913 2719 1134 2780; x_wconf 79' lang='lat' dir='ltr'>solemnis,</span> <span class='ocrx_word' id='word_1_290' title='bbox 1157 2721 1349 2774; x_wconf 71' lang='lat' dir='ltr'>decimus</span> 
     </span>
     <span class='ocr_line' id='line_1_41' title="bbox 90 2787 1347 2854; baseline 0.005 -15"><span class='ocrx_word' id='word_1_291' title='bbox 90 2787 271 2854; x_wconf 9' lang='lat' dir='ltr'>&#39;scilicet&#39;</span> <span class='ocrx_word' id='word_1_292' title='bbox 293 2795 385 2840; x_wconf 89' lang='lat' dir='ltr'>dies</span> <span class='ocrx_word' id='word_1_293' title='bbox 409 2809 496 2852; x_wconf 86' lang='lat' dir='ltr'>quo</span> <span class='ocrx_word' id='word_1_294' title='bbox 528 2796 655 2844; x_wconf 79' lang='lat' dir='ltr'>flebat</span> <span class='ocrx_word' id='word_1_295' title='bbox 685 2798 890 2853; x_wconf 80' lang='lat' dir='ltr'>expiatio.</span> <span class='ocrx_word' id='word_1_296' title='bbox 918 2797 1060 2849; x_wconf 76' lang='lat' dir='ltr'>Potest</span> <span class='ocrx_word' id='word_1_297' title='bbox 1093 2806 1236 2845; x_wconf 85' lang='lat' dir='ltr'>tamen</span> <span class='ocrx_word' id='word_1_298' title='bbox 1264 2802 1347 2845; x_wconf 84' lang='lat' dir='ltr'>dici</span> 
     </span>
     <span class='ocr_line' id='line_1_42' title="bbox 83 2868 1344 2928; baseline 0.008 -22"><span class='ocrx_word' id='word_1_299' title='bbox 83 2868 312 2924; x_wconf 70' lang='lat' dir='ltr'>templum</span> <span class='ocrx_word' id='word_1_300' title='bbox 350 2868 393 2911; x_wconf 86' lang='lat' dir='ltr'>in</span> <span class='ocrx_word' id='word_1_301' title='bbox 419 2868 664 2924; x_wconf 70' lang='lat' dir='ltr'>Septembri</span> <span class='ocrx_word' id='word_1_302' title='bbox 685 2870 945 2922; x_wconf 84' lang='lat' dir='ltr'>dedicatum,</span> <span class='ocrx_word' id='word_1_303' title='bbox 966 2872 1068 2928; x_wconf 82' lang='lat' dir='ltr'>quia</span> <span class='ocrx_word' id='word_1_304' title='bbox 1100 2878 1219 2915; x_wconf 86' lang='lat' dir='ltr'>totus</span> <span class='ocrx_word' id='word_1_305' title='bbox 1255 2872 1344 2916; x_wconf 81' lang='lat' dir='ltr'>ieie</span> 
     </span>
     <span class='ocr_line' id='line_1_43' title="bbox 105 2927 1347 2996; baseline 0.005 -17"><span class='ocrx_word' id='word_1_306' title='bbox 105 2927 324 2988; x_wconf 83' lang='lat' dir='ltr'>sol6innis</span> <span class='ocrx_word' id='word_1_307' title='bbox 333 2944 415 2990; x_wconf 82' lang='lat' dir='ltr'>est,</span> <span class='ocrx_word' id='word_1_308' title='bbox 431 2952 542 2995; x_wconf 78' lang='lat' dir='ltr'>iege</span> <span class='ocrx_word' id='word_1_309' title='bbox 555 2941 837 2992; x_wconf 82' lang='lat' dir='ltr'>acceieran-te,</span> <span class='ocrx_word' id='word_1_310' title='bbox 855 2947 897 2986; x_wconf 83' lang='lat' dir='ltr'>et</span> <span class='ocrx_word' id='word_1_311' title='bbox 923 2947 1018 2996; x_wconf 83' lang='lat' dir='ltr'>post</span> <span class='ocrx_word' id='word_1_312' title='bbox 1037 2942 1347 2985; x_wconf 65' lang='lat' dir='ltr'>dedicationem</span> 
     </span>
     <span class='ocr_line' id='line_1_44' title="bbox 106 3009 1376 3073; baseline 0.002 -21"><span class='ocrx_word' id='word_1_313' title='bbox 106 3009 271 3064; x_wconf 76' lang='lat' dir='ltr'>fecisse</span> <span class='ocrx_word' id='word_1_314' title='bbox 282 3011 425 3067; x_wconf 85' lang='lat' dir='ltr'>aliqua</span> <span class='ocrx_word' id='word_1_315' title='bbox 443 3013 615 3063; x_wconf 76' lang='lat' dir='ltr'>utensili</span> <span class='ocrx_word' id='word_1_316' title='bbox 622 3026 663 3062; x_wconf 72' lang='lat' dir='ltr'>a,</span> <span class='ocrx_word' id='word_1_317' title='bbox 682 3025 777 3073; x_wconf 80' lang='lat' dir='ltr'>quae</span> <span class='ocrx_word' id='word_1_318' title='bbox 801 3013 979 3057; x_wconf 74' lang='lat' dir='ltr'>deerant</span> <span class='ocrx_word' id='word_1_319' title='bbox 1003 3026 1159 3057; x_wconf 88' lang='lat' dir='ltr'>mense</span> <span class='ocrx_word' id='word_1_320' title='bbox 1166 3012 1225 3056; x_wconf 84' lang='lat' dir='ltr'>Oe</span> <span class='ocrx_word' id='word_1_321' title='bbox 1230 3020 1376 3064; x_wconf 80' lang='lat' dir='ltr'>tave,</span> 
     </span>
     <span class='ocr_line' id='line_1_45' title="bbox 105 3083 1350 3142; baseline 0.002 -16"><span class='ocrx_word' id='word_1_322' title='bbox 105 3087 148 3126; x_wconf 86' lang='lat' dir='ltr'>et</span> <span class='ocrx_word' id='word_1_323' title='bbox 173 3083 490 3140; x_wconf 81' lang='lat' dir='ltr'>sic&#39;utrnmque</span> <span class='ocrx_word' id='word_1_324' title='bbox 508 3096 655 3129; x_wconf 80' lang='lat' dir='ltr'>verum</span> <span class='ocrx_word' id='word_1_325' title='bbox 677 3092 761 3140; x_wconf 83' lang='lat' dir='ltr'>est,</span> <span class='ocrx_word' id='word_1_326' title='bbox 778 3086 879 3141; x_wconf 85' lang='lat' dir='ltr'>quia</span> <span class='ocrx_word' id='word_1_327' title='bbox 901 3098 1051 3130; x_wconf 86' lang='lat' dir='ltr'>mense</span> <span class='ocrx_word' id='word_1_328' title='bbox 1072 3085 1232 3129; x_wconf 79' lang='lat' dir='ltr'>Octavo</span> <span class='ocrx_word' id='word_1_329' title='bbox 1257 3098 1350 3142; x_wconf 85' lang='lat' dir='ltr'>per·</span> 
     </span>
     <span class='ocr_line' id='line_1_46' title="bbox 106 3155 1348 3215; baseline 0.004 -18"><span class='ocrx_word' id='word_1_330' title='bbox 106 3155 216 3198; x_wconf 74' lang='lat' dir='ltr'>secta</span> <span class='ocrx_word' id='word_1_331' title='bbox 254 3160 321 3210; x_wconf 82' lang='lat' dir='ltr'>est</span> <span class='ocrx_word' id='word_1_332' title='bbox 359 3157 514 3204; x_wconf 86' lang='lat' dir='ltr'>domus</span> <span class='ocrx_word' id='word_1_333' title='bbox 547 3158 594 3203; x_wconf 75' lang='lat' dir='ltr'>ia</span> <span class='ocrx_word' id='word_1_334' title='bbox 624 3160 742 3203; x_wconf 73' lang='lat' dir='ltr'>ouini</span> <span class='ocrx_word' id='word_1_335' title='bbox 775 3172 919 3215; x_wconf 79' lang='lat' dir='ltr'>opere,</span> <span class='ocrx_word' id='word_1_336' title='bbox 939 3166 980 3203; x_wconf 89' lang='lat' dir='ltr'>et</span> <span class='ocrx_word' id='word_1_337' title='bbox 1004 3161 1276 3210; x_wconf 80' lang='lat' dir='ltr'>utensilibus,</span> <span class='ocrx_word' id='word_1_338' title='bbox 1306 3166 1348 3205; x_wconf 86' lang='lat' dir='ltr'>et</span> 
     </span>
     <span class='ocr_line' id='line_1_47' title="bbox 105 3228 1348 3283; baseline 0.004 -14"><span class='ocrx_word' id='word_1_339' title='bbox 105 3231 251 3277; x_wconf 78' lang='lat' dir='ltr'>tamen</span> <span class='ocrx_word' id='word_1_340' title='bbox 272 3240 421 3272; x_wconf 86' lang='lat' dir='ltr'>mense</span> <span class='ocrx_word' id='word_1_341' title='bbox 445 3228 638 3283; x_wconf 83' lang='lat' dir='ltr'>Septimo</span> <span class='ocrx_word' id='word_1_342' title='bbox 661 3230 860 3273; x_wconf 83' lang='lat' dir='ltr'>dedicata</span> <span class='ocrx_word' id='word_1_343' title='bbox 883 3235 965 3273; x_wconf 79' lang='lat' dir='ltr'>est.</span> <span class='ocrx_word' id='word_1_344' title='bbox 987 3229 1039 3272; x_wconf 82' lang='lat' dir='ltr'>Et</span> <span class='ocrx_word' id='word_1_345' title='bbox 1060 3231 1248 3273; x_wconf 84' lang='lat' dir='ltr'>tulerunt</span> <span class='ocrx_word' id='word_1_346' title='bbox 1277 3243 1348 3274; x_wconf 86' lang='lat' dir='ltr'>sa-</span> 
     </span>
    </p>
   </div>
   <div class='ocr_carea' id='block_1_22' title="bbox 1426 190 2678 3208">
    <p class='ocr_par' dir='ltr' id='par_1_22' title="bbox 1426 190 2678 3208">
     <span class='ocr_line' id='line_1_48' title="bbox 1445 190 2674 253; baseline 0.012 -23"><span class='ocrx_word' id='word_1_347' title='bbox 1445 190 1672 246; x_wconf 79' lang='lat' dir='ltr'>Apostolus</span> <span class='ocrx_word' id='word_1_348' title='bbox 1691 192 1827 238; x_wconf 71' lang='lat' dir='ltr'>fuisse</span> <span class='ocrx_word' id='word_1_349' title='bbox 1847 194 1889 237; x_wconf 91' lang='lat' dir='ltr'>in</span> <span class='ocrx_word' id='word_1_350' title='bbox 1912 208 1961 238; x_wconf 82' lang='lat' dir='ltr'>ea</span> <span class='ocrx_word' id='word_1_351' title='bbox 1981 194 2127 251; x_wconf 79' lang='lat' dir='ltr'>(Hebr.</span> <span class='ocrx_word' id='word_1_352' title='bbox 2149 197 2227 253; x_wconf 79' lang='lat' dir='ltr'>tx).</span> <span class='ocrx_word' id='word_1_353' title='bbox 2247 196 2423 242; x_wconf 82' lang='lat' dir='ltr'>Factum</span> <span class='ocrx_word' id='word_1_354' title='bbox 2445 207 2508 243; x_wconf 84' lang='lat' dir='ltr'>est</span> <span class='ocrx_word' id='word_1_355' title='bbox 2533 209 2674 246; x_wconf 86' lang='lat' dir='ltr'>autem</span> 
     </span>
     <span class='ocr_line' id='line_1_49' title="bbox 1444 263 2672 322; baseline 0.011 -19"><span class='ocrx_word' id='word_1_356' title='bbox 1444 272 1540 303; x_wconf 87' lang='lat' dir='ltr'>cum</span> <span class='ocrx_word' id='word_1_357' title='bbox 1574 263 1768 307; x_wconf 79' lang='lat' dir='ltr'>exissent</span> <span class='ocrx_word' id='word_1_358' title='bbox 1808 264 2054 311; x_wconf 72' lang='lat' dir='ltr'><strong>sacerdotes</strong></span> <span class='ocrx_word' id='word_1_359' title='bbox 2077 266 2129 310; x_wconf 89' lang='lat' dir='ltr'>de</span> <span class='ocrx_word' id='word_1_360' title='bbox 2155 269 2351 322; x_wconf 80' lang='lat' dir='ltr'>oraculo,</span> <span class='ocrx_word' id='word_1_361' title='bbox 2371 276 2413 314; x_wconf 88' lang='lat' dir='ltr'>et</span> <span class='ocrx_word' id='word_1_362' title='bbox 2449 271 2672 317; x_wconf 86' lang='lat' dir='ltr'>dicerent:</span> 
     </span>
     <span class='ocr_line' id='line_1_50' title="bbox 1448 333 2675 398; baseline 0.012 -24"><span class='ocrx_word' id='word_1_363' title='bbox 1448 349 1463 374; x_wconf 84' lang='lat'>‹</span> <span class='ocrx_word' id='word_1_364' title='bbox 1484 333 1758 378; x_wconf 77' lang='lat' dir='ltr'>Confitemini</span> <span class='ocrx_word' id='word_1_365' title='bbox 1778 335 1957 379; x_wconf 87' lang='lat' dir='ltr'>Domino</span> <span class='ocrx_word' id='word_1_366' title='bbox 1980 339 2182 392; x_wconf 83' lang='lat' dir='ltr'>quoniam</span> <span class='ocrx_word' id='word_1_367' title='bbox 2218 340 2372 392; x_wconf 86' lang='lat' dir='ltr'>bonus,</span> <span class='ocrx_word' id='word_1_368' title='bbox 2391 345 2594 398; x_wconf 81' lang='lat' dir='ltr'>quoniam</span> <span class='ocrx_word' id='word_1_369' title='bbox 2631 345 2675 389; x_wconf 92' lang='lat' dir='ltr'>in</span> 
     </span>
     <span class='ocr_line' id='line_1_51' title="bbox 1442 408 2676 471; baseline 0.012 -24"><span class='ocrx_word' id='word_1_370' title='bbox 1442 408 1647 452; x_wconf 84' lang='lat' dir='ltr'>saeculum</span> <span class='ocrx_word' id='word_1_371' title='bbox 1663 409 1954 459; x_wconf 79' lang='lat' dir='ltr'>misericordia</span> <span class='ocrx_word' id='word_1_372' title='bbox 1973 410 2082 466; x_wconf 78' lang='lat' dir='ltr'>ejus*</span> <span class='ocrx_word' id='word_1_373' title='bbox 2101 411 2235 468; x_wconf 79' lang='lat' dir='ltr'>(Psal.</span> <span class='ocrx_word' id='word_1_374' title='bbox 2253 414 2354 471; x_wconf 77' lang='lat' dir='ltr'>civ),</span> <span class='ocrx_word' id='word_1_375' title='bbox 2370 429 2385 456; x_wconf 84' lang='grc' dir='ltr'>ι</span> <span class='ocrx_word' id='word_1_376' title='bbox 2406 439 2453 447; x_wconf 91' lang='lat'><em>-</em></span> <span class='ocrx_word' id='word_1_377' title='bbox 2484 432 2497 457; x_wconf 85' lang='lat'>‹</span> <span class='ocrx_word' id='word_1_378' title='bbox 2521 418 2676 462; x_wconf 86' lang='lat' dir='ltr'>nebula</span> 
     </span>
     <span class='ocr_line' id='line_1_52' title="bbox 1442 478 2678 539; baseline 0.011 -19"><span class='ocrx_word' id='word_1_379' title='bbox 1442 478 1633 533; x_wconf 83' lang='lat' dir='ltr'>implevit</span> <span class='ocrx_word' id='word_1_380' title='bbox 1657 479 1830 523; x_wconf 81' lang='lat' dir='ltr'>domum</span> <span class='ocrx_word' id='word_1_381' title='bbox 1851 480 2036 533; x_wconf 82' lang='lat' dir='ltr'>Domini,</span> <span class='ocrx_word' id='word_1_382' title='bbox 2057 498 2072 524; x_wconf 85' lang='grc' dir='ltr'>ι</span> <span class='ocrx_word' id='word_1_383' title='bbox 2096 496 2183 527; x_wconf 83' lang='grc' dir='ltr'>ιιοιι</span> <span class='ocrx_word' id='word_1_384' title='bbox 2206 487 2447 539; x_wconf 85' lang='lat' dir='ltr'>metuenda,</span> <span class='ocrx_word' id='word_1_385' title='bbox 2475 491 2550 533; x_wconf 81' lang='lat' dir='ltr'>sed</span> <span class='ocrx_word' id='word_1_386' title='bbox 2573 496 2678 534; x_wconf 84' lang='lat' dir='ltr'>tein-</span> 
     </span>
     <span class='ocr_line' id='line_1_53' title="bbox 1442 550 2671 611; baseline 0.009 -19"><span class='ocrx_word' id='word_1_387' title='bbox 1442 558 1588 605; x_wconf 81' lang='lat' dir='ltr'>perata</span> <span class='ocrx_word' id='word_1_388' title='bbox 1606 556 1647 594; x_wconf 84' lang='lat' dir='ltr'>et</span> <span class='ocrx_word' id='word_1_389' title='bbox 1673 550 1856 606; x_wconf 74' lang='lat' dir='ltr'>fulgens,</span> <span class='ocrx_word' id='word_1_390' title='bbox 1878 557 1920 596; x_wconf 89' lang='lat' dir='ltr'>et</span> <span class='ocrx_word' id='word_1_391' title='bbox 1941 552 2213 598; x_wconf 70' lang='lat' dir='ltr'><strong>obrumbavit</strong></span> <span class='ocrx_word' id='word_1_392' title='bbox 2232 555 2360 600; x_wconf 74' lang='lat' dir='ltr'>iacies</span> <span class='ocrx_word' id='word_1_393' title='bbox 2380 561 2671 611; x_wconf 82' lang='lat' dir='ltr'>sacerdotum,</span> 
     </span>
     <span class='ocr_line' id='line_1_54' title="bbox 1442 624 2675 682; baseline 0.007 -17"><span class='ocrx_word' id='word_1_394' title='bbox 1442 625 1500 666; x_wconf 87' lang='lat' dir='ltr'>ita</span> <span class='ocrx_word' id='word_1_395' title='bbox 1534 630 1581 666; x_wconf 89' lang='lat' dir='ltr'>ut</span> <span class='ocrx_word' id='word_1_396' title='bbox 1604 636 1650 666; x_wconf 90' lang='lat' dir='ltr'>se</span> <span class='ocrx_word' id='word_1_397' title='bbox 1683 624 1870 667; x_wconf 49' lang='lat' dir='ltr'>invicem*</span> <span class='ocrx_word' id='word_1_398' title='bbox 1905 624 2052 669; x_wconf 74' lang='lat' dir='ltr'>videre</span> <span class='ocrx_word' id='word_1_399' title='bbox 2089 638 2175 669; x_wconf 84' lang='lat' dir='ltr'>non</span> <span class='ocrx_word' id='word_1_400' title='bbox 2209 634 2401 682; x_wconf 75' lang='lat' dir='ltr'><strong>possent,</strong></span> <span class='ocrx_word' id='word_1_401' title='bbox 2438 642 2518 673; x_wconf 89' lang='lat' dir='ltr'>nec</span> <span class='ocrx_word' id='word_1_402' title='bbox 2545 631 2675 674; x_wconf 88' lang='lat' dir='ltr'>mini-</span> 
     </span>
     <span class='ocr_line' id='line_1_55' title="bbox 1442 695 2674 753; baseline 0.006 -15"><span class='ocrx_word' id='word_1_403' title='bbox 1442 701 1599 739; x_wconf 77' lang='lat' dir='ltr'>strare.</span> <span class='ocrx_word' id='word_1_404' title='bbox 1616 695 1668 738; x_wconf 75' lang='lat' dir='ltr'>Et</span> <span class='ocrx_word' id='word_1_405' title='bbox 1688 696 1749 738; x_wconf 85' lang='lat' dir='ltr'>ait</span> <span class='ocrx_word' id='word_1_406' title='bbox 1766 695 1992 741; x_wconf 88' lang='lat' dir='ltr'>Salomon:</span> <span class='ocrx_word' id='word_1_407' title='bbox 2020 713 2036 739; x_wconf 79' lang='grc' dir='ltr'>ι</span> <span class='ocrx_word' id='word_1_408' title='bbox 2051 698 2164 743; x_wconf 84' lang='lat' dir='ltr'>Dixit</span> <span class='ocrx_word' id='word_1_409' title='bbox 2187 699 2408 753; x_wconf 83' lang='lat' dir='ltr'>Dominus,</span> <span class='ocrx_word' id='word_1_410' title='bbox 2440 709 2486 744; x_wconf 92' lang='lat' dir='ltr'>ut</span> <span class='ocrx_word' id='word_1_411' title='bbox 2508 703 2674 747; x_wconf 81' lang='lat' dir='ltr'>liabita-</span> 
     </span>
     <span class='ocr_line' id='line_1_56' title="bbox 1442 767 2672 826; baseline 0.006 -17"><span class='ocrx_word' id='word_1_412' title='bbox 1442 774 1507 810; x_wconf 83' lang='lat' dir='ltr'>ret</span> <span class='ocrx_word' id='word_1_413' title='bbox 1543 767 1587 810; x_wconf 88' lang='lat' dir='ltr'>in</span> <span class='ocrx_word' id='word_1_414' title='bbox 1626 768 1823 812; x_wconf 75' lang='lat' dir='ltr'>nebula.»</span> <span class='ocrx_word' id='word_1_415' title='bbox 1850 767 2073 824; x_wconf 77' lang='lat' dir='ltr'>Nusquam</span> <span class='ocrx_word' id='word_1_416' title='bbox 2097 770 2252 826; x_wconf 83' lang='lat' dir='ltr'>legitur</span> <span class='ocrx_word' id='word_1_417' title='bbox 2275 770 2482 815; x_wconf 75' lang='lat' dir='ltr'>Dominus</span> <span class='ocrx_word' id='word_1_418' title='bbox 2504 773 2585 816; x_wconf 84' lang='lat' dir='ltr'>lioc</span> <span class='ocrx_word' id='word_1_419' title='bbox 2605 773 2672 816; x_wconf 87' lang='lat' dir='ltr'>di-</span> 
     </span>
     <span class='ocr_line' id='line_1_57' title="bbox 1442 838 2668 898; baseline 0.003 -16"><span class='ocrx_word' id='word_1_420' title='bbox 1442 839 1575 884; x_wconf 81' lang='lat' dir='ltr'>xisse.</span> <span class='ocrx_word' id='word_1_421' title='bbox 1595 838 1679 883; x_wconf 82' lang='lat' dir='ltr'>Sed</span> <span class='ocrx_word' id='word_1_422' title='bbox 1702 841 1803 895; x_wconf 87' lang='lat' dir='ltr'>quia</span> <span class='ocrx_word' id='word_1_423' title='bbox 1830 842 1872 883; x_wconf 90' lang='lat' dir='ltr'>in</span> <span class='ocrx_word' id='word_1_424' title='bbox 1898 847 2042 885; x_wconf 85' lang='lat' dir='ltr'>monte</span> <span class='ocrx_word' id='word_1_425' title='bbox 2068 841 2171 885; x_wconf 88' lang='lat' dir='ltr'>Sina</span> <span class='ocrx_word' id='word_1_426' title='bbox 2195 844 2391 898; x_wconf 84' lang='lat' dir='ltr'>apparuit</span> <span class='ocrx_word' id='word_1_427' title='bbox 2420 844 2462 886; x_wconf 83' lang='lat' dir='ltr'>in</span> <span class='ocrx_word' id='word_1_428' title='bbox 2498 845 2668 896; x_wconf 82' lang='lat' dir='ltr'>nebula,</span> 
     </span>
     <span class='ocr_line' id='line_1_58' title="bbox 1436 911 2670 970; baseline 0.003 -15"><span class='ocrx_word' id='word_1_429' title='bbox 1436 918 1484 955; x_wconf 75' lang='lat' dir='ltr'>et</span> <span class='ocrx_word' id='word_1_430' title='bbox 1510 912 1729 965; x_wconf 68' lang='lat' dir='ltr'>praeecssit</span> <span class='ocrx_word' id='word_1_431' title='bbox 1743 911 1875 956; x_wconf 81' lang='lat' dir='ltr'>lsrael</span> <span class='ocrx_word' id='word_1_432' title='bbox 1900 912 1942 954; x_wconf 89' lang='lat' dir='ltr'>in</span> <span class='ocrx_word' id='word_1_433' title='bbox 1962 913 2145 968; x_wconf 74' lang='lat' dir='ltr'>nube,et</span> <span class='ocrx_word' id='word_1_434' title='bbox 2171 920 2270 958; x_wconf 86' lang='lat' dir='ltr'>ante</span> <span class='ocrx_word' id='word_1_435' title='bbox 2290 914 2461 970; x_wconf 81' lang='lat' dir='ltr'>Moysen</span> <span class='ocrx_word' id='word_1_436' title='bbox 2484 917 2670 970; x_wconf 84' lang='lat' dir='ltr'>positum</span> 
     </span>
     <span class='ocr_line' id='line_1_59' title="bbox 1441 984 2670 1039; baseline 0.003 -13"><span class='ocrx_word' id='word_1_437' title='bbox 1441 984 1486 1027; x_wconf 79' lang='lat' dir='ltr'>in</span> <span class='ocrx_word' id='word_1_438' title='bbox 1508 995 1692 1028; x_wconf 76' lang='lat' dir='ltr'>caverna</span> <span class='ocrx_word' id='word_1_439' title='bbox 1713 990 1845 1039; x_wconf 86' lang='lat' dir='ltr'>petrae</span> <span class='ocrx_word' id='word_1_440' title='bbox 1869 985 2068 1029; x_wconf 77' lang='lat' dir='ltr'>transivit</span> <span class='ocrx_word' id='word_1_441' title='bbox 2091 986 2136 1029; x_wconf 89' lang='lat' dir='ltr'>in</span> <span class='ocrx_word' id='word_1_442' title='bbox 2157 986 2327 1039; x_wconf 89' lang='lat' dir='ltr'>nebula,</span> <span class='ocrx_word' id='word_1_443' title='bbox 2350 987 2444 1031; x_wconf 87' lang='lat' dir='ltr'>ideo</span> <span class='ocrx_word' id='word_1_444' title='bbox 2469 986 2670 1031; x_wconf 76' lang='lat' dir='ltr'>Salomon</span> 
     </span>
     <span class='ocr_line' id='line_1_60' title="bbox 1441 1055 2670 1113; baseline 0.003 -13"><span class='ocrx_word' id='word_1_445' title='bbox 1441 1058 1586 1113; x_wconf 78' lang='lat' dir='ltr'>posuit</span> <span class='ocrx_word' id='word_1_446' title='bbox 1610 1057 1771 1100; x_wconf 83' lang='lat' dir='ltr'>dictum</span> <span class='ocrx_word' id='word_1_447' title='bbox 1796 1069 1872 1112; x_wconf 87' lang='lat' dir='ltr'>pro</span> <span class='ocrx_word' id='word_1_448' title='bbox 1889 1068 2034 1111; x_wconf 85' lang='lat' dir='ltr'>opere.</span> <span class='ocrx_word' id='word_1_449' title='bbox 2054 1055 2106 1100; x_wconf 85' lang='lat' dir='ltr'>Et</span> <span class='ocrx_word' id='word_1_450' title='bbox 2127 1063 2192 1102; x_wconf 87' lang='lat' dir='ltr'>est</span> <span class='ocrx_word' id='word_1_451' title='bbox 2220 1071 2398 1103; x_wconf 89' lang='lat' dir='ltr'>sensus:</span> <span class='ocrx_word' id='word_1_452' title='bbox 2427 1075 2440 1100; x_wconf 88' lang='lat'><strong>‹</strong></span> <span class='ocrx_word' id='word_1_453' title='bbox 2465 1059 2576 1103; x_wconf 74' lang='lat' dir='ltr'>Dixit</span> <span class='ocrx_word' id='word_1_454' title='bbox 2594 1059 2670 1105; x_wconf 89' lang='lat' dir='ltr'>Do-</span> 
     </span>
     <span class='ocr_line' id='line_1_61' title="bbox 1441 1129 2671 1187; baseline 0.007 -14"><span class='ocrx_word' id='word_1_455' title='bbox 1441 1131 1627 1180; x_wconf 51' lang='lat' dir='ltr'>minusst</span> <span class='ocrx_word' id='word_1_456' title='bbox 1655 1129 1697 1173; x_wconf 83' lang='lat' dir='ltr'>id</span> <span class='ocrx_word' id='word_1_457' title='bbox 1718 1136 1783 1175; x_wconf 88' lang='lat' dir='ltr'>est</span> <span class='ocrx_word' id='word_1_458' title='bbox 1808 1142 1937 1187; x_wconf 86' lang='lat' dir='ltr'>opere</span> <span class='ocrx_word' id='word_1_459' title='bbox 1957 1131 2229 1178; x_wconf 83' lang='lat' dir='ltr'>monstravit.</span> <span class='ocrx_word' id='word_1_460' title='bbox 2255 1130 2394 1178; x_wconf 86' lang='lat' dir='ltr'>Subiit</span> <span class='ocrx_word' id='word_1_461' title='bbox 2416 1140 2556 1180; x_wconf 86' lang='lat' dir='ltr'>autem</span> <span class='ocrx_word' id='word_1_462' title='bbox 2575 1148 2671 1181; x_wconf 83' lang='lat' dir='ltr'>om-</span> 
     </span>
     <span class='ocr_line' id='line_1_62' title="bbox 1444 1200 2673 1258; baseline 0.007 -15"><span class='ocrx_word' id='word_1_463' title='bbox 1444 1213 1523 1244; x_wconf 87' lang='lat' dir='ltr'>nes.</span> <span class='ocrx_word' id='word_1_464' title='bbox 1559 1200 1751 1255; x_wconf 83' lang='lat' dir='ltr'>quaedam</span> <span class='ocrx_word' id='word_1_465' title='bbox 1788 1201 1935 1256; x_wconf 83' lang='lat' dir='ltr'>opinio</span> <span class='ocrx_word' id='word_1_466' title='bbox 1964 1203 2248 1258; x_wconf 78' lang='lat' dir='ltr'>phantastica,</span> <span class='ocrx_word' id='word_1_467' title='bbox 2275 1205 2500 1250; x_wconf 89' lang='lat' dir='ltr'>Dominum</span> <span class='ocrx_word' id='word_1_468' title='bbox 2524 1208 2673 1252; x_wconf 84' lang='lat' dir='ltr'>locali-</span> 
     </span>
     <span class='ocr_line' id='line_1_63' title="bbox 1442 1273 2670 1333; baseline 0.007 -16"><span class='ocrx_word' id='word_1_469' title='bbox 1442 1281 1508 1317; x_wconf 89' lang='lat' dir='ltr'>ter</span> <span class='ocrx_word' id='word_1_470' title='bbox 1529 1273 1804 1319; x_wconf 80' lang='lat' dir='ltr'>descendisse</span> <span class='ocrx_word' id='word_1_471' title='bbox 1828 1274 1871 1317; x_wconf 92' lang='lat' dir='ltr'>in</span> <span class='ocrx_word' id='word_1_472' title='bbox 1894 1276 2116 1331; x_wconf 88' lang='lat' dir='ltr'>templum,</span> <span class='ocrx_word' id='word_1_473' title='bbox 2137 1290 2263 1333; x_wconf 89' lang='lat' dir='ltr'>quam</span> <span class='ocrx_word' id='word_1_474' title='bbox 2287 1280 2444 1322; x_wconf 84' lang='lat' dir='ltr'>amovit</span> <span class='ocrx_word' id='word_1_475' title='bbox 2469 1279 2670 1325; x_wconf 83' lang='lat' dir='ltr'>Salomon</span> 
     </span>
     <span class='ocr_line' id='line_1_64' title="bbox 1440 1345 2670 1404; baseline 0.007 -15"><span class='ocrx_word' id='word_1_476' title='bbox 1440 1345 1858 1399; x_wconf 81' lang='lat' dir='ltr'>dicens:Novimus,</span> <span class='ocrx_word' id='word_1_477' title='bbox 1883 1347 2076 1401; x_wconf 82' lang='lat' dir='ltr'>Domine,</span> <span class='ocrx_word' id='word_1_478' title='bbox 2099 1351 2198 1404; x_wconf 87' lang='lat' dir='ltr'>quia</span> <span class='ocrx_word' id='word_1_479' title='bbox 2233 1349 2450 1395; x_wconf 80' lang='lat' dir='ltr'>fabricasti</span> <span class='ocrx_word' id='word_1_480' title='bbox 2482 1353 2560 1396; x_wconf 86' lang='lat' dir='ltr'>tibi</span> <span class='ocrx_word' id='word_1_481' title='bbox 2590 1354 2670 1397; x_wconf 90' lang='lat' dir='ltr'>do-</span> 
     </span>
     <span class='ocr_line' id='line_1_65' title="bbox 1441 1422 2672 1475; baseline 0.006 -13"><span class='ocrx_word' id='word_1_482' title='bbox 1441 1432 1566 1462; x_wconf 67' lang='lat' dir='ltr'>mumv</span> <span class='ocrx_word' id='word_1_483' title='bbox 1583 1426 1845 1475; x_wconf 83' lang='lat' dir='ltr'>perpetuam,</span> <span class='ocrx_word' id='word_1_484' title='bbox 1867 1422 2040 1473; x_wconf 84' lang='lat' dir='ltr'>coelum,</span> <span class='ocrx_word' id='word_1_485' title='bbox 2068 1426 2224 1465; x_wconf 85' lang='lat' dir='ltr'>terram</span> <span class='ocrx_word' id='word_1_486' title='bbox 2250 1423 2377 1466; x_wconf 89' lang='lat' dir='ltr'>simul</span> <span class='ocrx_word' id='word_1_487' title='bbox 2409 1432 2450 1467; x_wconf 90' lang='lat' dir='ltr'>et</span> <span class='ocrx_word' id='word_1_488' title='bbox 2471 1437 2603 1470; x_wconf 87' lang='lat' dir='ltr'>mare.</span> <span class='ocrx_word' id='word_1_489' title='bbox 2622 1427 2672 1469; x_wconf 87' lang='lat' dir='ltr'>Et</span> 
     </span>
     <span class='ocr_line' id='line_1_66' title="bbox 1439 1491 2669 1549; baseline 0.004 -14"><span class='ocrx_word' id='word_1_490' title='bbox 1439 1491 1552 1536; x_wconf 81' lang='lat' dir='ltr'>flexo</span> <span class='ocrx_word' id='word_1_491' title='bbox 1576 1500 1756 1548; x_wconf 84' lang='lat' dir='ltr'>utroque</span> <span class='ocrx_word' id='word_1_492' title='bbox 1790 1506 1899 1549; x_wconf 81' lang='lat' dir='ltr'>genu</span> <span class='ocrx_word' id='word_1_493' title='bbox 1931 1493 1973 1535; x_wconf 89' lang='lat' dir='ltr'>in</span> <span class='ocrx_word' id='word_1_494' title='bbox 1999 1499 2113 1536; x_wconf 84' lang='lat' dir='ltr'>terra</span> <span class='ocrx_word' id='word_1_495' title='bbox 2137 1506 2285 1536; x_wconf 78' lang='lat' dir='ltr'>eoram</span> <span class='ocrx_word' id='word_1_496' title='bbox 2322 1495 2437 1538; x_wconf 86' lang='lat' dir='ltr'>omni</span> <span class='ocrx_word' id='word_1_497' title='bbox 2462 1495 2669 1547; x_wconf 75' lang='lat' dir='ltr'>Ecclesia.</span> 
     </span>
     <span class='ocr_line' id='line_1_67' title="bbox 1439 1559 2670 1624; baseline 0.003 -16"><span class='ocrx_word' id='word_1_498' title='bbox 1439 1571 1667 1620; x_wconf 86' lang='lat' dir='ltr'>utramque</span> <span class='ocrx_word' id='word_1_499' title='bbox 1697 1577 1872 1608; x_wconf 84' lang='lat' dir='ltr'>manum</span> <span class='ocrx_word' id='word_1_500' title='bbox 1904 1559 2059 1610; x_wconf 62' lang='lat' dir='ltr'>levarit</span> <span class='ocrx_word' id='word_1_501' title='bbox 2083 1564 2136 1608; x_wconf 88' lang='lat' dir='ltr'>ad</span> <span class='ocrx_word' id='word_1_502' title='bbox 2159 1565 2388 1610; x_wconf 89' lang='lat' dir='ltr'>Dominum</span> <span class='ocrx_word' id='word_1_503' title='bbox 2424 1570 2670 1624; x_wconf 72' lang='lat' dir='ltr'>supplicans</span> 
     </span>
     <span class='ocr_line' id='line_1_68' title="bbox 1440 1637 2671 1694; baseline 0.002 -13"><span class='ocrx_word' id='word_1_504' title='bbox 1440 1651 1518 1694; x_wconf 78' lang='lat' dir='ltr'>pro</span> <span class='ocrx_word' id='word_1_505' title='bbox 1539 1639 1745 1693; x_wconf 76' lang='lat' dir='ltr'>peccatis,</span> <span class='ocrx_word' id='word_1_506' title='bbox 1767 1639 1830 1682; x_wconf 86' lang='lat' dir='ltr'>vel</span> <span class='ocrx_word' id='word_1_507' title='bbox 1857 1637 2019 1693; x_wconf 80' lang='lat' dir='ltr'>gratias</span> <span class='ocrx_word' id='word_1_508' title='bbox 2051 1649 2182 1692; x_wconf 82' lang='lat' dir='ltr'>agens</span> <span class='ocrx_word' id='word_1_509' title='bbox 2205 1638 2257 1681; x_wconf 87' lang='lat' dir='ltr'>dc</span> <span class='ocrx_word' id='word_1_510' title='bbox 2282 1640 2566 1694; x_wconf 81' lang='lat' dir='ltr'>promissione</span> <span class='ocrx_word' id='word_1_511' title='bbox 2589 1642 2671 1684; x_wconf 91' lang='lat' dir='ltr'>Do-</span> 
     </span>
     <span class='ocr_line' id='line_1_69' title="bbox 1439 1712 2668 1770; baseline 0.002 -14"><span class='ocrx_word' id='word_1_512' title='bbox 1439 1713 1544 1756; x_wconf 83' lang='lat' dir='ltr'>mini</span> <span class='ocrx_word' id='word_1_513' title='bbox 1583 1714 1772 1768; x_wconf 80' lang='lat' dir='ltr'>impleta,</span> <span class='ocrx_word' id='word_1_514' title='bbox 1796 1712 1868 1770; x_wconf 87' lang='lat' dir='ltr'>qui</span> <span class='ocrx_word' id='word_1_515' title='bbox 1906 1713 2164 1768; x_wconf 72' lang='lat' dir='ltr'>promiserat</span> <span class='ocrx_word' id='word_1_516' title='bbox 2200 1712 2332 1757; x_wconf 78' lang='lat' dir='ltr'>David</span> <span class='ocrx_word' id='word_1_517' title='bbox 2375 1713 2549 1757; x_wconf 82' lang='lat' dir='ltr'>domum</span> <span class='ocrx_word' id='word_1_518' title='bbox 2587 1716 2668 1760; x_wconf 85' lang='lat' dir='ltr'>sibi</span> 
     </span>
     <span class='ocr_line' id='line_1_70' title="bbox 1434 1784 2672 1845; baseline 0.003 -16"><span class='ocrx_word' id='word_1_519' title='bbox 1434 1784 1731 1829; x_wconf 71' lang='lat' dir='ltr'>aedificandam</span> <span class='ocrx_word' id='word_1_520' title='bbox 1755 1798 1830 1842; x_wconf 88' lang='lat' dir='ltr'>per</span> <span class='ocrx_word' id='word_1_521' title='bbox 1854 1797 2025 1840; x_wconf 79' lang='lat' dir='ltr'>manum</span> <span class='ocrx_word' id='word_1_522' title='bbox 2047 1784 2121 1827; x_wconf 78' lang='lat' dir='ltr'>tilii</span> <span class='ocrx_word' id='word_1_523' title='bbox 2139 1784 2248 1840; x_wconf 73' lang='lat' dir='ltr'>ejus.</span> <span class='ocrx_word' id='word_1_524' title='bbox 2272 1784 2418 1829; x_wconf 81' lang='lat' dir='ltr'>Oravit</span> <span class='ocrx_word' id='word_1_525' title='bbox 2436 1800 2605 1845; x_wconf 80' lang='lat' dir='ltr'>quoque</span> <span class='ocrx_word' id='word_1_526' title='bbox 2623 1795 2672 1833; x_wconf 76' lang='lat' dir='ltr'>ut</span> 
     </span>
     <span class='ocr_line' id='line_1_71' title="bbox 1438 1856 2670 1914; baseline 0.002 -14"><span class='ocrx_word' id='word_1_527' title='bbox 1438 1861 1684 1914; x_wconf 84' lang='lat' dir='ltr'>quicunque</span> <span class='ocrx_word' id='word_1_528' title='bbox 1703 1857 1724 1900; x_wconf 83' lang='lat' dir='ltr'>J</span> <span class='ocrx_word' id='word_1_529' title='bbox 1731 1857 1892 1909; x_wconf 86' lang='lat' dir='ltr'>udaeus,</span> <span class='ocrx_word' id='word_1_530' title='bbox 1912 1857 1978 1899; x_wconf 78' lang='lat' dir='ltr'>vel</span> <span class='ocrx_word' id='word_1_531' title='bbox 2003 1856 2191 1912; x_wconf 80' lang='lat' dir='ltr'>gentilis,</span> <span class='ocrx_word' id='word_1_532' title='bbox 2209 1858 2462 1902; x_wconf 82' lang='lat' dir='ltr'>ascenderet</span> <span class='ocrx_word' id='word_1_533' title='bbox 2485 1859 2538 1902; x_wconf 88' lang='lat' dir='ltr'>ad</span> <span class='ocrx_word' id='word_1_534' title='bbox 2558 1859 2670 1904; x_wconf 85' lang='lat' dir='ltr'>hanc</span> 
     </span>
     <span class='ocr_line' id='line_1_72' title="bbox 1436 1929 2670 1985; baseline 0.003 -13"><span class='ocrx_word' id='word_1_535' title='bbox 1436 1929 1629 1980; x_wconf 79' lang='lat' dir='ltr'>domum,</span> <span class='ocrx_word' id='word_1_536' title='bbox 1664 1930 1913 1985; x_wconf 74' lang='lat' dir='ltr'>supplicans</span> <span class='ocrx_word' id='word_1_537' title='bbox 1944 1940 2024 1983; x_wconf 87' lang='lat' dir='ltr'>pro</span> <span class='ocrx_word' id='word_1_538' title='bbox 2060 1929 2267 1984; x_wconf 87' lang='lat' dir='ltr'>peccatis,</span> <span class='ocrx_word' id='word_1_539' title='bbox 2287 1931 2354 1975; x_wconf 73' lang='lat' dir='ltr'>vel</span> <span class='ocrx_word' id='word_1_540' title='bbox 2389 1932 2580 1976; x_wconf 86' lang='lat' dir='ltr'>clamans</span> <span class='ocrx_word' id='word_1_541' title='bbox 2615 1933 2670 1976; x_wconf 88' lang='lat' dir='ltr'>ad</span> 
     </span>
     <span class='ocr_line' id='line_1_73' title="bbox 1436 2001 2670 2056; baseline 0.002 -13"><span class='ocrx_word' id='word_1_542' title='bbox 1436 2001 1664 2047; x_wconf 85' lang='lat' dir='ltr'>Dominum</span> <span class='ocrx_word' id='word_1_543' title='bbox 1708 2013 1786 2056; x_wconf 87' lang='lat' dir='ltr'>pro</span> <span class='ocrx_word' id='word_1_544' title='bbox 1827 2001 1971 2056; x_wconf 77' lang='lat' dir='ltr'>aliq-ua</span> <span class='ocrx_word' id='word_1_545' title='bbox 2012 2001 2305 2054; x_wconf 84' lang='lat' dir='ltr'>tribuiatione‚</span> <span class='ocrx_word' id='word_1_546' title='bbox 2321 2010 2323 2012; x_wconf 83' lang='grc'><em>“</em></span> <span class='ocrx_word' id='word_1_547' title='bbox 2338 2002 2615 2046; x_wconf 79' lang='lat' dir='ltr'>exaudiretur</span> <span class='ocrx_word' id='word_1_548' title='bbox 2645 2016 2670 2046; x_wconf 88' lang='lat' dir='ltr'>a</span> 
     </span>
     <span class='ocr_line' id='line_1_74' title="bbox 1435 2073 2670 2133; baseline 0.002 -16"><span class='ocrx_word' id='word_1_549' title='bbox 1435 2073 1618 2118; x_wconf 82' lang='lat' dir='ltr'>Domino</span> <span class='ocrx_word' id='word_1_550' title='bbox 1642 2075 1686 2117; x_wconf 91' lang='lat' dir='ltr'>in</span> <span class='ocrx_word' id='word_1_551' title='bbox 1708 2075 1775 2118; x_wconf 89' lang='lat' dir='ltr'>bis</span> <span class='ocrx_word' id='word_1_552' title='bbox 1796 2088 1890 2131; x_wconf 78' lang='lat' dir='ltr'>quae</span> <span class='ocrx_word' id='word_1_553' title='bbox 1914 2077 2029 2132; x_wconf 69' lang='lat' dir='ltr'>iuste</span> <span class='ocrx_word' id='word_1_554' title='bbox 2047 2077 2299 2132; x_wconf 76' lang='lat' dir='ltr'>postularet.</span> <span class='ocrx_word' id='word_1_555' title='bbox 2326 2075 2379 2118; x_wconf 83' lang='lat' dir='ltr'>Et</span> <span class='ocrx_word' id='word_1_556' title='bbox 2411 2087 2591 2133; x_wconf 79' lang='lat' dir='ltr'>surgens</span> <span class='ocrx_word' id='word_1_557' title='bbox 2613 2076 2670 2121; x_wconf 91' lang='lat' dir='ltr'>ab</span> 
     </span>
     <span class='ocr_line' id='line_1_75' title="bbox 1434 2147 2669 2206; baseline 0.001 -15"><span class='ocrx_word' id='word_1_558' title='bbox 1434 2147 1647 2199; x_wconf 84' lang='lat' dir='ltr'>oratione,</span> <span class='ocrx_word' id='word_1_559' title='bbox 1672 2149 2036 2203; x_wconf 76' lang='lat' dir='ltr'>stansbenedixit</span> <span class='ocrx_word' id='word_1_560' title='bbox 2059 2150 2262 2192; x_wconf 88' lang='lat' dir='ltr'>universo</span> <span class='ocrx_word' id='word_1_561' title='bbox 2288 2148 2461 2206; x_wconf 84' lang='lat' dir='ltr'>populo,</span> <span class='ocrx_word' id='word_1_562' title='bbox 2484 2154 2526 2193; x_wconf 88' lang='lat' dir='ltr'>et</span> <span class='ocrx_word' id='word_1_563' title='bbox 2548 2149 2669 2192; x_wconf 87' lang='lat' dir='ltr'>dedi-</span> 
     </span>
     <span class='ocr_line' id='line_1_76' title="bbox 1434 2209 2665 2277; baseline 0.001 -13"><span class='ocrx_word' id='word_1_564' title='bbox 1434 2227 1578 2264; x_wconf 87' lang='lat' dir='ltr'>catum</span> <span class='ocrx_word' id='word_1_565' title='bbox 1612 2227 1678 2265; x_wconf 84' lang='lat' dir='ltr'>est</span> <span class='ocrx_word' id='word_1_566' title='bbox 1714 2222 1922 2277; x_wconf 85' lang='lat' dir='ltr'>templum</span> <span class='ocrx_word' id='word_1_567' title='bbox 1949 2209 2048 2266; x_wconf 80' lang='lat' dir='ltr'>eum</span> <span class='ocrx_word' id='word_1_568' title='bbox 2072 2221 2331 2266; x_wconf 87' lang='lat' dir='ltr'>utensilibus</span> <span class='ocrx_word' id='word_1_569' title='bbox 2361 2222 2454 2265; x_wconf 88' lang='lat' dir='ltr'>suis</span> <span class='ocrx_word' id='word_1_570' title='bbox 2485 2219 2555 2265; x_wconf 84' lang='lat' dir='ltr'>die</span> <span class='ocrx_word' id='word_1_571' title='bbox 2576 2221 2665 2265; x_wconf 85' lang='lat' dir='ltr'>illa.</span> 
     </span>
     <span class='ocr_line' id='line_1_77' title="bbox 1433 2290 2666 2350; baseline 0 -15"><span class='ocrx_word' id='word_1_572' title='bbox 1433 2292 1486 2335; x_wconf 82' lang='lat' dir='ltr'>Et-</span> <span class='ocrx_word' id='word_1_573' title='bbox 1506 2293 1710 2349; x_wconf 84' lang='lat' dir='ltr'>deinceps</span> <span class='ocrx_word' id='word_1_574' title='bbox 1741 2294 1789 2337; x_wconf 82' lang='lat' dir='ltr'>in</span> <span class='ocrx_word' id='word_1_575' title='bbox 1811 2294 1979 2342; x_wconf 81' lang='lat' dir='ltr'>eadem.</span> <span class='ocrx_word' id='word_1_576' title='bbox 1997 2293 2068 2338; x_wconf 88' lang='lat' dir='ltr'>die</span> <span class='ocrx_word' id='word_1_577' title='bbox 2102 2300 2301 2350; x_wconf 81' lang='lat' dir='ltr'>quartum</span> <span class='ocrx_word' id='word_1_578' title='bbox 2334 2291 2460 2336; x_wconf 82' lang='lat' dir='ltr'>fiebat</span> <span class='ocrx_word' id='word_1_579' title='bbox 2489 2290 2666 2343; x_wconf 79' lang='lat' dir='ltr'>festum,</span> 
     </span>
     <span class='ocr_line' id='line_1_78' title="bbox 1432 2351 2667 2410; baseline -0.001 -3"><span class='ocrx_word' id='word_1_580' title='bbox 1432 2365 1609 2409; x_wconf 33' lang='lat' dir='ltr'>scilieet.</span> <span class='ocrx_word' id='word_1_581' title='bbox 1639 2351 1811 2409; x_wconf 57' lang='lat' dir='ltr'>festums</span> <span class='ocrx_word' id='word_1_582' title='bbox 1836 2364 2139 2410; x_wconf 80' lang='lat' dir='ltr'>dedicationis.</span> <span class='ocrx_word' id='word_1_583' title='bbox 2173 2364 2224 2408; x_wconf 87' lang='lat' dir='ltr'>In</span> <span class='ocrx_word' id='word_1_584' title='bbox 2257 2365 2407 2408; x_wconf 87' lang='lat' dir='ltr'>eadem</span> <span class='ocrx_word' id='word_1_585' title='bbox 2447 2363 2562 2408; x_wconf 92' lang='lat' dir='ltr'>enim</span> <span class='ocrx_word' id='word_1_586' title='bbox 2598 2363 2667 2406; x_wconf 87' lang='lat' dir='ltr'>die</span> 
     </span>
     <span class='ocr_line' id='line_1_79' title="bbox 1429 2434 2659 2495; baseline -0.003 -13"><span class='ocrx_word' id='word_1_587' title='bbox 1429 2444 1554 2482; x_wconf 85' lang='lat' dir='ltr'>erant</span> <span class='ocrx_word' id='word_1_588' title='bbox 1580 2437 1665 2481; x_wconf 87' lang='lat' dir='ltr'>tria</span> <span class='ocrx_word' id='word_1_589' title='bbox 1693 2438 1777 2480; x_wconf 88' lang='lat' dir='ltr'>alia</span> <span class='ocrx_word' id='word_1_590' title='bbox 1806 2437 1942 2487; x_wconf 77' lang='lat' dir='ltr'>testa..</span> <span class='ocrx_word' id='word_1_591' title='bbox 1960 2437 2118 2495; x_wconf 75' lang='lat' dir='ltr'>festum</span> <span class='ocrx_word' id='word_1_592' title='bbox 2142 2437 2307 2481; x_wconf 83' lang='lat' dir='ltr'>seilicet</span> <span class='ocrx_word' id='word_1_593' title='bbox 2325 2434 2659 2492; x_wconf 78' lang='lat' dir='ltr'>propitiationis,</span> 
     </span>
     <span class='ocr_line' id='line_1_80' title="bbox 1430 2502 2658 2564; baseline -0.004 -12"><span class='ocrx_word' id='word_1_594' title='bbox 1430 2509 1672 2553; x_wconf 83' lang='lat' dir='ltr'>afflictionis</span> <span class='ocrx_word' id='word_1_595' title='bbox 1694 2516 1736 2553; x_wconf 88' lang='lat' dir='ltr'>et</span> <span class='ocrx_word' id='word_1_596' title='bbox 1758 2506 2038 2564; x_wconf 77' lang='lat' dir='ltr'>expiationis..</span> <span class='ocrx_word' id='word_1_597' title='bbox 2071 2506 2158 2552; x_wconf 86' lang='lat' dir='ltr'>Nec</span> <span class='ocrx_word' id='word_1_598' title='bbox 2183 2502 2226 2551; x_wconf 73' lang='lat' dir='ltr'>te</span> <span class='ocrx_word' id='word_1_599' title='bbox 2245 2512 2430 2557; x_wconf 80' lang='lat' dir='ltr'>moveat,</span> <span class='ocrx_word' id='word_1_600' title='bbox 2456 2506 2570 2561; x_wconf 89' lang='lat' dir='ltr'>quod</span> <span class='ocrx_word' id='word_1_601' title='bbox 2591 2505 2658 2548; x_wconf 86' lang='lat' dir='ltr'>di-</span> 
     </span>
     <span class='ocr_line' id='line_1_81' title="bbox 1429 2575 2665 2637; baseline -0.005 -14"><span class='ocrx_word' id='word_1_602' title='bbox 1429 2579 1865 2632; x_wconf 74' lang='lat' dir='ltr'>ximuseumssexisse</span> <span class='ocrx_word' id='word_1_603' title='bbox 1877 2591 2018 2637; x_wconf 72' lang='lat' dir='ltr'>genua</span> <span class='ocrx_word' id='word_1_604' title='bbox 2025 2591 2154 2633; x_wconf 85' lang='lat' dir='ltr'>super</span> <span class='ocrx_word' id='word_1_605' title='bbox 2162 2585 2336 2629; x_wconf 84' lang='lat' dir='ltr'>terram,</span> <span class='ocrx_word' id='word_1_606' title='bbox 2348 2589 2445 2621; x_wconf 89' lang='lat' dir='ltr'>eum</span> <span class='ocrx_word' id='word_1_607' title='bbox 2455 2577 2497 2619; x_wconf 90' lang='lat' dir='ltr'>in</span> <span class='ocrx_word' id='word_1_608' title='bbox 2509 2575 2665 2618; x_wconf 84' lang='lat' dir='ltr'>Parali-</span> 
     </span>
     <span class='ocr_line' id='line_1_82' title="bbox 1429 2650 2652 2708; baseline -0.003 -13"><span class='ocrx_word' id='word_1_609' title='bbox 1429 2652 1988 2708; x_wconf 55' lang='lat' dir='ltr'>pomenon.dicatum-«quod</span> <span class='ocrx_word' id='word_1_610' title='bbox 2011 2651 2161 2696; x_wconf 76' lang='lat' dir='ltr'>iecerit</span> <span class='ocrx_word' id='word_1_611' title='bbox 2196 2650 2399 2694; x_wconf 76' lang='lat' dir='ltr'>Salomon</span> <span class='ocrx_word' id='word_1_612' title='bbox 2430 2651 2567 2693; x_wconf 85' lang='lat' dir='ltr'>basim</span> <span class='ocrx_word' id='word_1_613' title='bbox 2600 2661 2652 2692; x_wconf 81' lang='lat' dir='ltr'>ae-</span> 
     </span>
     <span class='ocr_line' id='line_1_83' title="bbox 1433 2719 2663 2779; baseline -0.004 -13"><span class='ocrx_word' id='word_1_614' title='bbox 1433 2735 1556 2766; x_wconf 80' lang='lat' dir='ltr'>neam</span> <span class='ocrx_word' id='word_1_615' title='bbox 1581 2729 1765 2779; x_wconf 83' lang='lat' dir='ltr'>quatuor</span> <span class='ocrx_word' id='word_1_616' title='bbox 1787 2723 1945 2768; x_wconf 84' lang='lat' dir='ltr'>cubitis</span> <span class='ocrx_word' id='word_1_617' title='bbox 1971 2724 2118 2775; x_wconf 74' lang='lat' dir='ltr'>altam,</span> <span class='ocrx_word' id='word_1_618' title='bbox 2135 2734 2266 2779; x_wconf 87' lang='lat' dir='ltr'>quam</span> <span class='ocrx_word' id='word_1_619' title='bbox 2291 2721 2434 2778; x_wconf 85' lang='lat' dir='ltr'>posuit</span> <span class='ocrx_word' id='word_1_620' title='bbox 2455 2721 2501 2763; x_wconf 88' lang='lat' dir='ltr'>in</span> <span class='ocrx_word' id='word_1_621' title='bbox 2523 2719 2663 2763; x_wconf 76' lang='lat' dir='ltr'>medio</span> 
     </span>
     <span class='ocr_line' id='line_1_84' title="bbox 1429 2791 2654 2851; baseline -0.006 -11"><span class='ocrx_word' id='word_1_622' title='bbox 1429 2797 1632 2847; x_wconf 76' lang='lat' dir='ltr'>basilicae,</span> <span class='ocrx_word' id='word_1_623' title='bbox 1653 2803 1693 2839; x_wconf 86' lang='lat' dir='ltr'>et</span> <span class='ocrx_word' id='word_1_624' title='bbox 1721 2802 1842 2840; x_wconf 85' lang='lat' dir='ltr'>stans</span> <span class='ocrx_word' id='word_1_625' title='bbox 1866 2807 1996 2851; x_wconf 85' lang='lat' dir='ltr'>super</span> <span class='ocrx_word' id='word_1_626' title='bbox 2019 2805 2114 2839; x_wconf 85' lang='lat' dir='ltr'>eam</span> <span class='ocrx_word' id='word_1_627' title='bbox 2136 2793 2354 2838; x_wconf 78' lang='lat' dir='ltr'>benedixit</span> <span class='ocrx_word' id='word_1_628' title='bbox 2374 2793 2545 2848; x_wconf 88' lang='lat' dir='ltr'>populo.</span> <span class='ocrx_word' id='word_1_629' title='bbox 2570 2791 2654 2832; x_wconf 72' lang='lat' dir='ltr'>Pn-</span> 
     </span>
     <span class='ocr_line' id='line_1_85' title="bbox 1429 2866 2664 2925; baseline -0.002 -13"><span class='ocrx_word' id='word_1_630' title='bbox 1429 2870 1508 2912; x_wconf 84' lang='lat' dir='ltr'>tuit</span> <span class='ocrx_word' id='word_1_631' title='bbox 1531 2869 1646 2913; x_wconf 87' lang='lat' dir='ltr'>enim</span> <span class='ocrx_word' id='word_1_632' title='bbox 1672 2876 1900 2925; x_wconf 87' lang='lat' dir='ltr'>utrumque</span> <span class='ocrx_word' id='word_1_633' title='bbox 1924 2866 2177 2913; x_wconf 68' lang='lat' dir='ltr'>feci&#39;sseNel</span> <span class='ocrx_word' id='word_1_634' title='bbox 2205 2868 2239 2911; x_wconf 90' lang='lat' dir='ltr'>si</span> <span class='ocrx_word' id='word_1_635' title='bbox 2266 2879 2346 2923; x_wconf 84' lang='lat' dir='ltr'>pro</span> <span class='ocrx_word' id='word_1_636' title='bbox 2374 2867 2523 2910; x_wconf 83' lang='lat' dir='ltr'>eodem</span> <span class='ocrx_word' id='word_1_637' title='bbox 2548 2867 2664 2911; x_wconf 47' lang='lat' dir='ltr'>acci*</span> 
     </span>
     <span class='ocr_line' id='line_1_86' title="bbox 1427 2939 2664 2998; baseline -0.002 -15"><span class='ocrx_word' id='word_1_638' title='bbox 1427 2944 1543 2997; x_wconf 73' lang='lat' dir='ltr'>pitur</span> <span class='ocrx_word' id='word_1_639' title='bbox 1579 2939 1901 2998; x_wconf 82' lang='lat' dir='ltr'>intelligendum</span> <span class='ocrx_word' id='word_1_640' title='bbox 1935 2946 2001 2995; x_wconf 81' lang='lat' dir='ltr'>est</span> <span class='ocrx_word' id='word_1_641' title='bbox 2030 2952 2129 2984; x_wconf 83' lang='lat' dir='ltr'>eum</span> <span class='ocrx_word' id='word_1_642' title='bbox 2162 2939 2333 2983; x_wconf 84' lang='lat' dir='ltr'>flexisse</span> <span class='ocrx_word' id='word_1_643' title='bbox 2362 2950 2498 2994; x_wconf 83' lang='lat' dir='ltr'>genua</span> <span class='ocrx_word' id='word_1_644' title='bbox 2534 2949 2664 2993; x_wconf 85' lang='lat' dir='ltr'>super</span> 
     </span>
     <span class='ocr_line' id='line_1_87' title="bbox 1428 3009 2661 3068; baseline -0.004 -11"><span class='ocrx_word' id='word_1_645' title='bbox 1428 3020 1604 3063; x_wconf 75' lang='lat' dir='ltr'>terra-m.</span> <span class='ocrx_word' id='word_1_646' title='bbox 1626 3014 1666 3057; x_wconf 88' lang='lat' dir='ltr'>id</span> <span class='ocrx_word' id='word_1_647' title='bbox 1684 3020 1751 3058; x_wconf 86' lang='lat' dir='ltr'>est</span> <span class='ocrx_word' id='word_1_648' title='bbox 1768 3014 2058 3068; x_wconf 80' lang='lat' dir='ltr'>superlocum</span> <span class='ocrx_word' id='word_1_649' title='bbox 2075 3013 2118 3057; x_wconf 85' lang='lat' dir='ltr'>in</span> <span class='ocrx_word' id='word_1_650' title='bbox 2138 3022 2230 3067; x_wconf 80' lang='lat' dir='ltr'>quo</span> <span class='ocrx_word' id='word_1_651' title='bbox 2240 3011 2393 3054; x_wconf 76' lang='lat' dir='ltr'>stabat.</span> <span class='ocrx_word' id='word_1_652' title='bbox 2413 3009 2486 3052; x_wconf 73' lang='lat' dir='ltr'>«Et</span> <span class='ocrx_word' id='word_1_653' title='bbox 2508 3011 2661 3053; x_wconf 89' lang='lat' dir='ltr'>immo·</span> 
     </span>
     <span class='ocr_line' id='line_1_88' title="bbox 1426 3080 2659 3139; baseline -0.002 -11"><span class='ocrx_word' id='word_1_654' title='bbox 1426 3086 1531 3128; x_wconf 81' lang='lat' dir='ltr'>lavit</span> <span class='ocrx_word' id='word_1_655' title='bbox 1556 3084 1760 3129; x_wconf 74' lang='lat' dir='ltr'>Salomon</span> <span class='ocrx_word' id='word_1_656' title='bbox 1789 3085 1957 3131; x_wconf 81' lang='lat' dir='ltr'>hostias</span> <span class='ocrx_word' id='word_1_657' title='bbox 1979 3082 2182 3139; x_wconf 83' lang='lat' dir='ltr'>pacificas</span> <span class='ocrx_word' id='word_1_658' title='bbox 2221 3082 2366 3138; x_wconf 79' lang='lat' dir='ltr'>viginti</span> <span class='ocrx_word' id='word_1_659' title='bbox 2403 3082 2488 3125; x_wconf 88' lang='lat' dir='ltr'>duo</span> <span class='ocrx_word' id='word_1_660' title='bbox 2527 3080 2659 3126; x_wconf 75' lang='lat' dir='ltr'>millia</span> 
     </span>
     <span class='ocr_line' id='line_1_89' title="bbox 1427 3150 2659 3208; baseline -0.005 -9"><span class='ocrx_word' id='word_1_661' title='bbox 1427 3157 1577 3208; x_wconf 82' lang='lat' dir='ltr'>boum,</span> <span class='ocrx_word' id='word_1_662' title='bbox 1609 3162 1651 3199; x_wconf 87' lang='lat' dir='ltr'>et</span> <span class='ocrx_word' id='word_1_663' title='bbox 1686 3155 1832 3199; x_wconf 85' lang='lat' dir='ltr'>ovium</span> <span class='ocrx_word' id='word_1_664' title='bbox 1870 3159 2043 3198; x_wconf 87' lang='lat' dir='ltr'>centum</span> <span class='ocrx_word' id='word_1_665' title='bbox 2082 3152 2231 3208; x_wconf 78' lang='lat' dir='ltr'>viginti</span> <span class='ocrx_word' id='word_1_666' title='bbox 2269 3153 2444 3195; x_wconf 72' lang='lat' dir='ltr'>millia.»</span> <span class='ocrx_word' id='word_1_667' title='bbox 2473 3150 2526 3193; x_wconf 77' lang='lat' dir='ltr'>Et</span> <span class='ocrx_word' id='word_1_668' title='bbox 2558 3150 2659 3205; x_wconf 83' lang='lat' dir='ltr'>quia</span> 
     </span>
    </p>
   </div>
   <div class='ocr_carea' id='block_1_23' title="bbox 1415 3221 2659 3282">
    <p class='ocr_par' dir='ltr' id='par_1_23' title="bbox 1415 3221 2659 3282">
     <span class='ocr_line' id='line_1_90' title="bbox 1415 3221 2659 3282; baseline -0.006 -10"><span class='ocrx_word' id='word_1_669' title='bbox 1415 3231 1563 3272; x_wconf 81' lang='lat' dir='ltr'>altare</span> <span class='ocrx_word' id='word_1_670' title='bbox 1594 3240 1760 3271; x_wconf 82' lang='lat' dir='ltr'>aeneum</span> <span class='ocrx_word' id='word_1_671' title='bbox 1787 3227 1840 3269; x_wconf 86' lang='lat' dir='ltr'>ad</span> <span class='ocrx_word' id='word_1_672' title='bbox 1865 3225 2139 3282; x_wconf 84' lang='lat' dir='ltr'>suscipienda</span> <span class='ocrx_word' id='word_1_673' title='bbox 2159 3225 2429 3274; x_wconf 82' lang='lat' dir='ltr'>holocausta,</span> <span class='ocrx_word' id='word_1_674' title='bbox 2451 3228 2492 3266; x_wconf 85' lang='lat' dir='ltr'>et</span> <span class='ocrx_word' id='word_1_675' title='bbox 2512 3221 2659 3276; x_wconf 85' lang='lat' dir='ltr'>adipes</span> 
     </span>
    </p>
   </div>
   <div class='ocr_carea' id='block_1_24' title="bbox 105 3293 2659 3358">
    <p class='ocr_par' dir='ltr' id='par_1_24' title="bbox 105 3293 2659 3358">
     <span class='ocr_line' id='line_1_91' title="bbox 105 3293 2659 3358; baseline -0.002 -17"><span class='ocrx_word' id='word_1_676' title='bbox 105 3301 318 3351; x_wconf 75' lang='lat' dir='ltr'>cei-dotes,</span> <span class='ocrx_word' id='word_1_677' title='bbox 342 3306 385 3344; x_wconf 85' lang='lat' dir='ltr'>et</span> <span class='ocrx_word' id='word_1_678' title='bbox 407 3301 543 3345; x_wconf 82' lang='lat' dir='ltr'>levitae</span> <span class='ocrx_word' id='word_1_679' title='bbox 566 3302 620 3346; x_wconf 86' lang='lat' dir='ltr'>de</span> <span class='ocrx_word' id='word_1_680' title='bbox 642 3303 815 3346; x_wconf 84' lang='lat' dir='ltr'>civitate</span> <span class='ocrx_word' id='word_1_681' title='bbox 832 3302 967 3346; x_wconf 84' lang='lat' dir='ltr'>David</span> <span class='ocrx_word' id='word_1_682' title='bbox 993 3315 1136 3346; x_wconf 82' lang='lat' dir='ltr'>arcam</span> <span class='ocrx_word' id='word_1_683' title='bbox 1159 3302 1343 3355; x_wconf 85' lang='lat' dir='ltr'>Domini,</span> <span class='ocrx_word' id='word_1_684' title='bbox 1370 3316 1405 3358; x_wconf 66' lang='grc' dir='ltr'><strong>Β</strong></span> <span class='ocrx_word' id='word_1_685' title='bbox 1426 3302 1702 3355; x_wconf 69' lang='lat' dir='ltr'>pacificorum</span> <span class='ocrx_word' id='word_1_686' title='bbox 1734 3301 1875 3343; x_wconf 89' lang='lat' dir='ltr'>minus</span> <span class='ocrx_word' id='word_1_687' title='bbox 1906 3304 2025 3352; x_wconf 84' lang='lat' dir='ltr'>erat;</span> <span class='ocrx_word' id='word_1_688' title='bbox 2042 3297 2325 3358; x_wconf 81' lang='lat' dir='ltr'>sanctificavit</span> <span class='ocrx_word' id='word_1_689' title='bbox 2361 3307 2436 3338; x_wconf 81' lang='lat' dir='ltr'>rex</span> <span class='ocrx_word' id='word_1_690' title='bbox 2472 3293 2659 3337; x_wconf 75' lang='lat' dir='ltr'>medium</span> 
     </span>
    </p>
   </div>
   <div class='ocr_carea' id='block_1_25' title="bbox 88 3369 1349 4299">
    <p class='ocr_par' dir='ltr' id='par_1_25' title="bbox 88 3369 1349 4299">
     <span class='ocr_line' id='line_1_92' title="bbox 104 3369 1346 3430; baseline 0.005 -16"><span class='ocrx_word' id='word_1_691' title='bbox 104 3381 146 3415; x_wconf 85' lang='lat' dir='ltr'>et</span> <span class='ocrx_word' id='word_1_692' title='bbox 170 3369 318 3416; x_wconf 81' lang='lat' dir='ltr'>omnia</span> <span class='ocrx_word' id='word_1_693' title='bbox 341 3385 444 3419; x_wconf 79' lang='lat' dir='ltr'>vasa</span> <span class='ocrx_word' id='word_1_694' title='bbox 467 3375 580 3430; x_wconf 73' lang='lat' dir='ltr'>ejus,</span> <span class='ocrx_word' id='word_1_695' title='bbox 611 3382 654 3421; x_wconf 91' lang='lat' dir='ltr'>et</span> <span class='ocrx_word' id='word_1_696' title='bbox 677 3387 760 3419; x_wconf 73' lang='lat' dir='ltr'>vox</span> <span class='ocrx_word' id='word_1_697' title='bbox 781 3376 1078 3430; x_wconf 71' lang='lat' dir='ltr'>jubilantium,</span> <span class='ocrx_word' id='word_1_698' title='bbox 1112 3384 1158 3420; x_wconf 83' lang='lat' dir='ltr'>ut</span> <span class='ocrx_word' id='word_1_699' title='bbox 1188 3378 1247 3419; x_wconf 86' lang='lat' dir='ltr'>ait</span> <span class='ocrx_word' id='word_1_700' title='bbox 1270 3375 1346 3420; x_wconf 54' lang='lat' dir='ltr'>Jo&lt;</span> 
     </span>
     <span class='ocr_line' id='line_1_93' title="bbox 105 3444 1349 3504; baseline 0.002 -15"><span class='ocrx_word' id='word_1_701' title='bbox 105 3444 283 3500; x_wconf 62' lang='lat' dir='ltr'>sophus,</span> <span class='ocrx_word' id='word_1_702' title='bbox 304 3458 329 3490; x_wconf 88' lang='lat' dir='ltr'>a</span> <span class='ocrx_word' id='word_1_703' title='bbox 366 3448 494 3504; x_wconf 82' lang='lat' dir='ltr'>longe</span> <span class='ocrx_word' id='word_1_704' title='bbox 531 3450 723 3501; x_wconf 82' lang='lat' dir='ltr'>remotis</span> <span class='ocrx_word' id='word_1_705' title='bbox 750 3449 1018 3493; x_wconf 81' lang='lat' dir='ltr'>audiebatur.</span> <span class='ocrx_word' id='word_1_706' title='bbox 1043 3449 1134 3494; x_wconf 78' lang='lat' dir='ltr'>Rex</span> <span class='ocrx_word' id='word_1_707' title='bbox 1171 3463 1270 3493; x_wconf 75' lang='lat' dir='ltr'>vero</span> <span class='ocrx_word' id='word_1_708' title='bbox 1306 3456 1349 3492; x_wconf 88' lang='lat' dir='ltr'>et</span> 
     </span>
     <span class='ocr_line' id='line_1_94' title="bbox 106 3518 1348 3578; baseline 0.004 -19"><span class='ocrx_word' id='word_1_709' title='bbox 106 3518 306 3562; x_wconf 81' lang='lat' dir='ltr'>universa</span> <span class='ocrx_word' id='word_1_710' title='bbox 332 3521 571 3576; x_wconf 66' lang='lat' dir='ltr'>multitudo,</span> <span class='ocrx_word' id='word_1_711' title='bbox 587 3522 914 3577; x_wconf 75' lang='lat' dir='ltr'>gradiebantur,</span> <span class='ocrx_word' id='word_1_712' title='bbox 935 3523 1043 3566; x_wconf 84' lang='lat' dir='ltr'>alias</span> <span class='ocrx_word' id='word_1_713' title='bbox 1070 3523 1348 3578; x_wconf 82' lang='lat' dir='ltr'>gratulaban-</span> 
     </span>
     <span class='ocr_line' id='line_1_95' title="bbox 105 3583 1346 3651; baseline 0.002 -15"><span class='ocrx_word' id='word_1_714' title='bbox 105 3598 177 3636; x_wconf 87' lang='lat' dir='ltr'>tur</span> <span class='ocrx_word' id='word_1_715' title='bbox 213 3601 314 3639; x_wconf 87' lang='lat' dir='ltr'>ante</span> <span class='ocrx_word' id='word_1_716' title='bbox 350 3583 513 3646; x_wconf 79' lang='lat' dir='ltr'>arcam,</span> <span class='ocrx_word' id='word_1_717' title='bbox 539 3602 582 3640; x_wconf 88' lang='lat' dir='ltr'>et</span> <span class='ocrx_word' id='word_1_718' title='bbox 617 3596 896 3639; x_wconf 80' lang='lat' dir='ltr'>immoiabaut</span> <span class='ocrx_word' id='word_1_719' title='bbox 918 3596 1081 3639; x_wconf 81' lang='lat' dir='ltr'>hostias</span> <span class='ocrx_word' id='word_1_720' title='bbox 1107 3596 1266 3651; x_wconf 86' lang='lat' dir='ltr'>absque</span> <span class='ocrx_word' id='word_1_721' title='bbox 1285 3609 1346 3638; x_wconf 77' lang='lat' dir='ltr'>:e-</span> 
     </span>
     <span class='ocr_line' id='line_1_96' title="bbox 105 3666 1346 3723; baseline 0.003 -15"><span class='ocrx_word' id='word_1_722' title='bbox 105 3666 368 3716; x_wconf 79' lang='lat' dir='ltr'>stimatione,</span> <span class='ocrx_word' id='word_1_723' title='bbox 389 3674 432 3710; x_wconf 86' lang='lat' dir='ltr'>et</span> <span class='ocrx_word' id='word_1_724' title='bbox 455 3680 654 3719; x_wconf 84' lang='lat' dir='ltr'>numero,</span> <span class='ocrx_word' id='word_1_725' title='bbox 678 3673 720 3712; x_wconf 87' lang='lat' dir='ltr'>et</span> <span class='ocrx_word' id='word_1_726' title='bbox 743 3675 982 3711; x_wconf 81' lang='lat' dir='ltr'>aromatum</span> <span class='ocrx_word' id='word_1_727' title='bbox 1007 3669 1150 3712; x_wconf 80' lang='lat' dir='ltr'>sumus</span> <span class='ocrx_word' id='word_1_728' title='bbox 1177 3681 1200 3710; x_wconf 86' lang='lat' dir='ltr'>a</span> <span class='ocrx_word' id='word_1_729' title='bbox 1223 3668 1346 3723; x_wconf 85' lang='lat' dir='ltr'>longe</span> 
     </span>
     <span class='ocr_line' id='line_1_97' title="bbox 106 3736 1346 3792; baseline 0.002 -14"><span class='ocrx_word' id='word_1_730' title='bbox 106 3736 567 3792; x_wconf 34' lang='lat' dir='ltr'>positisvsentiebatur.</span> <span class='ocrx_word' id='word_1_731' title='bbox 593 3739 648 3782; x_wconf 84' lang='lat' dir='ltr'>Et</span> <span class='ocrx_word' id='word_1_732' title='bbox 671 3739 908 3783; x_wconf 82' lang='lat' dir='ltr'>intulerunt</span> <span class='ocrx_word' id='word_1_733' title='bbox 932 3740 1178 3783; x_wconf 85' lang='lat' dir='ltr'>sacerdotes</span> <span class='ocrx_word' id='word_1_734' title='bbox 1200 3751 1346 3782; x_wconf 80' lang='lat' dir='ltr'>arcam</span> 
     </span>
     <span class='ocr_line' id='line_1_98' title="bbox 105 3807 1345 3873; baseline 0.003 -22"><span class='ocrx_word' id='word_1_735' title='bbox 105 3807 276 3853; x_wconf 81' lang='lat' dir='ltr'>Domini</span> <span class='ocrx_word' id='word_1_736' title='bbox 300 3811 344 3853; x_wconf 83' lang='lat' dir='ltr'>in</span> <span class='ocrx_word' id='word_1_737' title='bbox 367 3811 509 3855; x_wconf 87' lang='lat' dir='ltr'>locum</span> <span class='ocrx_word' id='word_1_738' title='bbox 534 3825 678 3873; x_wconf 85' lang='lat' dir='ltr'>suum,</span> <span class='ocrx_word' id='word_1_739' title='bbox 702 3819 745 3856; x_wconf 86' lang='lat' dir='ltr'>et</span> <span class='ocrx_word' id='word_1_740' title='bbox 769 3813 812 3854; x_wconf 88' lang='lat' dir='ltr'>in</span> <span class='ocrx_word' id='word_1_741' title='bbox 837 3812 1059 3855; x_wconf 81' lang='lat' dir='ltr'>oraculum</span> <span class='ocrx_word' id='word_1_742' title='bbox 1085 3812 1233 3855; x_wconf 82' lang='lat' dir='ltr'>subter</span> <span class='ocrx_word' id='word_1_743' title='bbox 1256 3812 1345 3855; x_wconf 90' lang='lat' dir='ltr'>alas</span> 
     </span>
     <span class='ocr_line' id='line_1_99' title="bbox 107 3883 1346 3940; baseline 0.002 -16"><span class='ocrx_word' id='word_1_744' title='bbox 107 3883 349 3935; x_wconf 72' lang='lat' dir='ltr'>cherubim,</span> <span class='ocrx_word' id='word_1_745' title='bbox 372 3884 532 3939; x_wconf 85' lang='lat' dir='ltr'>quibus</span> <span class='ocrx_word' id='word_1_746' title='bbox 565 3884 690 3939; x_wconf 85' lang='lat' dir='ltr'>quasi</span> <span class='ocrx_word' id='word_1_747' title='bbox 715 3885 901 3940; x_wconf 86' lang='lat' dir='ltr'>quodam</span> <span class='ocrx_word' id='word_1_748' title='bbox 933 3885 1139 3933; x_wconf 80' lang='lat' dir='ltr'>ciburneo</span> <span class='ocrx_word' id='word_1_749' title='bbox 1173 3884 1346 3938; x_wconf 86' lang='lat' dir='ltr'>tegeba-</span> 
     </span>
     <span class='ocr_line' id='line_1_100' title="bbox 105 3954 1344 4022; baseline -0.001 -25"><span class='ocrx_word' id='word_1_750' title='bbox 105 3959 192 3999; x_wconf 85' lang='lat' dir='ltr'>tur.</span> <span class='ocrx_word' id='word_1_751' title='bbox 218 3954 372 4012; x_wconf 82' lang='lat' dir='ltr'>Capita</span> <span class='ocrx_word' id='word_1_752' title='bbox 391 3958 578 4022; x_wconf 80' lang='lat' dir='ltr'>quidem</span> <span class='ocrx_word' id='word_1_753' title='bbox 587 3958 772 4001; x_wconf 80' lang='lat' dir='ltr'>vectium</span> <span class='ocrx_word' id='word_1_754' title='bbox 797 3969 926 4011; x_wconf 71' lang='lat' dir='ltr'>supet</span> <span class='ocrx_word' id='word_1_755' title='bbox 942 3956 1144 3999; x_wconf 83' lang='lat' dir='ltr'>humeros</span> <span class='ocrx_word' id='word_1_756' title='bbox 1169 3960 1344 4016; x_wconf 86' lang='lat' dir='ltr'>portan-</span> 
     </span>
     <span class='ocr_line' id='line_1_101' title="bbox 107 4027 1344 4086; baseline -0.001 -17"><span class='ocrx_word' id='word_1_757' title='bbox 107 4027 232 4079; x_wconf 88' lang='lat' dir='ltr'>tium,</span> <span class='ocrx_word' id='word_1_758' title='bbox 257 4040 281 4072; x_wconf 79' lang='lat' dir='ltr'>a</span> <span class='ocrx_word' id='word_1_759' title='bbox 302 4030 460 4085; x_wconf 85' lang='lat' dir='ltr'>populo</span> <span class='ocrx_word' id='word_1_760' title='bbox 485 4035 601 4074; x_wconf 87' lang='lat' dir='ltr'>retro</span> <span class='ocrx_word' id='word_1_761' title='bbox 626 4028 766 4086; x_wconf 87' lang='lat' dir='ltr'>posito</span> <span class='ocrx_word' id='word_1_762' title='bbox 789 4027 1059 4078; x_wconf 85' lang='lat' dir='ltr'>videbantur,</span> <span class='ocrx_word' id='word_1_763' title='bbox 1081 4028 1218 4070; x_wconf 87' lang='lat' dir='ltr'>donec</span> <span class='ocrx_word' id='word_1_764' title='bbox 1243 4038 1344 4069; x_wconf 86' lang='lat' dir='ltr'>area</span> 
     </span>
     <span class='ocr_line' id='line_1_102' title="bbox 88 4086 1347 4155; baseline -0.002 -12"><span class='ocrx_word' id='word_1_765' title='bbox 88 4086 310 4155; x_wconf 71' lang='lat' dir='ltr'>&#39;reposita</span> <span class='ocrx_word' id='word_1_766' title='bbox 307 4103 490 4145; x_wconf 82' lang='lat' dir='ltr'>retracti</span> <span class='ocrx_word' id='word_1_767' title='bbox 518 4108 619 4147; x_wconf 80' lang='lat' dir='ltr'>sunl.</span> <span class='ocrx_word' id='word_1_768' title='bbox 643 4115 667 4144; x_wconf 88' lang='lat' dir='ltr'>a</span> <span class='ocrx_word' id='word_1_769' title='bbox 687 4101 853 4145; x_wconf 85' lang='lat' dir='ltr'>visibus</span> <span class='ocrx_word' id='word_1_770' title='bbox 875 4100 1130 4143; x_wconf 86' lang='lat' dir='ltr'>hominum</span> <span class='ocrx_word' id='word_1_771' title='bbox 1120 4113 1163 4142; x_wconf 84' lang='grc' dir='ltr'>ιιι</span> <span class='ocrx_word' id='word_1_772' title='bbox 1187 4099 1347 4154; x_wconf 82' lang='lat' dir='ltr'>sempi-</span> 
     </span>
     <span class='ocr_line' id='line_1_103' title="bbox 107 4171 1346 4229; baseline -0.002 -14"><span class='ocrx_word' id='word_1_773' title='bbox 107 4178 296 4229; x_wconf 83' lang='lat' dir='ltr'>ternum.</span> <span class='ocrx_word' id='word_1_774' title='bbox 316 4173 426 4219; x_wconf 84' lang='lat' dir='ltr'>Arca</span> <span class='ocrx_word' id='word_1_775' title='bbox 450 4189 552 4220; x_wconf 82' lang='lat' dir='ltr'>vero</span> <span class='ocrx_word' id='word_1_776' title='bbox 573 4181 683 4219; x_wconf 82' lang='lat' dir='ltr'>tecta</span> <span class='ocrx_word' id='word_1_777' title='bbox 701 4180 794 4219; x_wconf 86' lang='lat' dir='ltr'>erat</span> <span class='ocrx_word' id='word_1_778' title='bbox 816 4186 870 4216; x_wconf 89' lang='lat' dir='ltr'>ne</span> <span class='ocrx_word' id='word_1_779' title='bbox 884 4172 1119 4217; x_wconf 77' lang='lat' dir='ltr'>videretur.</span> <span class='ocrx_word' id='word_1_780' title='bbox 1144 4186 1158 4212; x_wconf 84' lang='lat'><strong>‹</strong></span> <span class='ocrx_word' id='word_1_781' title='bbox 1173 4171 1221 4214; x_wconf 92' lang='lat' dir='ltr'>ln</span> <span class='ocrx_word' id='word_1_782' title='bbox 1245 4183 1346 4213; x_wconf 88' lang='lat' dir='ltr'>arca</span> 
     </span>
     <span class='ocr_line' id='line_1_104' title="bbox 109 4242 1343 4299; baseline -0.002 -12"><span class='ocrx_word' id='word_1_783' title='bbox 109 4251 266 4295; x_wconf 21' lang='lat' dir='ltr'>autem,</span> <span class='ocrx_word' id='word_1_784' title='bbox 284 4247 399 4290; x_wconf 74' lang='lat' dir='ltr'>nihii</span> <span class='ocrx_word' id='word_1_785' title='bbox 424 4246 540 4290; x_wconf 88' lang='lat' dir='ltr'>aliud</span> <span class='ocrx_word' id='word_1_786' title='bbox 570 4245 678 4299; x_wconf 81' lang='lat' dir='ltr'>erat,</span> <span class='ocrx_word' id='word_1_787' title='bbox 698 4245 782 4289; x_wconf 87' lang='lat' dir='ltr'>nisi</span> <span class='ocrx_word' id='word_1_788' title='bbox 802 4245 897 4287; x_wconf 80' lang='lat' dir='ltr'>duae</span> <span class='ocrx_word' id='word_1_789' title='bbox 920 4244 1076 4287; x_wconf 87' lang='lat' dir='ltr'>tabulae</span> <span class='ocrx_word' id='word_1_790' title='bbox 1099 4242 1343 4286; x_wconf 87' lang='lat' dir='ltr'>testamenti</span> 
     </span>
    </p>
   </div>
   <div class='ocr_carea' id='block_1_26' title="bbox 110 4313 1342 4379">
    <p class='ocr_par' dir='ltr' id='par_1_26' title="bbox 110 4313 1342 4379">
     <span class='ocr_line' id='line_1_105' title="bbox 110 4313 1342 4379; baseline -0.003 -18"><span class='ocrx_word' id='word_1_791' title='bbox 110 4318 328 4375; x_wconf 69' lang='lat' dir='ltr'>lapide-te.»</span> <span class='ocrx_word' id='word_1_792' title='bbox 354 4313 646 4379; x_wconf 66' lang='lat' dir='ltr'>supplendum</span> <span class='ocrx_word' id='word_1_793' title='bbox 682 4326 747 4366; x_wconf 89' lang='lat' dir='ltr'>est</span> <span class='ocrx_word' id='word_1_794' title='bbox 786 4325 946 4370; x_wconf 82' lang='lat' dir='ltr'>autem,</span> <span class='ocrx_word' id='word_1_795' title='bbox 983 4326 1024 4362; x_wconf 87' lang='lat' dir='ltr'>et</span> <span class='ocrx_word' id='word_1_796' title='bbox 1055 4316 1173 4360; x_wconf 82' lang='lat' dir='ltr'>&#39;urna</span> <span class='ocrx_word' id='word_1_797' title='bbox 1214 4328 1342 4359; x_wconf 77' lang='lat' dir='ltr'>aurea</span> 
     </span>
    </p>
   </div>
   <div class='ocr_carea' id='block_1_27' title="bbox 1422 3370 2659 4363">
    <p class='ocr_par' dir='ltr' id='par_1_27' title="bbox 1422 3370 2659 4363">
     <span class='ocr_line' id='line_1_106' title="bbox 1427 3370 2659 3427; baseline -0.008 -11"><span class='ocrx_word' id='word_1_798' title='bbox 1427 3375 1524 3418; x_wconf 81' lang='lat' dir='ltr'>atrii</span> <span class='ocrx_word' id='word_1_799' title='bbox 1561 3373 1794 3421; x_wconf 80' lang='lat' dir='ltr'>interioris.</span> <span class='ocrx_word' id='word_1_800' title='bbox 1834 3377 1882 3415; x_wconf 90' lang='lat' dir='ltr'>ut</span> <span class='ocrx_word' id='word_1_801' title='bbox 1917 3383 2045 3427; x_wconf 85' lang='lat' dir='ltr'>super</span> <span class='ocrx_word' id='word_1_802' title='bbox 2077 3370 2181 3413; x_wconf 84' lang='lat' dir='ltr'>illud</span> <span class='ocrx_word' id='word_1_803' title='bbox 2220 3376 2525 3418; x_wconf 81' lang='lat' dir='ltr'>cremarentur,</span> <span class='ocrx_word' id='word_1_804' title='bbox 2567 3377 2659 3420; x_wconf 80' lang='lat' dir='ltr'>quae</span> 
     </span>
     <span class='ocr_line' id='line_1_107' title="bbox 1427 3436 2657 3502; baseline -0.008 -11"><span class='ocrx_word' id='word_1_805' title='bbox 1427 3459 1555 3502; x_wconf 85' lang='lat' dir='ltr'>super</span> <span class='ocrx_word' id='word_1_806' title='bbox 1568 3445 1712 3489; x_wconf 82' lang='lat' dir='ltr'>altare</span> <span class='ocrx_word' id='word_1_807' title='bbox 1729 3444 1911 3488; x_wconf 83' lang='lat' dir='ltr'>cremari</span> <span class='ocrx_word' id='word_1_808' title='bbox 1934 3456 2019 3485; x_wconf 86' lang='lat' dir='ltr'>non</span> <span class='ocrx_word' id='word_1_809' title='bbox 2044 3442 2289 3498; x_wconf 66' lang='lat' dir='ltr'>poterant**.</span> <span class='ocrx_word' id='word_1_810' title='bbox 2307 3439 2424 3483; x_wconf 86' lang='lat' dir='ltr'>Fecit</span> <span class='ocrx_word' id='word_1_811' title='bbox 2447 3450 2547 3494; x_wconf 85' lang='lat' dir='ltr'>ergo</span> <span class='ocrx_word' id='word_1_812' title='bbox 2575 3436 2657 3481; x_wconf 80' lang='lat' dir='ltr'>Sa-</span> 
     </span>
     <span class='ocr_line' id='line_1_108' title="bbox 1425 3510 2655 3564; baseline -0.008 -3"><span class='ocrx_word' id='word_1_813' title='bbox 1425 3519 1569 3561; x_wconf 83' lang='lat' dir='ltr'>lomon</span> <span class='ocrx_word' id='word_1_814' title='bbox 1589 3517 1861 3560; x_wconf 78' lang='lat' dir='ltr'>festivitatem</span> <span class='ocrx_word' id='word_1_815' title='bbox 1882 3514 2179 3564; x_wconf 84' lang='lat' dir='ltr'>dedicationis,</span> <span class='ocrx_word' id='word_1_816' title='bbox 2197 3520 2241 3555; x_wconf 88' lang='lat' dir='ltr'>et</span> <span class='ocrx_word' id='word_1_817' title='bbox 2259 3512 2397 3554; x_wconf 87' lang='lat' dir='ltr'>omnis</span> <span class='ocrx_word' id='word_1_818' title='bbox 2410 3510 2539 3554; x_wconf 84' lang='lat' dir='ltr'>israel</span> <span class='ocrx_word' id='word_1_819' title='bbox 2556 3522 2655 3564; x_wconf 89' lang='lat' dir='ltr'>cum</span> 
     </span>
     <span class='ocr_line' id='line_1_109' title="bbox 1424 3583 2656 3645; baseline -0.008 -12"><span class='ocrx_word' id='word_1_820' title='bbox 1424 3590 1574 3634; x_wconf 86' lang='lat' dir='ltr'>eodem</span> <span class='ocrx_word' id='word_1_821' title='bbox 1588 3589 1921 3645; x_wconf 81' lang='lat' dir='ltr'>quatuordecem</span> <span class='ocrx_word' id='word_1_822' title='bbox 1935 3587 2084 3630; x_wconf 89' lang='lat' dir='ltr'>diebus</span> <span class='ocrx_word' id='word_1_823' title='bbox 2098 3601 2107 3628; x_wconf 90' lang='lat'>:</span> <span class='ocrx_word' id='word_1_824' title='bbox 2121 3585 2242 3637; x_wconf 84' lang='lat' dir='ltr'>Quod</span> <span class='ocrx_word' id='word_1_825' title='bbox 2256 3584 2316 3627; x_wconf 87' lang='lat' dir='ltr'>sie</span> <span class='ocrx_word' id='word_1_826' title='bbox 2334 3583 2656 3638; x_wconf 81' lang='lat' dir='ltr'>intelligendum</span> 
     </span>
     <span class='ocr_line' id='line_1_110' title="bbox 1425 3654 2655 3715; baseline -0.009 -9"><span class='ocrx_word' id='word_1_827' title='bbox 1425 3669 1518 3706; x_wconf 87' lang='lat' dir='ltr'>est:</span> <span class='ocrx_word' id='word_1_828' title='bbox 1540 3661 1737 3715; x_wconf 80' lang='lat' dir='ltr'>Quinque</span> <span class='ocrx_word' id='word_1_829' title='bbox 1773 3661 1923 3704; x_wconf 83' lang='lat' dir='ltr'>diebus</span> <span class='ocrx_word' id='word_1_830' title='bbox 1955 3657 2169 3702; x_wconf 87' lang='lat' dir='ltr'>continuis</span> <span class='ocrx_word' id='word_1_831' title='bbox 2192 3655 2404 3701; x_wconf 83' lang='lat' dir='ltr'>celebrata</span> <span class='ocrx_word' id='word_1_832' title='bbox 2432 3660 2499 3698; x_wconf 80' lang='lat' dir='ltr'>est</span> <span class='ocrx_word' id='word_1_833' title='bbox 2534 3654 2655 3700; x_wconf 75' lang='lat' dir='ltr'>dedi-</span> 
     </span>
     <span class='ocr_line' id='line_1_111' title="bbox 1424 3726 2656 3786; baseline -0.01 -7"><span class='ocrx_word' id='word_1_834' title='bbox 1424 3735 1537 3779; x_wconf 83' lang='lat' dir='ltr'>catio</span> <span class='ocrx_word' id='word_1_835' title='bbox 1552 3749 1563 3786; x_wconf 89' lang='lat'>;</span> <span class='ocrx_word' id='word_1_836' title='bbox 1584 3734 1626 3775; x_wconf 92' lang='lat' dir='ltr'>in</span> <span class='ocrx_word' id='word_1_837' title='bbox 1646 3740 1766 3777; x_wconf 80' lang='lat' dir='ltr'>sexto</span> <span class='ocrx_word' id='word_1_838' title='bbox 1783 3744 1882 3774; x_wconf 77' lang='lat' dir='ltr'>vero</span> <span class='ocrx_word' id='word_1_839' title='bbox 1897 3732 1979 3781; x_wconf 83' lang='lat' dir='ltr'>die,</span> <span class='ocrx_word' id='word_1_840' title='bbox 1998 3742 2092 3785; x_wconf 85' lang='lat' dir='ltr'>quae</span> <span class='ocrx_word' id='word_1_841' title='bbox 2109 3729 2187 3772; x_wconf 82' lang='lat' dir='ltr'>suit</span> <span class='ocrx_word' id='word_1_842' title='bbox 2204 3726 2519 3783; x_wconf 83' lang='lat' dir='ltr'>quintadecima</span> <span class='ocrx_word' id='word_1_843' title='bbox 2538 3738 2656 3768; x_wconf 89' lang='lat' dir='ltr'>men-</span> 
     </span>
     <span class='ocr_line' id='line_1_112' title="bbox 1424 3799 2655 3859; baseline -0.011 -8"><span class='ocrx_word' id='word_1_844' title='bbox 1424 3806 1703 3859; x_wconf 86' lang='lat' dir='ltr'>sis,occurrit</span> <span class='ocrx_word' id='word_1_845' title='bbox 1727 3803 2117 3857; x_wconf 69' lang='lat' dir='ltr'>Scenopegia,qua‘.⁴</span> <span class='ocrx_word' id='word_1_846' title='bbox 2136 3799 2385 3854; x_wconf 88' lang='lat' dir='ltr'>interposita</span> <span class='ocrx_word' id='word_1_847' title='bbox 2407 3803 2474 3840; x_wconf 88' lang='lat' dir='ltr'>est</span> <span class='ocrx_word' id='word_1_848' title='bbox 2493 3801 2655 3851; x_wconf 86' lang='lat' dir='ltr'>septem</span> 
     </span>
     <span class='ocr_line' id='line_1_113' title="bbox 1424 3868 2654 3930; baseline -0.011 -7"><span class='ocrx_word' id='word_1_849' title='bbox 1424 3881 1592 3924; x_wconf 89' lang='lat' dir='ltr'>diebus.</span> <span class='ocrx_word' id='word_1_850' title='bbox 1617 3878 1708 3930; x_wconf 83' lang='lat' dir='ltr'>Qua</span> <span class='ocrx_word' id='word_1_851' title='bbox 1741 3877 1967 3919; x_wconf 86' lang='lat' dir='ltr'>terminata</span> <span class='ocrx_word' id='word_1_852' title='bbox 1998 3875 2155 3916; x_wconf 85' lang='lat' dir='ltr'>iterum-</span> <span class='ocrx_word' id='word_1_853' title='bbox 2185 3871 2396 3915; x_wconf 87' lang='lat' dir='ltr'>celebrata</span> <span class='ocrx_word' id='word_1_854' title='bbox 2436 3874 2501 3919; x_wconf 84' lang='lat' dir='ltr'>est</span> <span class='ocrx_word' id='word_1_855' title='bbox 2534 3868 2654 3912; x_wconf 80' lang='lat' dir='ltr'>dedi-</span> 
     </span>
     <span class='ocr_line' id='line_1_114' title="bbox 1424 3940 2652 4006; baseline -0.009 -12"><span class='ocrx_word' id='word_1_856' title='bbox 1424 3953 1536 3994; x_wconf 85' lang='lat' dir='ltr'>catio</span> <span class='ocrx_word' id='word_1_857' title='bbox 1562 3962 1638 4006; x_wconf 87' lang='lat' dir='ltr'>per</span> <span class='ocrx_word' id='word_1_858' title='bbox 1671 3949 1779 3991; x_wconf 89' lang='lat' dir='ltr'>duos</span> <span class='ocrx_word' id='word_1_859' title='bbox 1812 3948 1920 3998; x_wconf 86' lang='lat' dir='ltr'>dies,</span> <span class='ocrx_word' id='word_1_860' title='bbox 1948 3946 2019 4000; x_wconf 90' lang='lat' dir='ltr'>qui</span> <span class='ocrx_word' id='word_1_861' title='bbox 2057 3944 2286 3987; x_wconf 82' lang='lat' dir='ltr'>intermissi</span> <span class='ocrx_word' id='word_1_862' title='bbox 2323 3941 2508 3991; x_wconf 75' lang='lat' dir='ltr'>fuerant,</span> <span class='ocrx_word' id='word_1_863' title='bbox 2532 3948 2573 3983; x_wconf 90' lang='lat' dir='ltr'>et</span> <span class='ocrx_word' id='word_1_864' title='bbox 2607 3940 2652 3983; x_wconf 76' lang='lat' dir='ltr'>iri</span> 
     </span>
     <span class='ocr_line' id='line_1_115' title="bbox 1425 4012 2655 4074; baseline -0.009 -8"><span class='ocrx_word' id='word_1_865' title='bbox 1425 4024 1493 4067; x_wconf 90' lang='lat' dir='ltr'>die</span> <span class='ocrx_word' id='word_1_866' title='bbox 1514 4029 1683 4071; x_wconf 86' lang='lat' dir='ltr'>octavo,</span> <span class='ocrx_word' id='word_1_867' title='bbox 1702 4021 1744 4063; x_wconf 87' lang='lat' dir='ltr'>id</span> <span class='ocrx_word' id='word_1_868' title='bbox 1766 4026 1831 4063; x_wconf 87' lang='lat' dir='ltr'>est</span> <span class='ocrx_word' id='word_1_869' title='bbox 1856 4024 1949 4074; x_wconf 88' lang='lat' dir='ltr'>post</span> <span class='ocrx_word' id='word_1_870' title='bbox 1973 4018 2079 4060; x_wconf 81' lang='lat' dir='ltr'>duos</span> <span class='ocrx_word' id='word_1_871' title='bbox 2098 4014 2376 4070; x_wconf 81' lang='lat' dir='ltr'>septenarios,</span> <span class='ocrx_word' id='word_1_872' title='bbox 2392 4012 2554 4055; x_wconf 88' lang='lat' dir='ltr'>dimisit</span> <span class='ocrx_word' id='word_1_873' title='bbox 2574 4022 2655 4055; x_wconf 75' lang='lat' dir='ltr'>rex</span> 
     </span>
     <span class='ocr_line' id='line_1_116' title="bbox 1422 4082 2651 4150; baseline -0.011 -13"><span class='ocrx_word' id='word_1_874' title='bbox 1422 4092 1724 4150; x_wconf 85' lang='lat' dir='ltr'>populum.Vel</span> <span class='ocrx_word' id='word_1_875' title='bbox 1755 4091 1965 4134; x_wconf 74' lang='lat' dir='ltr'>dedica-tio</span> <span class='ocrx_word' id='word_1_876' title='bbox 1997 4087 2213 4131; x_wconf 88' lang='lat' dir='ltr'>continuis</span> <span class='ocrx_word' id='word_1_877' title='bbox 2235 4091 2393 4141; x_wconf 84' lang='lat' dir='ltr'>septem</span> <span class='ocrx_word' id='word_1_878' title='bbox 2417 4083 2569 4127; x_wconf 85' lang='lat' dir='ltr'>diebus</span> <span class='ocrx_word' id='word_1_879' title='bbox 2586 4082 2651 4124; x_wconf 86' lang='lat' dir='ltr'>sa-</span> 
     </span>
     <span class='ocr_line' id='line_1_117' title="bbox 1422 4154 2649 4220; baseline -0.012 -8"><span class='ocrx_word' id='word_1_880' title='bbox 1422 4176 1490 4213; x_wconf 86' lang='lat' dir='ltr'>cta</span> <span class='ocrx_word' id='word_1_881' title='bbox 1506 4175 1587 4218; x_wconf 80' lang='lat' dir='ltr'>est,</span> <span class='ocrx_word' id='word_1_882' title='bbox 1605 4154 1966 4220; x_wconf 74' lang='lat' dir='ltr'>etpostdecimam</span> <span class='ocrx_word' id='word_1_883' title='bbox 1991 4161 2212 4216; x_wconf 83' lang='lat' dir='ltr'>septimam</span> <span class='ocrx_word' id='word_1_884' title='bbox 2235 4157 2558 4202; x_wconf 86' lang='lat' dir='ltr'>dieminchoata</span> <span class='ocrx_word' id='word_1_885' title='bbox 2583 4161 2649 4198; x_wconf 77' lang='lat' dir='ltr'>est</span> 
     </span>
     <span class='ocr_line' id='line_1_118' title="bbox 1425 4224 2647 4292; baseline -0.011 -11"><span class='ocrx_word' id='word_1_886' title='bbox 1425 4237 1705 4292; x_wconf 75' lang='lat' dir='ltr'>scenopegia,</span> <span class='ocrx_word' id='word_1_887' title='bbox 1725 4240 1766 4277; x_wconf 88' lang='lat' dir='ltr'>et</span> <span class='ocrx_word' id='word_1_888' title='bbox 1804 4232 2029 4276; x_wconf 81' lang='lat' dir='ltr'>terminata</span> <span class='ocrx_word' id='word_1_889' title='bbox 2063 4230 2104 4271; x_wconf 92' lang='lat' dir='ltr'>in</span> <span class='ocrx_word' id='word_1_890' title='bbox 2139 4228 2337 4272; x_wconf 84' lang='lat' dir='ltr'>vicesima</span> <span class='ocrx_word' id='word_1_891' title='bbox 2375 4226 2514 4276; x_wconf 86' lang='lat' dir='ltr'>tertia,</span> <span class='ocrx_word' id='word_1_892' title='bbox 2535 4224 2647 4268; x_wconf 85' lang='lat' dir='ltr'>etin</span> 
     </span>
     <span class='ocr_line' id='line_1_119' title="bbox 1425 4296 2645 4363; baseline -0.013 -8"><span class='ocrx_word' id='word_1_893' title='bbox 1425 4321 1576 4355; x_wconf 56' lang='lat' dir='ltr'>octana</span> <span class='ocrx_word' id='word_1_894' title='bbox 1596 4307 1866 4363; x_wconf 84' lang='lat' dir='ltr'>Scenopegi·e</span> <span class='ocrx_word' id='word_1_895' title='bbox 1889 4310 1984 4361; x_wconf 87' lang='lat' dir='ltr'>post</span> <span class='ocrx_word' id='word_1_896' title='bbox 2010 4303 2226 4347; x_wconf 86' lang='lat' dir='ltr'>collectam</span> <span class='ocrx_word' id='word_1_897' title='bbox 2250 4299 2408 4344; x_wconf 90' lang='lat' dir='ltr'>dimisit</span> <span class='ocrx_word' id='word_1_898' title='bbox 2429 4296 2645 4355; x_wconf 83' lang='lat' dir='ltr'>populum.</span> 
     </span>
    </p>
   </div>
  </div>
 </body>
</html>
