2924 4588
118 135 202 191 '13¹5

874 138 943 184 DE
972 137 1173 186 onoma
1204 138 1272 184 ET
1304 137 1507 182 uAssthJ
1538 137 1790 185 CANONtc.
1819 139 2007 186 PRAEM.

2596 143 2678 188 474

119 237 236 282 aliud
257 247 388 287 vero,
412 235 527 291 quod
554 242 722 290 regeret
743 233 882 277 virile.
906 231 1054 279 Potest
1070 238 1115 276 et
1135 231 1189 276 ad
1211 242 1356 274 arcam
1383 232 1418 276 A
1495 229 1602 275 vm.
1636 230 1682 274 Si
1714 232 1847 288 igitur
1872 233 2061 288 perfecte
2083 202 2161 276 tibi
2188 238 2320 290 patet,
2353 232 2457 289 quid
2487 214 2683 290 mysterii

117 310 208 355 Noe
228 309 302 353 :in
323 320 406 365 qua
424 321 447 351 a
464 306 668 364 periculis
685 305 835 350 diluvii
854 305 1057 357 carnalis,
1076 309 1119 349 et
1141 303 1361 349 saecularis

49 435 52 438 ,
76 419 80 422 .
119 382 417 434 absconditur,
441 387 487 424 ut
509 393 598 424 non
619 391 718 424 cum
742 379 824 422 hoc
845 377 1007 421 mundo
1023 377 1266 423 damnetur.
1283 374 1363 418 Po-

47 506 50 507 ,
115 461 204 504 test
225 453 505 503 nibilominus
526 459 568 499 et
591 453 646 498 ad
669 451 886 497 somnium
912 448 1052 495 sancti
1074 448 1207 494 Jacob
1233 465 1243 493 :
1271 449 1358 501 cui,

71 563 74 567 .
118 522 223 574 dum
247 527 471 584 supposito
494 525 624 582 capiti
650 536 729 569 suo
750 523 906 579 lapide,
933 521 1122 567 suaviter
1159 521 1358 572 intendit,

119 598 279 648 scalam
298 614 322 644 a
338 606 454 645 terra
475 599 786 656 pertingentem
803 607 939 654 usque
958 596 1013 640 ad
1034 597 1193 647 coelos,v
1209 607 1362 640 ascen·

49 718 53 723 ,
119 685 301 729 sumque
323 673 572 728 angelorum
597 682 677 730 per
698 681 791 714 eam
815 667 983 726 aspexit
1017 674 1061 713 et
1084 668 1359 718 descensum,

51 738 54 806 J
117 746 345 805 ipsumque
362 741 588 787 Dominum
605 742 744 788 eidem
763 742 889 787 scalae
902 741 1114 786 innixum.
1135 740 1258 793 Quod
1274 740 1360 783 uti-

71 860 73 862 .
99 827 202 875 ,que
224 815 367 859 adhuc
389 814 516 859 hodie
538 814 601 865 tit,
631 825 730 857 cum
752 812 972 870 perfectus
1000 812 1178 869 quilibet
1210 811 1358 855 mundi

115 889 324 934 malitiam
348 888 532 946 fugiens,
560 887 675 944 quod
697 893 763 932 est
780 886 888 931 iram
912 885 1026 931 Esau
1048 886 1290 939 declinare,
1315 887 1358 929 in

46 967 48 971 ’
114 962 215 1007 vitae
238 961 468 1022 praesentisv
485 962 662 1015 itinere,
686 966 829 1004 mente
845 959 1021 1005 Christo
1039 960 1253 1005 inhaerens
1268 992 1279 1012 ,
1305 960 1358 1004 ab

47 1034 53 1075 ζ
115 1032 232 1078 omni
249 1033 419 1090 penitus
436 1034 716 1091 occupatione
739 1033 1002 1076 exteriorum
1022 1032 1357 1076 sollicitudinum

48 1100 51 1163 J
115 1101 342 1158 cessando,
366 1106 408 1150 in
432 1118 536 1163 pace
558 1103 812 1163 inidipsum
838 1104 1000 1148 dormit
1042 1110 1083 1149 ct
1108 1105 1354 1162 requiescit.

50 1222 53 1227 ,
114 1177 160 1223 ln
182 1190 267 1235 qna
284 1178 478 1234 profecto
501 1191 623 1235 pace,
648 1191 700 1222 eo
720 1178 887 1236 purius,
914 1191 999 1235 quo
1021 1177 1357 1236 quietius‚spiri-

114 1251 219 1294 tuali
233 1252 512 1308 conspicatur
536 1252 693 1301 intuitu
713 1252 938 1296 charitatis
961 1252 1137 1302 scalam,
1161 1264 1290 1308 quam
1313 1257 1356 1296 et

1441 306 1644 351 salutaris
1682 306 1900 349 contineat
1931 306 2147 350 desertum
2182 306 2338 363 Moysi,
2375 306 2479 362 quid
2514 307 2683 351 loculus

1439 378 1615 435 loseph,
1647 378 1752 434 quid
1779 378 1982 422 dormitio
2011 376 2161 429 Jacob,
2190 379 2290 434 quid
2318 390 2417 426 arca
2438 376 2542 428 Noe,
2577 378 2683 435 quid

1440 452 1565 510 243
1589 452 1774 509 denique
1807 451 2027 495 immissus
2052 463 2181 507 sopor
2203 452 2246 495 in
2267 451 2402 497 Adam
2417 485 2430 505 ,
2454 453 2615 509 poteris
2639 459 2682 497 et

1441 530 1755 581 consequenter
1806 512 2061 579 intelligere,
2115 523 2219 579 quid
2272 523 2473 579 persectae
2533 523 2684 569 innuat

1440 600 1614 656 qnietis,
1647 611 1724 643 seu
1756 598 1912 656 quietae
1938 597 2216 654 perfectionis
2245 604 2568 643 monumentum
2599 598 2677 641 Do-

1438 672 1563 725 mini,
1592 672 1708 728 quod
1731 677 1933 728 quartum
1966 683 2062 715 esse
2090 670 2231 714 locum
2265 668 2470 721 diximus,
2505 672 2548 714 in
2576 682 2678 726 quo,

1440 756 1564 789 sacro
1581 742 1624 789 id
1640 743 1766 788 nobis
1789 749 2010 788 reserante
2031 741 2278 799 Evangelio,
2295 741 2482 798 positum
2500 743 2684 799 legimus

1439 817 1782 864 sacratissimum
1811 829 1968 873 corpus
1995 816 2126 859 illius.
2159 814 2211 857 Et
2242 815 2414 871 quidem
2437 815 2686 862 sacratissi-

1438 904 1535 936 mus
1563 891 1685 936 locus
1717 897 1865 935 uterus
1899 888 2050 934 matris
2078 889 2332 945 virginalis,
2357 901 2436 935 nec
2456 888 2550 944 ejus
2579 900 2682 931 san-

1438 964 1602 1007 ctitatis
1624 962 1947 1020 praerogativam
1973 961 2187 1023 humanus
2222 960 2377 1016 aliquis
2402 959 2684 1014 comprehen-

1437 1037 1501 1083 dit
1523 1037 1784 1082 intellectus.
1819 1035 2022 1080 Sacratus
2045 1041 2087 1079 et
2111 1035 2181 1078 ille
2197 1066 2207 1084 ‚
2233 1033 2277 1078 in
2298 1046 2383 1090 quo
2399 1065 2410 1086 ‚
2437 1034 2592 1089 pannis
2616 1032 2683 1075 itt-

1435 1110 1626 1160 volutus,
1656 1107 1770 1152 Deus
1795 1107 1938 1152 infans
1957 1112 2023 1151 est
2040 1108 2292 1151 reclinatus.
2321 1106 2391 1150 Sic
2418 1111 2461 1149 et
2485 1113 2680 1150 sanctum

1434 1178 1502 1228 est
1521 1180 1761 1240 patibulum
1787 1181 1947 1231 crucis,
1972 1182 2016 1223 in
2035 1193 2121 1236 quo
2145 1192 2222 1236 pro
2245 1179 2396 1222 ovibus
2415 1179 2505 1222 suis
2531 1177 2684 1222 Pastor

1437 1256 1508 1301 ille
1532 1268 1703 1302 summe
1718 1254 1859 1299 bonus
1877 1254 1993 1299 dedit
2013 1253 2198 1296 animam
2220 1264 2355 1297 snam,
2377 1251 2683 1296 Verumtamen

114 1324 170 1367 ³²11
201 1324 286 1367 {¹¹18
318 1324 495 1367 dimissffle
518 1324 761 1380 0οΠψὲὃὸῐο
796 1326 898 1380 erg'a
930 1325 1190 1380 proximum·
1225 1330 1268 1369 et
1300 1325 1355 1376 ἃᾶ
1380 1311 1413 1358 Β
1434 1343 1532 1376 cum
1569 1329 1732 1387 ingenti
1770 1329 1939 1386 singula
1974 1328 2069 1372 loca
2104 1327 2194 1371 haec
2232 1328 2460 1370 sanctitate
2490 1325 2682 1381 praeemi-v

0 1384 3 1471 ᾇ
114 1406 282 1457 summa
316 1396 443 1453 erigit
479 1398 649 1442 devotio
683 1402 782 1454 erga
820 1396 969 1441 Deum.
996 1397 1190 1442 intuetur
1222 1398 1352 1443 etiam

112 1469 339 1528 purificato
355 1472 513 1516 mentis
531 1472 654 1515 oculo
678 1473 774 1515 vitae
797 1471 1116 1529 praedicatores,
1143 1485 1220 1529 per
1257 1485 1353 1520 eam

0 1540 2 1559 ³
36 1547 70 1583 ³:
111 1545 216 1590 etin
237 1555 290 1589 ea
327 1544 613 1589 ascendentes
647 1550 690 1589 et
714 1544 1024 1590 descendentes
1047 1558 1175 1602 super
1197 1543 1352 1590 Filium

0 1614 3 1682 J
63 1626 74 1642 ⁴<
112 1618 587 1678 bominiszipsumque‚
619 1619 689 1663 cui
715 1625 801 1663 tam
826 1619 872 1663 in
894 1620 1194 1673 ascendendo,
1224 1633 1354 1677 quam

0 1687 2 1705 *
111 1689 157 1739 in
195 1694 494 1742 descendendo
527 1694 807 1747 famulantur,
845 1700 888 1740 ct
925 1694 980 1739 ad
1015 1695 1355 1740 subveniendum

0 1757 2 1773 ¹
48 1758 70 1818 525
111 1772 374 1824 promptum,
410 1773 452 1811 et
483 1767 537 1813 ad
569 1768 932 1814 remunerandum
969 1772 1182 1826 paratum.
1215 1768 1354 1827 Hujus

0 1869 3 1880 ,
111 1853 298 1899 quoquc,
325 1842 368 1886 in
392 1841 476 1898 quo
495 1841 620 1887 nobis
640 1842 765 1886 dulce
786 1842 956 1887 videtur
970 1842 1183 1900 loquendo
1203 1843 1355 1888 immo—

112 1916 217 1966 rari,
244 1916 510 1961 monumenti
533 1922 744 1960 secretum
771 1925 920 1968 suave,
945 1921 988 1961 et
1009 1913 1264 1962 sua‘vit'atem
1288 1931 1356 1964 se-

0 2007 12 2028 «
112 1995 275 2033 cretam
311 2001 390 2047 per
425 1988 546 2031 illum
580 1988 775 2046 accipere
812 1984 1044 2045 possumus
1076 1990 1280 2043 loculum,
1312 1991 1356 2035 in

0 2061 12 2126 ³}
63 2082 67 2097 κ
113 2075 198 2118 quo
222 2069 318 2119 post
342 2067 524 2106 mortem
553 2062 723 2118 positus
747 2067 812 2106 cst
840 2067 1017 2107 sanctus
1045 2062 1220 2120 Joseph.
1246 2064 1355 2109 Dicit

36 2166 58 2186 ,ς
112 2136 324 2192 siqnidem
344 2149 469 2182 sacra
491 2135 670 2182 historia
707 2141 749 2179 et
771 2148 903 2180 verax
923 2153 932 2179 :
952 2135 1066 2193 qnod
1082 2143 1270 2180 mortuus
1293 2145 1356 2182 eat

0 2200 13 2259 J
46 2204 78 2248 ‘'²-
112 2218 273 2255 centum
301 2218 339 2254 et
369 2200 506 2256 decent
539 2212 758 2262 annorum,
794 2216 834 2253 et
871 2211 1059 2255 conditus
1099 2210 1355 2255 aromatibus

0 2275 13 2299 “”
112 2287 313 2342 repositus
340 2294 401 2330 est
424 2287 468 2330 iu
493 2285 625 2330 loculo
649 2286 692 2331 in
710 2283 892 2342 AEqypto
914 2285 1033 2344 (Gen.
1059 2299 1100 2339 ι,
1120 2285 1213 2344 ⁴25).
1240 2285 1352 2334 Cen-

0 2384 3 2386 ·
109 2364 202 2403 ῑῦῖῃ
228 2367 271 2403 ei
295 2359 441 2406 ‘'leessm
477 2369 686 2403 almorum
723 2365 828 2405 ‘25³⁵
863 2357 956 2420 ipsa
977 2366 1044 2405 3⁵¹
1067 2360 1352 2417 PsObahffiUm
1376 2388 1410 2435 G
1436 2369 1645 2416 albiszut
1676 2381 1753 2426 per
1788 2367 1871 2411 hoc
1908 2365 2131 2413 nimirum,
2170 2363 2310 2406 locum
2350 2360 2465 2403 hunc
2487 2357 2541 2401 ab
2565 2356 2677 2407 aliis,

111 2444 278 2475 morum
317 2433 573 2477 maturitas:
599 2432 644 2477 in
686 2431 933 2478 centenaria
965 2433 1063 2477 vitae
1092 2432 1354 2490 perfectione

35 2502 40 2508 '
110 2509 152 2548 ct
190 2503 386 2561 Decalogi
427 2505 668 2550 consistens
702 2505 1016 2568 observatione.
1043 2505 1149 2555 Mori
1173 2519 1277 2551 vero
1301 2508 1353 2551 ab

110 2579 300 2635 appetitu
338 2578 596 2629 visibilium,
631 2589 709 2634 pet·
740 2579 913 2624 vitalem
936 2581 1165 2636 quamdam
1190 2581 1354 2625 exstin-

0 2660 4 2719 ᾗ
109 2655 295 2696 ctionem
330 2653 502 2703 mentis,
536 2652 791 2696 mortificari
829 2659 911 2698 est.
947 2652 1226 2700 Aromatibus
1249 2666 1354 2698 con-

109 2726 210 2778 diri,-
233 2725 441 2769 virtutum
466 2731 531 2770 est
556 2725 847 2770 odoramentis
864 2727 1080 2783 componi.
1100 2726 1147 2771 ln
1166 2727 1353 2785 AEgypto

109 2811 211 2842 vero
234 2799 277 2842 in
303 2799 489 2842 loculum
523 2799 690 2855 reponi,
717 2804 783 2842 est
807 2799 1010 2856 quamdiu
1034 2803 1257 2856 praesentis
1279 2808 1353 2846 cx-

111 2871 196 2915 silii
233 2871 407 2915 caecitas
440 2870 585 2925 durat,
610 2871 652 2914 in
679 2871 849 2916 interno
878 2874 1035 2918 mentis
1074 2880 1242 2919 secreto
1278 2875 1354 2919 ab·

59 2934 63 2940 ⁴
110 2944 274 2988 scendi.
315 2943 367 2990 Et
403 2949 550 2988 notate
566 2976 578 2996 ‚
622 2957 785 3001 quaeso,
835 2945 1029 2991 ordinem
1073 2946 1352 3005 perfectionis

0 3019 4 3037 ²
46 3055 47 3058 ,
70 3035 82 3054 .·
111 3018 252 3062 istius.
269 3010 422 3062 'Primo
443 3022 572 3062 tantae
585 3019 724 3063 aetatis
743 3018 1003 3073 describitur
1019 3018 1153 3066 fuisse
1175 3029 1352 3068 sanctus

58 3091 62 3094 ’
109 3089 282 3146 loseph,
296 3090 451 3136 deinde
468 3097 682 3143 mortuus,
701 3098 743 3136 et
760 3093 824 3137 sic
842 3094 1108 3142 aromatibus
1121 3095 1347 3142 conditus:

58 3170 59 3175 ’
110 3164 342 3211 novissime
360 3179 461 3210 vero
485 3166 643 3211 dicitur
679 3166 733 3212 de
764 3179 832 3220 eo,
863 3167 979 3227 quod
1012 3170 1057 3214 in
1095 3171 1236 3215 loculo
1259 3179 1351 3222 erat

112 3241 339 3296 repositus.
370 3240 460 3285 Hoc
482 3233 720 3298 essep'uto,
747 3243 863 3304 quod
886 3244 1173 3301 ingressurum
1197 3247 1351 3292 asserit

112 3319 305 3358 sanctum
323 3313 402 3357 Iol)
418 3314 591 3371 quidam
616 3315 853 3361 anticorum
875 3318 984 3374 ejus,
1010 3320 1130 3376 quasi
1154 3320 1196 3363 in
1220 3320 1352 3362 abun-

111 3387 257 3431 dantia
293 3389 555 3444 sepulcrum,
595 3392 700 3434 sicut
736 3391 914 3447 infertur
947 3407 1114 3438 acervus
1149 3396 1276 3438 tritici
1308 3397 1350 3439 in

1433 1411 1580 1458 neant,
1621 1404 1788 1448 nullum
1824 1413 1975 1447 eorum
1997 1401 2154 1458 legitur
2178 1402 2355 1456 angelus
2380 1400 2423 1442 in
2447 1398 2555 1442 albis
2579 1397 2684 1442 visi-

1431 1485 1565 1524 tasse.
1590 1477 1695 1522 Nam
1721 1477 1964 1534 ingressum
1989 1475 2122 1520 fuisse
2140 1476 2336 1531 angelum
2364 1472 2603 1516 Gabrielem
2628 1470 2682 1514 ad

1433 1552 1656 1610 Virginem
1679 1550 1943 1606 evangelista
1967 1549 2098 1602 dicit;
2129 1547 2203 1592 sed
2231 1547 2347 1603 quod
2371 1546 2480 1592 albis
2500 1544 2681 1589 vestitus

1434 1627 1577 1679 suerit,
1609 1639 1696 1671 non
1727 1625 1847 1670 dicit.
1873 1623 1925 1668 Et
1940 1623 2055 1679 quod
2079 1622 2247 1666 videtur
2276 1621 2328 1664 ad
2366 1631 2556 1676 praesepe
2581 1630 2679 1677 spe„

1434 1705 1569 1751 ctare,
1587 1697 1839 1757 apparuisse
1857 1696 2103 1753 pastoribus
2121 1694 2293 1751 angelos
2308 1693 2504 1749 legimus,
2523 1696 2566 1734 et
2582 1691 2681 1736 licet

1435 1784 1532 1817 cum
1551 1772 1748 1816 claritate
1769 1770 1897 1822 lucis,
1922 1774 2172 1817 nontamen
2195 1767 2239 1810 in
2262 1766 2388 1809 albis.
2417 1763 2469 1806 Et
2492 1775 2589 1808 cum
2613 1762 2682 1824 sa-

1435 1856 1524 1892 ccus
1551 1853 1655 1905 esset
1679 1846 1723 1889 in
1745 1845 1910 1902 ticonio,
1931 1853 1970 1887 et
1992 1843 2197 1899 prolixius
2223 1847 2359 1885 oraret
2379 1837 2589 1882 Sacerdos
2610 1837 2683 1880 illo

1435 1934 1632 1979 magnus,
1661 1927 1702 1964 et
1727 1920 1771 1963 in
1796 1919 1993 1976 proximo
2030 1918 2170 1961 hostia
2211 1915 2408 1966 futurus3
2449 1910 2619 1969 quando
2641 1918 2682 1954 ct

1435 1997 1572 2053 (acius
1598 2003 1657 2040 cat
1685 1995 1813 2038 sudor
1834 1994 1941 2050 eJus,
1967 1995 2075 2035 sicut
2106 1997 2234 2047 qrtlce
2270 1988 2498 2045 sanguinis,
2534 1985 2681 2028 decur-

1436 2072 1562 2115 rentis
1586 2070 1628 2112 in
1652 2076 1806 2112 terram
1830 2066 1947 2124 (Luc.
1977 2078 2091 2114 xm,
2115 2064 2203 2120 45),
2230 2061 2427 2119 apparuit
2461 2060 2517 2111 ei,
2553 2065 2681 2115 prout

1434 2144 1616 2202 potestis
1634 2144 1822 2200 legentes
1846 2153 2094 2197 agnoscere,
2119 2141 2293 2197 anysius
2305 2135 2543 2192 confortans
2562 2145 2679 2176 eum:

1434 2233 1523 2268 non
1546 2227 1689 2266 tamen
1711 2220 1755 2262 in
1778 2217 1886 2262 albis
1909 2230 2005 2261 eum
2027 2216 2166 2271 legitis
2193 2214 2325 2258 luisse
2347 2211 2562 2256 vesti-tum.
2596 2208 2681 2264 Ap«

1434 2295 1579 2353 paruit
1605 2306 1779 2351 quoque
1803 2290 1854 2335 ad
1876 2295 2202 2334 monumentum
2241 2287 2447 2343 angelus:
2476 2285 2599 2338 isque
2636 2282 2680 2324 in

1433 2455 1530 2501 quae
1551 2438 2003 2496 modocompendiose
2028 2436 2268 2492 tetigimus,
2298 2431 2578 2489 praerogativa
2602 2427 2679 2471 ali—

1432 2529 1518 2574 qua
1552 2515 1799 2570 discrepare
1836 2511 2088 2557 sentiamus.
2130 2509 2182 2554 Et
2214 2508 2315 2564 quid
2355 2506 2398 2550 in
2435 2504 2558 2552 albis,
2595 2501 2679 2560 nisi

1433 2589 1715 2648 praerogativa
1752 2587 1990 2644 spiritualis
2037 2584 2247 2639 accipitur
2280 2579 2603 2626 exsultationis?
2638 2583 2678 2622 et

1433 2666 1523 2710 haec
1561 2663 1804 2721 specialiter
1833 2666 1999 2704 secreto
2031 2659 2241 2701 Dominici
2283 2655 2477 2711 congruit
2526 2665 2679 2696 monu-

1433 2739 1580 2783 menti.
1608 2738 1805 2794 Magnum
1836 2733 2046 2791 siquidem·
2075 2734 2252 2781 lienum,
2280 2730 2410 2773 verbo
2433 2728 2485 2771 ad.
2509 2727 2678 2770 soecun-

1431 2813 1611 2857 (litatem
1629 2809 1941 2855 recordationis
1959 2807 2148 2862 implcri;
2178 2805 2307 2849 verbo
2332 2803 2382 2847 ad
2405 2802 2676 2852 sanctitatem

1432 2887 1669 2944 Religionis
1694 2885 1883 2938 institui;
1916 2884 2048 2928 verbo
2071 2882 2198 2926 etiam
2224 2880 2277 2923 ad
2303 2879 2435 2923 robur
2457 2876 2675 2921 fortitudi*

1432 2962 1501 3006 nis
1524 2960 1664 3004 inniti.
1687 2958 1897 3003 Caeterum
1921 2955 2184 3013 praecellens,
2208 2960 2250 2998 et
2273 2953 2475 2996 exImium
2491 2983 2502 3001 ,
2529 2949 2581 2992 ad
2607 2961 2678 2993 so-

1432 3035 1699 3081 lemnitatem
1722 3031 1854 3076 animi
1877 3029 2026 3086 quieti,
2053 3034 2094 3072 ct
2118 3026 2354 3082 tranquilli,
2377 3024 2508 3068 verbo
2532 3024 2581 3066 ad
2606 3023 2677 3078 ju-

1432 3108 1697 3152 cunditatem
1730 3105 1831 3149 srui.
1856 3104 1892 3149 Ο
1914 3102 2096 3158 impleri,
2121 3114 2146 3144 o
2170 3099 2355 3151 Institui,
2391 3112 2417 3142 o
2455 3096 2607 3147 inniti,
2650 3108 2676 3138 o

1433 3180 1541 3224 frui!
1569 3172 1736 3235 impleri
1758 3177 1811 3221 ad
1838 3176 2176 3226 foecunditatem,
2205 3173 2371 3217 institui
2395 3172 2446 3216 ad
2472 3171 2677 3215 sanctita-

1432 3258 1540 3302 tem,
1580 3250 1706 3295 inniti
1739 3249 1792 3293 ad
1829 3249 2119 3298 securitatem,
2154 3246 2233 3289 frui
2265 3246 2317 3290 ad
2343 3244 2672 3301 jucunditatem.

1433 3325 1554 3379 Quod
1583 3325 1734 3368 ultimo
1771 3325 1865 3366 loco
1906 3323 2028 3378 posui
2065 3321 2232 3365 caeteris
2259 3321 2396 3363 tribus
2420 3318 2674 3374 speciosius,

1433 3398 1681 3455 pretiosius,
1721 3397 1924 3453 quietius,
1966 3396 2179 3447 securius,
2221 3394 2406 3445 dulcius,
2451 3390 2678 3435 delectabi-

113 3466 287 3517 tempore
321 3476 397 3511 suo
427 3458 522 3520 (Jo'b
549 3478 587 3517 v,
629 3464 717 3522 26).
742 3464 787 3509 In
812 3467 887 3517 tali
908 3467 1052 3524 itaque
1074 3473 1223 3520 telate,
1251 3483 1348 3526 pcr—
1374 3480 1409 3523 ι)
1432 3473 1531 3522 lius,
1558 3476 1598 3515 et
1621 3471 1795 3515 suavius
1817 3474 1897 3514 est.

113 3533 238 3586 rectio
270 3534 498 3597 Religiosae
533 3540 903 3594 conversationis,
944 3542 988 3584 in
1024 3548 1164 3587 morte
1206 3543 1349 3594 illius,

55 3603 59 3612 ³
114 3614 381 3666 contemptus
421 3611 520 3655 vitae
555 3614 778 3668 praesentis
822 3614 1097 3671 designatur;
1137 3629 1267 3673 porro
1308 3618 1349 3661 in

115 3683 386 3728 condimento
405 3691 661 3739 aromatum,
682 3687 971 3743 spiritualium
992 3691 1246 3745 compositio
1265 3691 1351 3735 vii-2

113 3761 247 3800 tutum
266 3772 278 3813 ;
295 3758 668 3812 repositiomortui
692 3760 736 3803 in
757 3760 914 3813 loculo,
935 3763 1192 3810 suavissima
1226 3764 1350 3819 quies

113 3835 154 3876 et
169 3830 436 3885 'quietissima
455 3832 645 3877 suavitas
662 3833 774 3889 ejus,
793 3835 866 3890 qui
888 3835 1011 3891 plene
1027 3836 1268 3883 exstinctus
1284 3836 1370 3881 cst

114 3903 287 3956 mttndo,
315 3903 358 3948 in
378 3904 530 3950 intimo
550 3908 706 3952 mentis
728 3915 910 3953 secreto.
935 3907 999 3952 Ad
1022 3909 1135 3965 quod
1157 3911 1351 3967 prolecto

112 3974 265 4021 mentis
286 3983 515 4030 secretum,
541 3990 639 4022 cum
658 3980 804 4028 ovium
817 4013 828 4032 ‚
852 3993 978 4038 quem
999 3981 1157 4037 pascit,
1173 3995 1349 4039 -gregem

83 4090 86 4093 ,
113 4047 244 4115 minat
268 4055 443 4095 sanctus
469 4049 658 4109 Moyses,
683 4066 882 4110 magnam
907 4055 951 4098 in
977 4063 1118 4099 monte
1140 4057 1350 4101 visionem

85 4123 88 4126 ’
111 4119 247 4175 viden
265 4124 365 4179 quia
388 4129 492 4168 tunc
507 4126 710 4170 nimirum
730 4127 782 4171 ad
799 4128 980 4173 sublime
998 4130 1101 4185 quid
1119 4131 1349 4177 videndum

114 4190 156 4236 in
179 4198 553 4254 contemplationis
577 4201 822 4245 summitate
845 4202 1053 4260 pertingis
1069 4235 1079 4254 ‚
1104 4216 1200 4248 cum
1225 4206 1350 4251 inno-

113 4264 236 4336 cuam
263 4267 569 4323 cogitationum
605 4271 862 4329 simplicium
892 4274 1203 4330 collectionem,
1239 4288 1347 4332 quas

107 4337 242 4382 'verbo
267 4338 342 4387 Dei
368 4345 526 4394 nutris,
546 4345 598 4388 ad
619 4345 763 4389 intima
787 4346 989 4402 perducis
1009 4350 1164 4392 secreti
1190 4364 1200 4393 :
1231 4350 1346 4406 quod

114 4411 180 4450 est
213 4407 399 4468 Moy-sem
451 4429 610 4473 qreqcm
651 4419 710 4461 ad
752 4420 951 4463 interiora
993 4421 1150 4465 nzinare
1194 4421 1346 4465 deserti

115 4476 265 4531 (Exod.
294 4496 355 4540 ιη,
383 4485 441 4542 l).
482 4476 486 4479 ”

1481 3543 1558 3587 lx.
1594 3543 1653 3586 Et·
1683 3545 1764 3587 hoc
1805 3543 1989 3600 pertinet
2027 3541 2080 3585 acl
2120 3547 2463 3591 monumentum,
2506 3539 2549 3582 in
2589 3548 2674 3593 quo

1432 3618 1631 3669 viderunt
1669 3617 1865 3671 angelum
1906 3622 2066 3659 sanctae
2104 3614 2305 3657 mulieres
2347 3613 2456 3658 stola
2493 3610 2674 3654 candida

1431 3697 1695 3745 coopertum.
1731 3686 1825 3744 Non
1847 3687 1984 3730 solum
2010 3686 2226 3742 angelum.
2251 3686 2325 3728 sed
2348 3691 2389 3728 ct
2408 3684 2517 3728 duos
2542 3684 2672 3726 Maria

1430 3762 1536 3807 vidit
1573 3761 1763 3818 angelos,
1800 3760 1909 3804 albis
1951 3759 2139 3802 indutos.
2174 3757 2385 3801 Yidcrunt
2417 3763 2458 3801 et
2490 3757 2671 3813 apostoli

1432 3835 1476 3878 in
1499 3833 1752 3878 ascensione
1777 3831 1945 3874 Domini
1979 3831 2088 3873 duos
2114 3830 2156 3871 in
2192 3829 2301 3873 albis
2330 3828 2515 3872 vestibus
2539 3828 2669 3872 viros.

1432 3907 1514 3951 Sed
1539 3915 1579 3951 et
1603 3907 1692 3962 ipsc
1714 3904 1925 3949 Dominus
1947 3903 1990 3946 in
2011 3903 2390 3959 transfiguratmnc
2415 3913 2508 3953 sua,
2534 3902 2576 3945 in
2600 3914 2674 3945 ve-

1431 3979 1647 4024 stimentis
1669 3978 1780 4022 albis
1803 3977 1959 4034 legitur
1983 3976 2250 4032 apparuisse.
2292 3974 2381 4031 Ego
2404 3981 2524 4030 puto,
2553 3975 2672 4018 salvo

1430 4052 1727 4112 profundiore,
1752 4057 1794 4095 ct
1820 4050 2154 4106 congruentiore
2185 4061 2333 4100 sensu,
2367 4049 2440 4104 qui
2462 4049 2670 4093 sacratio-

1429 4129 1566 4178 ribus,
1602 4131 1644 4170 et
1676 4124 1973 4170 subtilioribus
2004 4124 2310 4174 intellectibus,
2345 4121 2671 4166 administrante

1429 4202 1632 4249 unct-ione
1655 4201 1743 4252 illa,
1775 4212 1870 4256 quae
1893 4199 2018 4243 docet
2053 4198 2104 4242 dc
2129 4198 2346 4248 omnibus,
2373 4202 2489 4252 patet
2513 4197 2554 4239 in
2579 4196 2666 4246 his,

1426 4274 1478 4320 de
1496 4275 1653 4332 quibus
1674 4274 1803 4317 modo
1825 4273 2011 4316 breviter
2038 4272 2272 4327 tetigimus,
2296 4271 2367 4325 ubi
2394 4277 2435 4313 et
2457 4271 2550 4314 alba
2576 4271 2667 4313 visa

1426 4347 1560 4391 fuisse
1593 4347 1847 4391 vestimenta
1888 4345 2086 4401 legimus,
2123 4345 2278 4400 triplex
2308 4355 2442 4398 genus
2475 4349 2668 4390 contem·

1426 4419 1624 4476 plutionis
1650 4418 1851 4462 theoricae
1884 4430 1962 4461 nos
1999 4429 2126 4472 posse
2160 4421 2323 4459 notare.
2371 4415 2578 4466 Viderunt,
2607 4417 2666 4458 ait

1427 4493 1703 4550 evangelista,
1722 4492 1912 4548 juvenem
1938 4491 2139 4535 sedentem
2168 4491 2206 4533 in
2231 4490 2403 4542 destris,
2432 4496 2675 4543 coopertam·
