2924 4588
270 147 404 192 ils-1·
563 168 592 202 .

1131 136 1298 180 snam
1330 122 1921 179 PRAEMONSTRATENSIS

2753 129 2836 174 ass
2859 113 2878 199 J.

269 239 571 286 rectitudinem
589 234 840 280 intentio-is
869 232 949 280 soli
968 230 1059 277 nco
1079 232 1249 291 placere
1271 230 1404 284 cupit,
1433 204 1507 284 per
1530 233 1565 274 Α
1587 237 1695 282 qnos
1721 223 1992 279 frequentare
2026 221 2165 264 solent
2197 219 2448 276 spectuativi
2471 219 2833 276 consideratores,
2896 218 2897 221 ’

269 312 459 361 studium
506 307 823 368 praedieationis
858 307 1124 360 ignorantem
1162 303 1402 358 proximum
1445 301 1509 342 in-

268 383 431 429 struit?
444 381 571 439 plane
590 380 668 424 Cic
693 378 852 434 Spiritu
883 383 1035 421 sancto
1056 377 1223 432 plenus,
1250 374 1321 430 qui
1347 373 1507 416 incerta

267 462 310 502 et
333 455 503 500 occulta
525 452 763 509 cognoscit,
788 452 905 494 clare
926 449 1078 493 videns
1111 461 1205 504 quae
1229 446 1391 503 agenda
1410 451 1510 488 sunt

265 538 397 584 opera
424 525 617 582 justitiae,
656 523 842 568 sollicite
877 521 995 573 facit,
1035 522 1277 576 proximum
1311 518 1511 561 ardenter

267 598 469 648 amando,
500 596 574 652 qui
605 593 771 640 nullum
795 592 972 639 omnino
994 591 1169 634 humani
1206 590 1257 632 ad
1282 602 1328 633 se
1352 589 1510 631 favoris

266 671 500 727 appetitum
528 667 732 717 admittit,
751 665 909 709 divinis
926 664 1063 709 solum
1083 663 1266 707 occultis
1289 661 1510 706 obtutibus

266 743 438 799 placere
468 740 688 796 gestiens:
721 739 795 794 qui
818 737 1002 792 denique
1036 735 1254 779 Clu-istum
1281 734 1439 790 ubique
1469 738 1511 775 ct

265 814 435 858 sincere
458 810 702 862 annuntiat,
729 821 999 866 nequaquam
1025 809 1202 851 verbum
1229 805 1306 849 Dei
1344 805 1511 848 adulte-

265 896 385 935 rans,
405 883 517 927 sicut
535 893 588 927 ex
606 881 710 934 Deo,
731 892 876 924 coram
902 880 1006 931 Deo,
1027 881 1069 922 in
1093 880 1289 935 proximo
1312 878 1508 933 loquens.

262 957 357 1001 Jam
376 956 508 1008 dicat,
527 956 643 1006 veni,
664 956 739 1011 qni
764 955 827 999 sic
841 953 1031 1005 andivit;
1051 951 1201 995 doceat
1225 950 1290 993 sic
1311 950 1508 999 edoctus,

263 1031 448 1074 instruat
463 1029 524 1073 sic
548 1028 786 1072 instructus
806 1042 815 1069 z
838 1036 1110 1080 nequaquam
1122 1022 1285 1066 errabit
1301 1022 1365 1066 sic
1383 1021 1512 1065 clari-

1589 298 1790 341 videlicet
1811 291 2223 350 contemplationum
2269 292 2402 344 modi,
2429 304 2612 349 quorum
2649 294 2837 339 arbitror

1589 360 1864 415 Psalmistam
1903 367 2045 411 facere
2067 367 2328 411 mentionem
2354 367 2425 409 uhi
2448 366 2553 409 dicit
2574 365 2628 411 de
2653 366 2839 424 quibus·

1590 443 1705 492 dam,
1735 440 1851 497 quod
1870 439 2096 484 ascendunt
2118 450 2245 495 usque
2260 436 2315 480 ad
2340 438 2462 480 coelos
2486 436 2623 493 (Psoi.
2641 448 2718 490 cu,
2741 438 2835 499 26),
2867 427 2895 494 ,ξ

1591 528 1667 570 pro
1692 526 1742 559 eo
1758 513 1874 569 quod
1888 512 1939 555 ad
1952 513 2147 556 excelsos
2167 512 2412 567 pertingunt
2431 510 2839 571 contemplationum

1591 589 1759 631 modos.
2848 625 2850 628 .

1645 659 1750 703 vill.
1779 658 1830 701 lli
1869 662 1971 702 sunt
2005 653 2128 719 *quos
2170 656 2292 700 vobis
2331 655 2472 717 modo,
2497 658 2850 712 annuntiamus,
2871 661 2882 694 ··T

1593 732 1711 781 coeli,
1737 731 1781 774 in
1814 730 1973 786 quihus
1995 716 2160 772 habitat
2184 728 2272 781 ille,
2314 728 2382 771 cui
2421 727 2672 784 quotidiana
2707 729 2878 782 devo-tm-

1594 804 1711 847 tione
1736 803 1926 846 solemus
1947 801 2093 844 dicere
2113 815 2124 844 :
2143 798 2271 843 Pater
2304 806 2459 851 noster,
2483 801 2556 857 qm·
2586 813 2628 844 es
2657 802 2701 845 tn
2724 800 2840 847 coetia
2875 832 2891 842 -,

1593 875 1764 935 (ΜαιιΙι.
1785 886 1845 926 vi,
1862 873 1923 931 9).
1948 872 2034 917 'Sed
2060 878 2102 918 et
2127 878 2304 917 sanctus
2320 871 2482 916 David:
2505 872 2572 916 Aa
2597 880 2651 924 te,
2679 873 2839 931 inquit,
2860 899 2862 902 >

1592 948 1719 991 levavi
1744 945 1885 989 oculos
1909 957 2035 996 meos,
2054 945 2124 1002 qni
2145 943 2311 987 habitas
2334 945 2378 987 in
2398 945 2511 990 coelis
2536 943 2681 1002 (Pani.
2699 954 2865 1000 cxxnp.

1594 1021 1650 1077 1).
1679 1018 1842 1063 Vellem
1867 1018 1996 1069 scire,
2018 1018 2056 1062 si
2075 1016 2224 1062 datum
2254 1022 2367 1061 esset
2397 1017 2527 1062 alicui
2557 1023 2750 1067 vestrum
2771 1019 2867 1063 vi.»

1590 1091 1692 1138 dere
1711 1094 1793 1138 hos
1817 1093 1951 1137 coelos
1987 1097 2185 1148 apertos;
2227 1099 2270 1135 et
2299 1091 2473 1148 quando
2502 1091 2548 1135 hi
2577 1092 2707 1141 nobis
2736 1092 2886 1143 cmii--

263 1173 316 1216 ad
341 1172 425 1215 ulla
450 1183 495 1216 se
513 1171 693 1214 distorta
715 1169 939 1213 inciinabit
963 1168 1026 1212 sic
1039 1173 1210 1211 erectus
1230 1165 1306 1223 [al.
1327 1164 1507 1222 rectus].
1590 1170 1862 1227 aperiuntur,
1898 1168 1983 1212 nisi
2013 1168 2187 1225 quando
2207 1179 2358 1211 eorum
2399 1167 2526 1213 nobis
2549 1167 2839 1224 proprietate.
2860 1168 2889 1217 j»

260 1244 314 1290 Et
336 1245 432 1288 ideo
450 1244 736 1300 ‹piodeunqne
768 1240 872 1283 illud
897 1246 961 1284 est
985 1240 1142 1283 coelum
1161 1239 1202 1282 in
1228 1238 1343 1294 quod
1367 1237 1511 1282 inten-
1590 1242 1870 1287 revelantur?
1895 1251 1995 1284 nam
2019 1241 2146 1296 quasi
2171 1239 2323 1283 tandiu
2349 1251 2396 1284 se
2415 1239 2542 1285 nobis
2566 1239 2739 1284 clausos

260 1317 339 1370 dit,
381 1319 714 1373 qualiscunque,
756 1322 1090 1371 quantacunque
1130 1319 1196 1357 est
1235 1312 1371 1368 gloria
1415 1311 1507 1364 Dei,
1536 1301 1567 1344 Β
1593 1315 1757 1366 hibent,
1782 1313 1975 1372 quandiu
1999 1308 2154 1357 eorum
2190 1312 2480 1369 proprietates
2502 1312 2629 1356 nobis
2651 1323 2739 1357 non

260 1400 390 1444 quam
430 1388 564 1440 videt,
608 1399 761 1431 secure
803 1386 929 1429 nobis
961 1385 1120 1429 revelet
1143 1399 1153 1429 t
1180 1390 1223 1428 et
1251 1396 1350 1427 cum
1385 1384 1510 1428 beato
1593 1398 1698 1437 iem,
1722 1392 1850 1438 meva
1873 1403 1988 1438 „unc
2006 1391 2155 1435 ocffioe
2187 1395 2287 1434 mos
2303 1390 2354 1433 ad
2374 1389 2526 1441 coelos,
2550 1399 2662 1446 quos
2692 1386 2875 1437 brevi«,

261 1460 479 1518 Stephano
500 1460 652 1517 plenus
678 1459 843 1516 Spiritu
858 1465 1010 1503 sancto
1035 1458 1264 1502 intendens
1290 1459 1334 1501 in
1353 1458 1510 1501 coelnm
1592 1472 1656 1510 ter
1678 1465 1872 1522 proxime
1896 1464 2141 1520 attigimus,
2169 1462 2207 1507 si
2231 1461 2343 1519 forte
2372 1461 2567 1518 potueris
2594 1473 2668 1506 eos
2691 1459 2789 1505 uide
2862 1449 2874 1515 J]

258 1539 302 1578 et
317 1533 466 1577 videns
489 1534 668 1589 gloriam
694 1532 785 1584 Dei,
813 1534 1022 1576 exclamet
1046 1537 1087 1574 et
1109 1531 1250 1574 dicat:
1274 1530 1377 1574 Ecce
1397 1529 1509 1573 video
1591 1545 1777 1595 apertos.
1793 1536 1879 1594 ipsi
1907 1541 2009 1581 sunt
2029 1535 2237 1582 sublimes
2259 1533 2670 1590 contemplationum
2687 1533 2803 1578 modi

258 1605 381 1649 coelos
396 1613 576 1659 apertos,
596 1616 633 1648 et
648 1604 806 1647 Filium
822 1604 998 1648 hominis
1012 1611 1189 1648 stantem
1207 1613 1231 1646 a
1247 1602 1403 1646 dextris
1423 1603 1509 1646 vir-
1590 1623 1614 1654 a
1630 1610 1789 1667 quibus
1814 1609 2028 1665 incipiens
2068 1607 2260 1652 omn-mm
2291 1608 2463 1651 illorum
2487 1607 2696 1652 emotum
2711 1606 2883 1665 aper-‘3¹¹

262 1102 432 1150 fiemus,
453 1110 725 1155 nequaquam
738 1095 925 1140 offendet
940 1097 1002 1139 sic
1019 1095 1221 1139 affectus:
1238 1105 1510 1149 nequaquam

260 1681 361 1723 tutis
381 1678 460 1723 Dei
481 1679 593 1737 (Act.
619 1690 696 1729 vn,
718 1679 808 1736 55).

315 1748 404 1795 vn.
429 1751 527 1804 Qui,
551 1758 698 1809 putas,
719 1750 764 1795 lii
787 1750 886 1795 coeli
903 1755 1021 1801 sunt,
1048 1760 1158 1806 quos
1181 1749 1295 1794 videt
1310 1749 1508 1807 apertos?

258 1836 338 1883 ego
359 1831 466 1882 puto
490 1827 624 1870 coelos
644 1826 805 1870 habere
826 1825 1043 1869 diversam
1081 1822 1439 1880 significationem
1462 1821 1507 1865 in

257 1910 440 1944 numero
461 1900 615 1956 plurali
639 1899 854 1954 sicu‘tJam
878 1898 922 1941 in
944 1906 1142 1942 sermone
1158 1896 1413 1952 praecedenti
1431 1897 1509 1939 ha-

257 1971 360 2018 bere
402 1971 671 2018 ostendimus
707 1973 752 2015 in
796 1971 1021 2027 singulari.
1061 1968 1170 2013 Sunt
1200 1970 1313 2013 enim
1340 1970 1438 2013 coeli
1465 1974 1510 2013 et

254 2045 431 2103 quidem
448 2047 571 2091 valde
586 2046 764 2097 excelsi,
794 2045 932 2089 sancti
954 2044 1110 2101 angeli,
1141 2045 1194 2088 de
1215 2043 1374 2100 quilius
1406 2055 1507 2101 san-

255 2124 352 2161 ctus
385 2116 548 2161 David:
576 2116 694 2168 Gaeti,
723 2117 878 2173 inquit,
905 2115 1211 2159 distillaverunt
1235 2128 1259 2157 α
1289 2108 1507 2169 [αοίεὸΒο-

257 2190 360 2233 mim’
378 2189 516 2248 (Psul.
543 2199 677 2244 nvn,
701 2190 763 2245 9),
790 2188 892 2246 quia
909 2188 962 2232 ad
980 2198 1061 2232 nos
1078 2187 1278 2231 mandata
1294 2186 1368 2230 Dei
1388 2185 1508 2231 dese-

257 2268 359 2305 runt
397 2263 551 2319 angeli.
590 2262 743 2307 Nonne
779 2262 964 2319 apostoli
994 2267 1037 2306 et
1068 2261 1168 2308 coeli
1211 2260 1400 2311 suerunt,
1433 2259 1506 2316 qui

255 2336 523 2383 retinuerunt
553 2336 713 2388 omnia,
753 2340 796 2379 et
838 2337 976 2380 secuti
1015 2341 1116 2380 sunt
1167 2334 1416 2379 Christum?
1451 2333 1504 2378 de

256 2408 414 2463 quibus
437 2406 605 2452 videtur
630 2413 806 2463 sanctus
820 2407 901 2453 101)
923 2409 1110 2453 dixisse:
1133 2408 1312 2463 Spiritus
1330 2408 1419 2463 ejus
1434 2421 1504 2450 or-

257 2481 371 2523 navit
401 2480 521 2524 coelos
555 2479 650 2538 (lob
675 2494 792 2534 xxv1,
819 2482 904 2539 15).
923 2479 1007 2525 Pro
1025 2494 1076 2526 eo
1101 2481 1217 2536 quod
1246 2481 1370 2536 Juxta
1406 2480 1502 2523 Sal-

256 2553 419 2600 vatoris
443 2552 774 2613 promissionem
806 2551 1057 2597 Paracletus
1089 2551 1276 2608 Spiritus
1309 2558 1486 2596 sanctus

255 2636 382 2680 quem
407 2625 525 2669 misit
550 2624 678 2674 Pater
715 2627 760 2674 in
798 2626 972 2670 nomine
991 2637 1087 2676 suc,
1112 2625 1260 2668 docuit
1285 2625 1504 2680 apostolos

256 2710 428 2741 omnem
453 2699 693 2745 veritatem.
720 2697 828 2747 Goeli
852 2706 992 2742 autem
1011 2698 1186 2755 quidam
1207 2698 1345 2743 sancti
1366 2698 1504 2741 nostri

256 2770 561 2825 praedicatores
603 2778 719 2823 sunt,
743 2771 971 2827 dequibus
1002 2770 1254 2818 Psalmista:
1287 2769 1406 2822 Coeli,
1439 2772 1506 2814 in-

254 2843 365 2899 quit,
388 2851 586 2887 enarrant
600 2843 781 2898 gloriam
809 2844 887 2888 Dei
922 2844 1062 2902 (ΡεαΙ.
1095 2855 1220 2895 xviii,
1251 2842 1310 2902 7),
1342 2843 1442 2900 qnia
1461 2844 1504 2887 in

255 2916 443 2972 speciale
469 2928 735 2964 summorum
762 2917 1091 2976 praedicatorum
1117 2914 1307 2960 officium
1338 2921 1421 2966 est,
1457 2921 1504 2959 ut

256 2987 514 3033 annuntient
553 2991 734 3044 gratiam
768 2988 949 3033 Christi.
997 2987 1083 3033 Sed
1125 2994 1167 3031 et
1193 3016 1195 3019 <
1220 2989 1506 3043 sapientiores

255 3058 415 3123 quique
435 3058 479 3101 in
502 3058 695 3107 Ecclesia
720 3059 819 3103 coeli
837 3058 1013 3115 quidam
1038 3064 1155 3110 sunt,
1174 3072 1285 3114 (pios
1307 3054 1412 3101 milii
1443 3060 1507 3102 vi-

256 3129 387 3179 detur
409 3131 627 3188 legislator
647 3137 689 3180 et
712 3131 798 3177 dux
824 3128 969 3190 populi
995 3128 1126 3176 israel
1147 3135 1190 3175 in
1210 3132 1307 3188 ipso
1330 3132 1506 3176 exordio

257 3203 415 3248 cantici
451 3204 518 3247 sui
557 3204 600 3248 in
633 3203 968 3249 Deuteronomio
998 3204 1195 3261 alloqui:
1230 3203 1401 3258 Audite,
1436 3205 1505 3248 in-

257 3276 428 3334 quiens,
449 3277 557 3329 coeli,
581 3290 672 3335 quoe
704 3277 850 3338 loquor
884 3277 1027 3336 (Deut.
1051 3290 1189 3327 xxxn,
1215 3277 1282 3336 l);
1305 3277 1349 3321 in
1367 3278 1508 3322 verbis

258 3349 356 3394 istis
378 3350 734 3407 profunditatem,
755 3358 803 3396 ut
821 3351 1006 3403 aestimo,
1025 3360 1175 3397 eornm
1199 3362 1295 3406 quae
1310 3350 1506 3398 dicturus

1590 1684 1751 1728 tionem
1768 1681 2041 1727 ascendendo
2051 1680 2270 1741 perquire,
2282 1680 2355 1736 qui
2370 1691 2520 1724 eorum
2535 1678 2808 1724 descendenti
2854 1719 2859 1722 ,

1589 1756 1808 1812 copiosam
1835 1755 1926 1811 iam
1954 1753 2112 1798 audisti
2136 1752 2487 1808 descriptionem.
2519 1750 2573 1796 Et
2602 1751 2702 1808 quia
2725 1751 2855 1807 varii·

1586 1834 1630 1872 et
1653 1829 1775 1872 multi
1802 1833 1902 1871 sunt
1940 1825 2350 1881 contemplationum
2374 1823 2491 1868 modi
2513 1855 2525 1876 ,
2551 1825 2755 1881 quibusp
2786 1842 2813 1861 κν
2839 1832 2874 1887 ‘3²

1588 1902 1741 1947 cedere
1767 1913 1848 1946 nos
1881 1901 1990 1946 solet
2021 1899 2208 1956 Spiritus
2231 1899 2286 1942 ad
2317 1898 2542 1950 interiora,
2562 1897 2617 1942 ad
2642 1898 2836 1942 internos
2852 1893 2870 1938 Δ.

1588 1987 1686 2019 rum
1708 1982 1970 2019 secretorum
1996 1970 2172 2018 »uiarum
2182 1984 2262 2015 nos
2272 1971 2435 2016 ducens
2446 1969 2808 2023 notitiam,ducen
2830 1987 2845 2004 ··

1588 2049 1713 2104 plane
1736 2053 1779 2092 et
1812 2052 2027 2104 quatenus
2059 2046 2177 2098 vult,
2219 2050 2263 2089 et
2293 2049 2422 2100 prout
2455 2055 2535 2089 nos
2571 2044 2676 2089 vult.
2710 2040 2873 2101 Saepeg

1587 2121 1728 2172 enim,
1756 2124 1805 2163 ut
1842 2120 1995 2171 scitis,
2033 2123 2333 2163 creaturarum
2371 2116 2704 2161 immensitatem
2738 2115 2834 2172 pul·-
2855 2117 2873 2162 ἰ,

1586 2193 1735 2236 ohram
1756 2196 1800 2236 et
1821 2191 1992 2242 utilem,
2017 2188 2382 2246 pulchritudinem
2416 2187 2564 2231 utilem
2586 2195 2631 2233 et
2650 2188 2835 2234 immem
2856 2198 2870 2241 ;’

1586 2275 1696 2324 sam,
1741 2265 1971 2307 utilitatem
2020 2263 2274 2307 immensam
2308 2266 2351 2306 et
2386 2260 2615 2318 pulchram
2650 2260 2859 2314 occultis·

1586 2335 1750 2379 nostris
1787 2333 2010 2378 obtutibus
2045 2338 2356 2391 repraesentat;
2389 2339 2432 2377 et
2450 2340 2528 2388 per
2550 2331 2707 2376 horum
2726 2332 2856 2379 viai·-¹

1586 2407 1735 2454 billum
1761 2406 2042 2463 agnitionem,
2069 2406 2122 2450 ad
2154 2403 2421 2462 aliquantam
2439 2416 2523 2448 nos
2550 2403 2834 2462 invisibilium
2856 2435 2866 2454 .‚

1585 2480 1894 2536 inspectionem
1918 2467 2113 2534 perducit
2129 2493 2141 2532 3
2162 2477 2326 2535 sicque,
2345 2478 2447 2522 dum
2468 2478 2512 2521 in
2530 2476 2640 2521 libro
2655 2475 2836 2534 Sapietk
2855 2477 2861 2523 ἶ

1583 2554 1655 2597 tiae
1679 2553 1862 2609 legimus
1886 2563 1952 2602 ea,
1973 2563 2069 2607 quae
2093 2551 2136 2594 in
2153 2562 2205 2595 eo
2222 2552 2495 2599 extrinsecus
2518 2550 2680 2605 scripta
2701 2554 2830 2610 sunt3
2852 2556 2866 2571 '⁴

1584 2625 1637 2669 ad
1660 2637 1727 2677 ea,
1746 2636 1842 2680 quae
1873 2625 1915 2667 in
1945 2635 1997 2668 eo
2019 2624 2281 2667 intrinsecus
2318 2613 2480 2680 scripta
2512 2629 2629 2675 sunt,
2655 2621 2861 2680 legenda„

1583 2705 1626 2742 ct
1647 2696 1923 2754 intelligenda
1947 2697 2249 2753 pertingimus,
2274 2696 2530 2742 ostendente
2552 2707 2599 2740 se
2616 2695 2743 2740 nobis
2764 2705 2844 2741 eam
2864 2706 2865 2710 ’

1585 2757 1706 2821 dem,
1726 2769 1780 2814 de
1800 2782 1885 2826 qua
1915 2769 2149 2826 loquimur,
2182 2770 2396 2827 sapientia
2427 2770 2471 2812 in
2501 2769 2584 2813 viis
2607 2769 2699 2813 suis
2722 2767 2833 2814 hila*
2864 2770 2865 2774 ’

1585 2830 1722 2887 riter:
1751 2842 1806 2885 Et
1824 2844 1865 2886 in
1885 2843 2014 2894 omm',
2051 2848 2100 2885 ut
2132 2841 2361 2899 Scriptura
2384 2841 2458 2894 ait,
2473 2839 2732 2897 providentia
2760 2845 2861 2884 oc<

1583 2924 1774 2960 currente
1789 2916 1908 2959 nobis
1927 2915 2047 2974 (Sap.
2069 2927 2127 2967 vt,
2155 2914 2246 2974 17).
2287 2915 2395 2959 Cum
2419 2915 2564 2972 itaque
2587 2920 2729 2959 tecum
2750 2899 2865 2960 hoe*-

1594 2990 1725 3035 modo
1773 2991 1844 3048 agi
1880 2991 2171 3047 perspexeris,
2206 2989 2369 3046 poteris
2395 3000 2477 3033 nos
2498 2987 2662 3045 ‘alloqui
2691 2994 2736 3031 et
2766 2985 2864 3065 ‘'i‘i'

1586 3077 1684 3109 cere
1705 3080 1714 3108 z
1744 3063 1845 3108 Ecce
1864 3063 1978 3108 video
2006 3062 2130 3107 coelos
2149 3069 2341 3118 aper-tou
2366 3060 2603 3106 invisibilia
2632 3055 2862 3120 videlicefflij

1588 3134 1665 3178 Dei
1713 3146 1790 3191 per
1826 3147 1877 3180 ea
1918 3134 2159 3191 quaefacta
2204 3139 2323 3185 sunt,
2366 3133 2586 3177 intellecta
2619 3121 2861 3195 aspicienssls

1588 3206 1727 3265 (Rom.
1765 3219 1795 3258 1,
1830 3204 1931 3264 20)·.
1962 3219 2049 3251 non
2083 3207 2224 3252 solum
2255 3212 2398 3250 autem
2422 3205 2535 3256 istis,
2562 3194 2861 3266 sedquibus'ff?

1585 3291 1757 3336 cunque
1779 3278 1878 3323 aliis
1900 3279 2057 3331 modis,
2099 3278 2154 3323 ad
2195 3277 2468 3323 internorum
2501 3282 2544 3323 et
2575 3270 2848 3327 arcanoruoef.

1587 3363 1664 3411 per
1695 3350 2130 3406 contemplationem.
2166 3350 2404 3407 spiritalem
2431 3347 2634 3392 notitiam
2666 3340 2847 3404 pertin&
2922 3336 2924 3340 ¹

257 3425 349 3469 erat
365 3425 673 3469 commendans
696 3425 798 3468 dum
813 3423 867 3468 ad
885 3420 1097 3468 audienda
1114 3432 1164 3468 ea
1182 3423 1318 3469 coelos
1335 3423 1502 3466 invitat.
1532 3447 1566 3490 D
1588 3423 1685 3480 gis:
1725 3424 1835 3467 scito
1875 3423 2007 3468 coelos
2050 3422 2128 3466 tibi
2163 3421 2245 3466 hac
2276 3422 2323 3465 in
2356 3425 2477 3477 parte
2499 3431 2597 3465 esse
2631 3423 2848 3481 apertosq.
2922 3428 2924 3482 j

257 3494 425 3549 Audite,
445 3496 551 3550 coeli,
571 3510 673 3554 quoe,
687 3499 848 3555 loquor.
875 3495 964 3542 Hoc
983 3501 1049 3541 est
1067 3497 1226 3551 dicere,
1246 3508 1324 3540 vos
1337 3497 1411 3552 qui
1436 3509 1507 3540 sa-

258 3569 496 3626 pientiores
528 3571 652 3623 estis,
678 3559 845 3627 'magna
882 3575 927 3615 et
959 3570 1152 3621 subtilia,
1178 3577 1274 3625 quae
1311 3567 1508 3612 dicturus

259 3653 373 3693 sum,
408 3643 665 3687 auscultate.
701 3643 956 3699 Spirituales
995 3640 1278 3686 nihilominus
1313 3642 1427 3685 viros
1465 3642 1509 3685 in

260 3711 482 3768 Scriptura
506 3725 629 3758 sacra
650 3716 784 3759 coelos
810 3714 1054 3771 frequentet
1086 3714 1230 3757 inveni
1254 3715 1506 3769 appellatos.

259 3783 316 3828 Ut
337 3792 404 3830 est
421 3787 533 3831 istud
569 3789 613 3830 in
635 3787 824 3839 Psalmo,
852 3787 922 3831 ubi
954 3787 1112 3831 dicitur
1137 3787 1280 3840 secisse
1307 3785 1509 3830 Dominus

258 3858 380 3900 caelos
410 3859 452 3901 in
471 3859 683 3903 intellectu
704 3859 841 3915 (Psal.
863 3873 1017 3909 cxxxV,
1045 3859 1117 3914 6);
1141 3872 1219 3915 pro
1236 3872 1288 3903 eo
1311 3860 1425 3915 quod
1449 3860 1509 3903 vi-

260 3939 332 3971 ros
357 3929 604 3984 spirituales
627 3930 901 3987 omnipotens
925 3928 1036 3975 Deus
1069 3930 1261 3974 coelestia
1295 3928 1398 3973 facit
1423 3942 1511 3974 non

260 4001 386 4044 modo
420 4002 596 4046 credere
634 4017 708 4059 per
732 4002 857 4046 {idem
899 4009 1088 4055 rectam,
1112 4003 1185 4046 sed
1212 4008 1254 4046 et
1271 4001 1513 4059 intelligere

260 4083 337 4127 per
360 4073 571 4116 internam
594 4075 812 4119 virtutem.
836 4074 987 4118 Nonne
1004 4075 1082 4118 tibi
1100 4075 1301 4119 videntur
1319 4075 1399 4119 viri
1423 4074 1513 4131 spi·

260 4145 440 4189 rituales
456 4147 665 4190 coelorum
687 4156 739 4190 ex
764 4160 810 4190 re
840 4159 996 4190 nomen
1030 4154 1203 4202 portare
1230 4142 1369 4204 125,
1402 4155 1512 4204 quos

263 4215 382 4262 vides
399 4225 439 4261 et
463 4220 568 4264 solis
590 4220 785 4263 claritate
803 4220 954 4263 ardere
969 4220 1012 4262 in
1033 4220 1179 4270 corde,
1199 4226 1241 4263 et
1257 4221 1356 4262 luna
1380 4220 1512 4263 casti-

262 4289 363 4333 latis
387 4289 614 4344 splendere
633 4291 678 4332 in
701 4295 843 4333 mente
867 4298 907 4333 et
930 4299 1087 4342 carne;
1107 4297 1149 4333 et
1170 4299 1249 4346 pro
1269 4291 1390 4334 vario
1409 4291 1513 4333 stel-

262 4361 403 4407 larum
429 4363 567 4406 nitore
581 4364 828 4407 multimoda
848 4363 1010 4419 fulgere
1030 4364 1226 4408 claritate
1253 4365 1295 4407 in
1315 4365 1513 4408 actione?

266 4433 374 4477 Sunt
399 4435 537 4479 adhuc
560 4435 734 4492 quidam
764 4435 866 4482 item
900 4434 1013 4488 coeli,
1052 4436 1258 4480 sublimes
1292 4434 1508 4489 videlicet,

1592 3503 1782 3542 secretos
1801 3508 1973 3552 quoque
1996 3497 2175 3540 internae
2191 3493 2570 3551 contemplationis
2590 3491 2744 3537 modos
2764 3495 2842 3543 nr,
2920 3487 2924 3528 ἓ

1589 3571 1770 3615 velatos.
2809 3580 2848 3627 st
2920 3561 2924 3601 f

1647 3640 1718 3686 lx.
1745 3640 1844 3686 illos
1867 3651 2039 3701 quoque
2061 3641 2210 3692 coelos,
2230 3640 2305 3697 qui
2328 3639 2411 3683 viri
2444 3636 2692 3695 spirituales
2713 3640 2842 3699 sint·v
2922 3671 2924 3684 .

1591 3722 1696 3759 tunc
1719 3716 1796 3758 tibi
1817 3727 1903 3758 non
1926 3715 2099 3771 ambigo
2124 3724 2222 3759 esse
2257 3719 2445 3774 apertos,
2484 3722 2584 3754 cum
2623 3718 2771 3772 eortmt
2787 3710 2843 3765 ⁸⁰}
2922 3752 2924 3766 ζ

1598 3786 1808 3832 sanctitas
1832 3793 1875 3830 et
1893 3787 2032 3830 virtus
2049 3798 2135 3829 non
2160 3786 2290 3835 latet:
2317 3794 2532 3840 quamque
2554 3785 2656 3826 sunt
2676 3780 2722 3827 itt
2742 3776 2845 3839 spi-i
2921 3788 2924 3832 3

1594 3859 1741 3904 rituali
1764 3860 2093 3902 conversatione
2114 3857 2321 3902 sublimes
2339 3853 2583 3911 cognoscis.
2599 3850 2833 3905 interiores

1589 3943 1698 3988 ergo
1714 3932 1870 3976 oculos
1887 3931 1940 3974 ad
1958 3943 2039 3976 eos
2052 3931 2188 3975 coelos
2210 3929 2397 3986 erigens,
2410 3924 2690 3988 deprehende,
2703 3932 2832 3982 quan

1593 4010 1687 4049 erat
1709 4004 1920 4049 innocens
1935 4003 2058 4055 Abel,
2079 3987 2157 4061 qui
2177 4016 2276 4048 cum
2307 4013 2332 4045 a
2368 4001 2500 4047 fratrc
2530 4001 2697 4056 legatur
2716 3996 2848 4062 000113Ι
2916 4017 2917 4021 =

1593 4089 1687 4126 sus,
1706 4085 1795 4120 non
1816 4077 1975 4134 legitur
1997 4076 2236 4120 reluctatus
2262 4073 2380 4132 (Gen.
2400 4086 2458 4124 iv,
2476 4073 2537 4130 8).
2564 4073 2701 4128 Quam
2734 4077 2833 4117 sam
2853 4093 2855 4100 ·

1601 4156 1699 4195 ctus
1716 4148 1912 4202 lienocti,
1935 4150 2008 4206 qui
2030 4154 2179 4193 sancte
2209 4148 2320 4191 inter
2353 4146 2551 4190 homines
2585 4144 2753 4196 'vivens,
2778 4137 2853 4197 a}
2916 4137 2917 4141 ’

1593 4222 1844 4268 hominibus
1876 4222 2034 4266 meruit
2056 4221 2216 4265 auferri
2252 4218 2371 4277 (Gen.
2390 4231 2434 4270 v,
2458 4216 2548 4274 22).
2576 4215 2712 4268 Quam
2735 4220 2832 4270 pen·
2913 4214 2917 4227 ⁶

1591 4292 1735 4339 iectus
1772 4293 1862 4339 Noe
1896 4292 2017 4352 (Gen.
2058 4306 2119 4344 vt,
2141 4293 2204 4351 9),
2250 4293 2325 4349 qui
2359 4288 2643 4348 universitate
2683 4281 2830 4335 muntii

1594 4376 1671 4421 per
1692 4373 1921 4421 peccatum
1947 4374 2168 4421 corrupta,
2194 4365 2236 4413 in
2261 4362 2402 4408 medio
2420 4359 2610 4405 nationis
2626 4366 2769 4415 prava
2786 4356 2849 4406 d*

1596 4448 1826 4493 perversae,
1854 4438 1978 4493 quasi
2000 4437 2211 4481 luminare
2241 4434 2348 4480 luxit
2372 4435 2418 4478 in
2439 4428 2752 4487 mundo-(Phil.
2776 4436 2826 4480 ιι,
