2924 4588
140 104 226 166 9‘77

1060 123 1367 172 PANTquN.
1400 150 1456 159 -
1484 128 1629 173 PARS
1654 131 1779 176 xvu.

2622 141 2704 186 9¹18

140 209 328 263 faciens,
353 210 441 255 vita
462 209 676 264 decessit,
696 216 742 255 et
770 210 816 254 in
833 212 1034 257 'ecclesia
1061 211 1204 258 Beatae
1227 214 1381 260 Petro·
1406 221 1443 266 Α
1519 218 1686 264 Interea
1712 219 1947 277 Gregorius
1972 187 2084 279 papa
2115 225 2357 281 septimus,
2395 228 2585 283 potentia
2620 230 2702 272 im-

145 282 274 331 nillae‚
297 282 340 324 in
364 282 513 325 tumba
534 293 777 326 marmorea
799 280 978 331 honeste
1001 286 1176 340 sepulta
1195 293 1278 331 est.

196 352 272 397 His
295 354 446 400 diebus
467 354 725 410 Alexander,
746 355 888 410 primo
906 354 1116 403 Lucensis
1134 359 1380 415 episcopus,

140 433 291 483 postea
311 427 531 469 communi
549 433 712 471 votoet
730 429 945 479 electione
960 438 1184 486 promotus
1201 433 1250 476 ⁴in
1271 447 1386 478 suni-

141 504 257 545 mu‘m
284 499 548 554 pontificem,
570 499 807 545 Ecclesiam
829 500 1085 554 Romanam,
1110 505 1282 560 diuJ'am
1309 519 1385 549 an-

142 572 328 616 cillatam
348 599 363 621 ‚f
381 572 423 614 in
448 572 678 627 pristinam
692 567 940 618 'libertatem
961 576 1146 620 reduxit.
1173 576 1278 620 Nam
1303 577 1386 622 Ca-

142 645 291 688 dulum
330 644 605 689 parmensem
648 647 898 702 episcopum
914 679 926 699 ‚
964 647 1202 692 Romanam
1242 651 1386 694 sedem

142 726 309 760 armata
346 729 476 759 manu
509 729 724 775 occupare
761 718 1002 771 volentem,
1035 726 1284 766 constanter
1319 735 1388 767 re-

142 786 317 845 pressit.
344 788 405 831 De
429 787 513 832 isto
537 788 720 841 Cadata,
746 797 787 834 et
811 791 865 834 de
889 791 972 836 isto
1000 791 1244 837 Alexandro
1266 786 1388 838 ‘scri-

146 867 246 918 ptus
271 868 337 904 est
358 873 511 905 versus
537 862 580 903 in
605 867 776 906 camera
799 861 1081 909 Lateranensi
1101 880 1112 909 t

201 933 360 994 chnat
381 932 644 985 Alexander,
659 934 842 978 Cadolus
866 936 1007 997 cadit,
1032 921 1072 980 et
1095 947 1330 994 superatur.

201 1004 347 1061 ltaque
370 1006 597 1062 imperium
621 998 794 1050 Henri'ci
819 1008 862 1051 in
887 1010 1078 1066 seipsum
1101 1012 1324 1066 dividitur,
1347 1021 1389 1058 et

147 1079 499 1134 conspirantibus
521 1076 1054 1130 Saxonibus,rebelliones
1083 1086 1207 1131 liunt.
1240 1086 1392 1138 Detra-

148 1152 313 1196 ctiones
350 1157 392 1198 et
416 1153 647 1196 inhonesta
669 1154 857 1211 plurima
880 1156 933 1200 de
956 1157 1214 1213 imperatore
1236 1159 1290 1202 ad
1315 1172 1393 1203 au-

147 1237 221 1268 res
240 1220 397 1269 'summi
418 1226 635 1281 pontificis
659 1227 920 1271 referuntur.
946 1228 1099 1273 Hanno
1122 1230 1392 1276 coloniensis

1463 291 1616 346 periali
1649 293 1702 336 ab
1734 292 1848 337 Urbe
1877 296 2067 350 pellitur.
2108 296 2244 352 CuJus
2266 300 2363 344 loc-0
2385 298 2602 345 Gilbcrtus
2623 300 2708 344 Ra-

1464 375 1626 407 vennas
1651 365 1901 410 intruditur.

1578 453 1713 508 Item,
1744 456 1794 500 de
1823 454 1964 501 eodem
1999 457 2176 502 Hem-ico
2205 468 2380 515 quarto,
2413 462 2597 506 versibus

1956 513 2221 559 subnotatur.

1468 583 1682 628 Henricus
1703 590 1885 641 quartus
1912 573 2176 644 Guebelingo
2199 589 2362 632 semine
2385 601 2593 646 surgens,

1467 657 1615 712 Regna
1638 670 1715 714 per
1738 657 1904 702 ltaliam
1927 660 2061 702 multa
2086 659 2257 704 feritate
2281 669 2509 719 perurget,

1514 730 1580 773 Ut
1605 731 1795 778 tribuant
1817 731 2001 774 Domino
2026 731 2154 787 digna
2174 733 2338 777 tributa
2363 746 2459 778 suo.

1467 801 1621 850 Omnia
1644 803 1745 845 dum
1771 805 1924 858 recipit
1948 815 2043 858 quae
2065 811 2188 859 rapta
2210 806 2279 847 vel
2302 811 2427 848 aucta
2452 806 2642 862 putavit.

1468 872 1653 917 Romani
1672 874 1784 919 bona
1804 875 2022 929 pontilicis
2045 876 2298 931 plerumque
2319 879 2541 934 gravavit,

1523 946 1640 1002 Papa
1662 947 1813 991 dolens
1837 947 1962 993 factis
1978 982 1988 998 ,
2016 961 2102 992 non
2122 952 2351 1004 patiemur,
2378 951 2457 997 ait.

1468 1018 1557 1069 Cur
1578 1025 1696 1072 petat
1721 1016 1916 1069 illicitum
1940 1019 2100 1071 Caesar,
2125 1022 2212 1064 cito
2232 1033 2340 1077 papa
2363 1023 2572 1078 requirit,

1471 1089 1759 1147 Ecclesiaeque
1779 1091 1906 1135 bonis
1926 1102 2011 1148 qua
2032 1094 2123 1135 vult
2146 1095 2313 1138 ratione
2337 1094 2496 1150 potiri?

1526 1162 1616 1206 Pax
1641 1175 1736 1207 mea
1755 1163 1844 1220 jam
1870 1164 1998 1220 periit
2019 1177 2100 1220 pro
2126 1164 2298 1210 feritate
2318 1166 2416 1210 viri.

1430 1283 1435 1286 Α
1473 1233 1664 1290 Despicit
1685 1233 1898 1280 Henricus
1921 1249 2042 1293 papae
2064 1250 2366 1294 quamcunque
2390 1239 2632 1295 querelam,

148 1297 529 1358 archiepiscopus»,
555 1304 599 1342 et
623 1298 868 1356 Germanus
894 1296 1268 1364 Barhenbergensis
1301 1307 1392 1361 epi-
1421 1287 1453 1333 Β
1473 1303 1560 1348 Nec
1581 1305 1699 1360 eupit
1724 1305 1960 1356 Ecclesiam
1985 1308 2128 1363 aliqua
2153 1309 2326 1364 placare
2349 1309 2513 1353 medela
2536 1324 2547 1353 t

149 1372 334 1429 scopus,
370 1367 553 1417 Romam
586 1367 831 1427 mittuntur.
867 1374 950 1428 Qui
982 1383 1156 1431 peracta
1180 1378 1396 1433 legatione

147 1450 414 1492 revertentes
431 1477 442 1495 ,
465 1444 633 1489 litteras
657 1448 920 1501 apostolicas
941 1450 1031 1505 regi
1053 1451 1296 1506 assignant,
1319 1465 1396 1508 per

149 1527 260 1570 quas
294 1517 345 1558 ad
381 1516 724 1562 satislactionem
756 1518 810 1562 de
840 1515 1032 1563 Simonia
1063 1521 1245 1577 aliisque
1269 1535 1397 1566 enor-

151 1589 376 1634 mitatibus
413 1596 728 1641 commonetur.
770 1591 931 1636 Eodem
972 1599 1166 1650 tempore
1203 1595 1397 1643 Saxones

154 1661 383 1706 maniteste
414 1663 654 1716 rebellant,
678 1669 720 1708 et
754 1665 882 1709 urbes
908 1671 957 1716 et⁴
973 1668 1179 1721 castella,
1206 1682 1310 1726 quae„
1324 1683 1400 1714 rex

154 1733 196 1778 in
223 1733 412 1789 Saxonia
434 1742 762 1790 construxerat,
784 1738 986 1786 auserunt
1001 1771 1012 1792 ,
1034 1745 1085 1800 et
1097 1743 1273 1786 omnino
1295 1743 1397 1787 sub-

152 1811 340 1854 vertunt..

210 1880 336 1924 Anno
358 1871 548 1931 seeundo
570 1883 813 1927 Alexander
836 1896 943 1941 papa
977 1887 1173 1938 decedit,
1208 1893 1251 1932 et
1284 1889 1402 1932 Aldi-

155 1951 324 1995 brando
356 1954 664 2008 archidiacono
697 1969 803 2007 suo,
831 1959 904 2013 qui
935 1957 1168 2015 Gregorius
1192 1962 1401 2017 septimus

158 2016 238 2066 suit
255 2057 265 2075 ‚
295 2023 583 2081 apostolatum
609 2027 800 2085 reliquit.
825 2029 950 2083 Quod
973 2033 1075 2088 quia
1100 2032 1194 2078 sinc
1219 2034 1404 2089 impera-

157 2097 268 2141 toris
291 2100 574 2144 concessione
595 2109 738 2150 actum
763 2109 830 2146 est
846 2135 857 2154 ‚
886 2105 1075 2155 schisma
1097 2106 1403 2161 gravissimum

158 2175 361 2219 narratur
390 2176 603 2216 exortum.
639 2172 735 2228 lpse
766 2175 914 2231 itaque
941 2175 1181 2233 «Gregorius
1213 2190 1324 2235 papa
1351 2179 1404 2223 ad

162 2240 397 2288 simoniam
421 2238 741 2306 exstirpandam
777 2253 820 2290 et
857 2248 1116 2305 clericorum
1138 2251 1409 2295 incontinen-
1457 2301 1461 2304 ,

161 2316 265 2359 tiam
298 2316 617 2374 reprimendam
653 2313 907 2378 intendens,
931 2325 1236 2380 imperatorem
1263 2327 1404 2383 ipsum

163 2390 214 2433 ad
256 2392 478 2448 synodalia
516 2405 596 2449 pro
634 2395 885 2450 huiusmodi
932 2397 1182 2455 frequenter
1217 2402 1404 2445 vocavit.

167 2464 396 2519 Connubia
440 2463 729 2519 clericorum,
752 2482 787 2513 ⁴a
821 2471 1134 2524 subdiaconatu
1173 2478 1217 2521 et
1249 2486 1406 2530 supra,

163 2549 242 2592 per
275 2542 427 2582 totum,
453 2540 602 2585 orbem
636 2541 908 2599 Romanum,
951 2544 1095 2589 edicto
1130 2546 1334 2591 decretali
1365 2548 1411 2591 in

167 2618 377 2655 aeternum
402 2614 650 2669 prohibuit,
685 2618 961 2674 aoseipsum
991 2619 1195 2664 athletam
1223 2618 1300 2665 Dei
1331 2633 1411 2683 pro

167 2684 294 2729 doino
319 2685 487 2740 Domini
508 2701 679 2733 murum
701 2692 942 2735 constituit.

225 2754 464 2815 Imperator
491 2760 686 2806 Saxones
712 2764 825 2807 hello
849 2765 980 2819 petit,
1006 2769 1049 2809 et
1076 2764 1202 2820 juxta
1234 2765 1411 2810 fluvium

167 2828 376 2876 Hunstrot
398 2833 510 2876 bello
538 2834 724 2887 incerto,
749 2837 874 2880 eaesis
899 2836 1000 2880 hinc
1024 2835 1123 2881 inde
1145 2839 1415 2894 quampluri-

169 2906 279 2957 hus,
305 2914 528 2951 cruentam
555 2909 780 2952 victoriam
822 2911 893 2953 vix
919 2911 1128 2957 obtinuit.
1153 2911 1322 2957 Cecidit
1353 2914 1414 2958 ihi
1472 2948 1475 2951 v

170 2974 420 3022 Gelieardus
446 2983 567 3034 pater
589 2979 713 3023 ducis
737 2979 932 3023 Lotharii
948 3013 961 3032 ,
985 2981 1060 3037 qui
1095 2987 1245 3038 postea
1279 2985 1416 3041 impe-
1449 2985 1454 3018 J

171 3048 305 3099 ravit,
332 3054 375 3092 et
397 3048 606 3093 Ernest-us
633 3050 939 3105 paterAllierti
961 3041 1246 3098 'Marchionis

229 3121 388 3166 Eodem
427 3135 542 3166 anno
583 3122 842 3168 wilhelmus
881 3136 1029 3170 comes
1066 3124 1413 3182 North'manniae,

175 3196 381 3250 majorem
413 3195 707 3248 Britanniam,
742 3208 838 3252 quae
877 3206 991 3240 nunc
1017 3196 1171 3254 Anglia
1193 3211 1420 3255 nuncupa·

177 3274 263 3322 tur,
287 3270 576 3325 expugnavit,
602 3280 832 3326 regemque
852 3270 989 3326 ipsius
1008 3262 1216 3315 Eraldnm
1242 3273 1416 3318 occidit.

176 3341 356 3392 Deinde,
380 3340 691 3387 Northmannis
717 3342 775 3386 ibi
797 3343 968 3398 positis,
985 3349 1162 3400 totaque
1185 3345 1414 3401 provincIa

179 3415 221 3458 in
246 3415 496 3459 servitutem
518 3414 690 3458 redacta
705 3446 719 3467 ‚
743 3414 836 3470 ipse
851 3415 916 3458 'ibi
943 3417 1150 3472 regnavit.

1528 1378 1722 1435 Namque
1745 1386 1899 1436 potens
1925 1383 2057 1426 armis
2082 1383 2297 1438 cordeque
2318 1394 2500 1439 magnus
2525 1387 2633 1427 erat.

1474 1449 1639 1497 'invidia
1665 1450 1801 1503 fertur
1824 1452 1955 1496 nimia
1980 1454 2172 1509 potuisse
2193 1454 2360 1507 notari,

1476 1522 1530 1565 Et-
1551 1524 1686 1566 nimia
1710 1523 1879 1568 feritate
1904 1537 1982 1568 sua
2007 1536 2193 1582 nequam
2215 1526 2432 1582 reputari,

1531 1595 1593 1639 De
1615 1597 1772 1652 quibus
1796 1598 1989 1653 exempla
2012 1599 2167 1654 pagina
2193 1611 2329 1654 pauca
2354 1599 2488 1643 dabit.

1480 1666 1527 1711 Si
1549 1669 1764 1723 probitate
1787 1670 1951 1720 virum,
1977 1671 2045 1714 vel
2069 1683 2226 1726 equum
2251 1672 2413 1726 pollere
2438 1676 2637 1728 putaret,

1478 1739 1583 1795 Ejus
1608 1739 1661 1783 ad
1683 1740 1905 1784 interitum
1931 1754 2025 1797 quaa
2048 1747 2194 1798 posset
2220 1743 2367 1798 iniqua
2390 1749 2584 1799 pararet,

1536 1812 1722 1858 Insidias
1744 1814 1897 1859 mortis
1924 1814 2074 1858 l'raudc
2095 1816 2279 1871 doloque
2302 1802 2440 1861 daret.

1481 1885 1603 1931 Miles
1623 1894 1718 1931 erat
1736 1888 1826 1943 regi
1850 1877 2071 1943 speciosus
2104 1896 2147 1932 et
2169 1888 2281 1932 altus
2305 1889 2469 1933 honore
2485 1921 2498 1940 ,

1484 1959 1558 2004 ute
1581 1960 1709 2004 datur
1730 1961 1847 2004 nudo
1870 1974 2012 2017 pugno
2034 1967 2245 2006 mactasse
2270 1962 2434 2006 leonem
2451 1994 2464 2013 ,

1540 2034 1688 2077 Militis
1712 2033 1850 2077 cilicio
1874 2047 2070 2080 summus
2098 2034 2141 2077 in
2164 2035 2267 2078 orbe
2287 2047 2384 2078 sue.

1484 2106 1610 2154 Hunc
1634 2107 1752 2151 videt
1774 2107 1937 2150 invitus
1958 2119 2059 2158 rex,
2085 2106 2315 2151 insidiator
2341 2107 2544 2162 iniquus,

1485 2177 1660 2223 Invidus
1681 2178 1894 2223 Henricus
1910 2212 1920 2228 ‚
1946 2178 2175 2234 probitatis
2198 2184 2320 2222 atrox
2342 2180 2545 2224 inimicus
2560 2209 2572 2231 ,

1542 2252 1677 2307 Cujus
1700 2251 1754 2294 ab
1777 2251 1951 2294 insidiis
1973 2251 2139 2306 deperit
2163 2251 2233 2295 ille
2258 2252 2360 2295 cito.

1428 2354 1460 2399 C
1485 2321 1642 2382 Fertur
1664 2336 1796 2379 eques
1822 2324 1911 2379 regi
1937 2324 2036 2367 talis
2060 2323 2318 2379 quandoque
2344 2323 2505 2377 fuisse,

1488 2395 1568 2440 Cui
1592 2395 1753 2439 virtute
1778 2406 1926 2451 parem
1953 2395 2116 2437 nullum
2141 2400 2297 2437 natura
2320 2395 2539 2446 dedisset,

1545 2467 1625 2518 1129
1650 2468 1694 2511 in
1714 2468 1839 2524 aquis
1863 2466 1990 2518 Reni,
2021 2480 2116 2522 rege
2139 2467 2331 2523 jubente,
2360 2469 2485 2522 perit.

1488 2540 1626 2586 Prava
1652 2553 1729 2596 per
1752 2540 1979 2596 imperium
2002 2539 2104 2582 dum
2127 2539 2246 2596 regia
2269 2539 2380 2582 fama
2404 2545 2595 2591 notatur,
2719 2598 2722 2601 ,

1489 2613 1557 2656 ira
1581 2621 1724 2658 movet
1747 2625 1973 2669 proceres,
2001 2625 2104 2668 gens
2125 2612 2350 2656 Theutona
2370 2618 2459 2656 tota
2483 2620 2701 2669 gravatur,

1548 2685 1601 2734 Et
1623 2685 1741 2728 dolet
1764 2685 1991 2741 imperium
2024 2692 2148 2739 turpe
2169 2683 2312 2727 lovere
2336 2688 2480 2739 eaput.

1492 2758 1623 2807 Curia
1645 2757 1912 2802 Francorum
1938 2757 2118 2800 collecta
2141 2756 2267 2799 simul
2291 2755 2564 2799 dominorum
2579 2788 2592 2808 ,

1493 2831 1688 2876 Crimina
1722 2836 1943 2887 gestorum
1968 2830 2083 2886 regis
2108 2829 2368 2872 condemnat
2389 2840 2536 2885 eorum
2552 2859 2566 2880 ‚

1550 2905 1870 2960 Expertumque
1892 2903 2042 2947 volunt
2058 2902 2148 2957 jam
2172 2903 2404 2958 reprobare
2426 2902 2588 2946 dolum.

1494 2978 1618 3022 Nunc
1640 2979 1696 3022 ab
1716 2976 1956 3034 apostolico
1977 2970 2203 3033 procerum
2229 2975 2439 3020 sententia
2463 2974 2614 3031 quaerit
2636 2989 2646 3018 2

1498 3051 1542 3094 Si
1567 3052 1768 3107 princeps
1791 3050 2006 3094 sceletum
2030 3061 2105 3093 rex
2127 3048 2225 3104 ,iure
2249 3052 2391 3102 potest
2410 3047 2654 3091 removeri?

1554 3124 1670 3180 Papa
1692 3123 1828 3167 refert
1851 3137 1861 3166 ε
1888 3121 2041 3166 Merito
2064 3118 2363 3166 destituendus
2385 3120 2482 3164 erit.

1469 3235 1471 3238 Α
1495 3194 1732 3253 Gregorius
1755 3207 1867 3251 papa
1886 3206 2002 3237 nunc
2022 3192 2231 3248 septImus
2254 3196 2393 3241 exstat
2416 3191 2458 3233 in
2483 3189 2623 3242 Urbe,
2661 3248 2667 3253 ,

1497 3269 1603 3313 Post
1625 3269 1743 3313 venit
1768 3267 1995 3317 Urbanus,
2021 3264 2097 3321 qui
2118 3265 2237 3321 regia
2260 3263 2373 3307 lacta
2396 3268 2623 3319 perurget,

1490 3378 1492 3380 ,
1555 3340 1657 3385 Fert
1678 3351 1850 3396 qnoque
1871 3336 2094 3381 Paschalis
2119 3341 2311 3391 tempora
2338 3335 2464 3392 plena
2488 3333 2629 3377 malis.

1444 3429 1480 3472 D
1502 3414 1715 3459 'ilenricus
1738 3411 1849 3455 male
1875 3410 2057 3454 sortitus
2081 3408 2127 3451 lit
2149 3407 2306 3457 abhinc
2330 3406 2558 3454 anat-hema
2573 3435 2586 3455 ,
2634 3445 2637 3448 ,

234 3487 359 3530 Anno
382 3486 604 3541 sequenti,
633 3486 872 3542 imperator
892 3491 1059 3544 accepit
1079 3500 1258 3532 uxorem
1288 3472 1420 3532 liliam
1501 3484 1756 3540 Rodulphus
1781 3494 1877 3527 cnm
1902 3479 2144 3523 Saxonibus
2166 3477 2263 3520 tulit
2283 3476 2365 3536 hoc
2386 3475 2605 3526 diadema,

180 3561 364 3605 Othonis
388 3558 652 3603 Marchionis
674 3558 835 3614 Italici,
859 3562 1033 3605 nomine
1056 3561 1273 3605 Bettham.
1305 3561 1423 3617 Papa

181 3639 348 3676 tantum
371 3633 671 3689 imperatorem
691 3633 1079 3678 excommunicavit
1097 3635 1311 3690 ‚ejusque
1325 3647 1426 3678 con-

184 3707 281 3752 silio
317 3705 513 3749 Saxones
547 3705 631 3749 sibi
663 3704 938 3760 Rodulphum
974 3713 1422 3767 regemcreaverunt3

184 3794 270 3842 quo
293 3773 443 3838 postea
468 3781 512 3823 in
534 3775 648 3823 bello
671 3779 820 3822 occiso
837 3809 850 3831 ,-
875 3786 918 3822 et
944 3777 1215 3823 Herimanno
1231 3779 1425 3835 principe

184 3853 471 3913 Letharingiae
491 3848 573 3897 sihi
601 3853 854 3903 substituto,
877 3851 970 3918 ipse
993 3863 1165 3908 quoque
1181 3852 1268 3895 cito
1291 3852 1429 3895 inter·
1454 3881 1457 3883 >

187 3928 347 3971 ficitur.
381 3921 491 3970 Ante
523 3926 640 3982 hunc
671 3919 976 3986 imperatorem
1001 3933 1098 3973 vnon
1131 3923 1315 3979 legimus
1348 3922 1429 3966 ali·

187 4012 316 4057 quem
350 4012 374 4043 a
404 3990 602 4042 Romano
635 3992 840 4053 pontifice
872 3995 1322 4050 excommunicatum,
1356 4004 1431 4040 aut

188 4074 370 4131 imperio
393 4073 604 4133 privatum
620 4088 630 4115 2
646 4072 730 4115 nisi
754 4064 981 4116 'forteillud
995 4080 1074 4125 pro
1087 4068 1431 4112 excommunica·

191 4147 306 4190 tione
331 4149 571 4199 reputetur,
589 4138 706 4198 quod
723 4141 949 4201 Philippus
968 4141 1135 4196 primus
1157 4139 1433 4184 Christianus

192 4221 441 4274 imperator,
478 4216 532 4259 ad
566 4216 695 4259 breve
730 4221 902 4270 tempus
932 4225 957 4256 a
988 4213 1186 4256 Romano
1219 4212 1424 4268 pontifice

193 4293 305 4334 inter
343 4289 600 4345 prenitentes
646 4287 803 4343 legitur
854 4286 1110 4331 collocatus.
1162 4283 1248 4327 Ant
1297 4283 1432 4334 illud,

196 4363 310 4419 quod
341 4360 623 4407 Theodosius,
648 4360 710 4402 ob·
737 4363 958 4402 cruentam
991 4357 1216 4400 hominum
1253 4356 1435 4408 caedem,

199 4449 224 4479 a
246 4434 464 4480 liminibus
485 4432 690 4478 Ecclesire
711 4432 868 4489 legitur
889 4436 1205 4487 sequestratus.

1557 3556 1666 3601 Cum
1690 3554 1848 3610 quibus
1867 3552 2060 3594 Ecclesia
2082 3549 2197 3605 regia
2215 3549 2314 3603 Jura
2335 3551 2515 3602 premat.

1495 3630 1742 3682 ..iunctaque
1767 3624 2011 3668 Saxonibus
2034 3618 2250 3665 consentit
2271 3625 2314 3663 et
2338 3619 2497 3674 inclyta
2519 3616 2680 3666 Roma,

1503 3702 1645 3745 Aurea
1672 3697 1902 3752 Rodulpho
1924 3693 2236 3749 transmittitur
2261 3690 2362 3734 inde
2385 3701 2570 3740 corona,

1560 3774 1676 3818 Bella
1697 3784 1775 3828 per
1794 3768 2021 3825 imperium
2041 3765 2326 3820 multiplicata
2346 3768 2514 3806 tonant.

1507 3845 1706 3901 Scriptus
1727 3848 1771 3887 et
1793 3843 1984 3897 insertus
2008 3838 2090 3881 suit
2108 3837 2153 3880 in
2177 3834 2416 3879 diademate
2435 3845 2611 3885 versus,

1507 3919 1636 3962 Petra
1652 3915 1766 3958 dedit
1784 3913 1928 3963 Petro,
1952 3910 2102 3955 Petrus
2118 3907 2311 3950 diadema
2329 3904 2569 3960 Rodumna,-

1563 3988 1662 4031 Haec
1685 3987 1745 4029 ita
1769 3983 2012 4028 Saxonibus
2035 3980 2168 4024 missa
2193 3990 2354 4022 corona
2376 3977 2519 4020 datur.

1510 4061 1621 4114 Sede
1642 4057 1919 4116 Moguntinus
1941 4060 2044 4099 tunc
2065 4052 2222 4110 praesul
2243 4052 2287 4094 in
2308 4051 2459 4094 ordine
2481 4061 2648 4105 primus
2662 4080 2673 4101 .

1515 4133 1692 4178 Exstitit
1715 4131 1918 4174 Albertus
1934 4158 1945 4179 ‚
1972 4137 2110 4170 saevus
2125 4155 2138 4175 ‚
2162 4123 2331 4167 feritate
2353 4123 2546 4175 ferinus,

1523 4186 1526 4190 ¹
1567 4207 1654 4250 Nec
1675 4212 1817 4247 tamen
1842 4201 2011 4257 ingenio
2033 4199 2101 4242 vel
2125 4196 2338 4253 probitate
2362 4196 2519 4238 minor.

1511 4280 1590 4324 Hic
1611 4290 1740 4334 super
1761 4273 1992 4319 Henricum
2015 4272 2151 4326 magis
2175 4270 2378 4313 omnibus
2401 4273 2466 4311 est
2488 4266 2718 4316 inimicus.

1514 4354 1586 4397 Sic
1609 4358 1651 4395 et
1670 4349 1928 4404 Agrippinus
1950 4343 2131 4400 praesul,
2153 4341 2334 4385 celebris
2360 4339 2603 4382 Fridericus
2618 4369 2631 4389 .

1568 4423 1744 4470 Alberto
1765 4423 1779 4439 ‘
1804 4421 1856 4464 de
1880 4416 2081 4470 Tre-reri,
2106 4415 2153 4458 tit
2177 4414 2323 4472 gravis
2344 4412 2484 4457 hostis
2505 4411 2574 4456 ei:
