2924 4588
288 155 444 218 ⁸751-
571 163 601 200 ⁸

301 334 536 379 claritatem
562 328 781 376 sapientiae
804 339 827 369 a
851 320 955 369 vera‘
986 323 1210 378 sapientia,
1235 322 1369 375 Filio;
1392 324 1539 365 suavi·

300 417 428 450 tatem
462 389 634 448 iustiori?
653 413 676 444 a
701 401 815 444 dulci
847 398 1075 448 charitate,
1103 395 1265 452 Spiritu
1292 401 1468 445 sancto;
1494 401 1539 436 ut

299 481 380 522 hnc
416 476 541 520 modo
571 475 626 519 sit
658 473 769 517 Deus
801 472 944 515 omnia
984 470 1028 513 in
1057 469 1272 513 omnibus.
1293 466 1406 510 ldem
1437 477 1539 509 vero

300 549 423 592 nobis
465 548 505 589 in
551 543 863 600 signiticatIone
902 542 1109 585 duntaxat
1154 540 1307 583 morali
1360 539 1539 580 innuere

300 625 443 664 icones
465 617 680 667 videntur,
707 628 800 671 qua}
821 627 894 670 per
918 614 1148 657 circuitum
1173 610 1304 655 trium
1326 611 1539 667 parietum

298 699 337 734 et
361 694 403 734 in
420 690 611 740 basibus,
634 695 674 732 et
705 689 748 731 in
765 688 1009 731 tabularum
1036 684 1357 730 summitatibus
1388 684 1539 739 positae

298 769 413 812 sunt,
432 760 544 818 quod
570 761 751 803 innuunt
771 758 959 814 pra-dicti
994 762 1154 807 vectes,
1173 757 1247 812 qui
1278 767 1353 810 per
1376 755 1542 799 medias

299 835 465 878 tabulas
488 833 792 876 immittuntur.
813 830 918 872 Nam
949 830 1050 885 quia
1082 830 1125 871 in
1151 828 1430 871 tabernaculo
1459 826 1539 870 Ee·

297 906 437 951 elesiae
457 911 497 949 ct
513 906 636 949 bases
653 905 768 947 viros
784 903 1022 959 religiosos,
1043 901 1115 958 qui
1134 902 1187 944 ab
1198 897 1375 944 exordio
1391 899 1539 943 mundi

299 991 433 1035 nsque
449 978 501 1020 ad
526 977 862 1021 incarnationem
886 974 1046 1019 Christi
1070 975 1113 1016 in
1142 980 1325 1028 utroque
1353 985 1456 1016 sexu
1494 972 1538 1016 in

296 1051 455 1094 inundo
493 1049 692 1102 suerunt;
729 1054 772 1092 et
805 1047 958 1091 tabulae
989 1052 1178 1096 sanctos,
1209 1047 1280 1101 qui
1325 1056 1347 1086 a
1377 1043 1537 1089 Christi

296 1124 478 1167 mtventti
502 1134 637 1178 usque
660 1122 712 1165 ad
736 1121 861 1164 iincm
882 1120 1027 1164 saeculi
1052 1120 1095 1163 in
1124 1125 1309 1175 utroque
1342 1117 1538 1162 similiter

296 1209 398 1239 sexu
423 1195 466 1238 in
492 1194 682 1239 Ecclesia
718 1201 836 1245 sunt,
862 1193 1099 1238 secundum
1128 1204 1303 1238 sensum
1334 1191 1537 1248 allegori-

295 1283 391 1313 cum
412 1269 638 1326 designant
659 1285 669 1312 :
686 1274 789 1312 tnnc
805 1267 1008 1312 nimirum
1022 1266 1303 1311 tabernaculo
1317 1270 1392 1311 tuo
1409 1270 1450 1309 et
1470 1272 1537 1309 ta-

294 1341 417 1384 bulas
438 1340 586 1397 erigis,
612 1347 655 1384 ct
691 1340 819 1384 bases
853 1338 1077 1395 supponis,
1108 1339 1145 1381 si
1170 1338 1396 1392 utriusque
1429 1344 1537 1381 tem·
1561 1342 1593 1385 Β
1618 1336 1756 1390 lisque
1776 1334 1969 1378 succedit
1985 1334 2028 1377 in
2050 1333 2237 1386 actione,
2252 1334 2395 1390 qualis
2414 1334 2486 1378 ille
2503 1335 2706 1391 praecedit
2723 1336 2767 1380 in
2786 1346 2865 1380 vo·-

294 1413 410 1467 poris
435 1418 606 1458 sanctos
639 1413 828 1468 diligenti
865 1418 906 1456 et
934 1412 1025 1468 Jngi
1065 1412 1330 1467 inspectione
1376 1412 1537 1455 circuis

293 1492 334 1530 et
357 1487 645 1543 perambulas,
669 1498 818 1530 eorum
855 1485 930 1528 tibi
964 1491 1007 1530 et
1028 1485 1157 1529 verba
1192 1484 1245 1527 ad
1276 1484 1533 1535 doctrinam,

293 1564 335 1599 et
353 1569 480 1613 opera
494 1558 547 1601 ad
562 1557 839 1600 imitationem
854 1556 1027 1600 assidue
1046 1564 1373 1612 repraesentans.
1390 1555 1534 1600 Circui

292 1640 395 1684 ergo
427 1636 470 1673 ct
492 1629 663 1673 immola
689 1629 732 1673 in
757 1628 1034 1673 tabernaculo
1058 1627 1225 1671 Domini
1257 1627 1437 1672 hostiam
1460 1642 1530 1672 vo·-

293 1702 546 1756 cij'erationis
568 1714 582 1743 .·
609 1708 737 1745 canta
772 1707 815 1746 ct
848 1702 1054 1757 psalmum
1077 1700 1147 1744 dic
1180 1700 1355 1744 Domino
1395 1700 1531 1758 (Psal.

292 1786 408 1826 xxvi,
433 1773 493 1830 6),
516 1773 650 1819 Canta
674 1786 749 1830 per
765 1773 966 1818 mundam
986 1773 1307 1830 cogitationem,
1323 1775 1533 1829 psalmum

291 1850 360 1893 dic
385 1860 461 1905 per
483 1848 637 1891 bonam
661 1848 886 1892 actionem.
912 1846 1157 1903 Omnesque
1177 1855 1366 1899 sanctos,
1393 1849 1465 1904 qui
1492 1855 1535 1893 et

291 1923 345 1964 ab
365 1920 498 1964 Adam
522 1927 643 1976 patre
679 1920 868 1964 omnium
905 1926 1103 1965 nostrum
1135 1921 1180 1964 in
1212 1927 1395 1976 utroque
1428 1934 1534 1966 sexu

291 2006 425 2049 usque
469 1993 523 2036 ad
564 2004 834 2042 communem
881 1991 1106 2037 Dominum
1151 1997 1347 2036 nostrum
1385 1992 1532 2038 Jesum

290 2067 507 2111 Christum
547 2067 591 2109 in
634 2065 794 2110 mundo
831 2062 1026 2118 suerunt;
1069 2070 1111 2109 et
1145 2066 1199 2110 ab
1221 2067 1532 2114 incarnationis

289 2140 383 2195 eius
405 2140 598 2190 excidio,
633 2151 771 2195 usque
811 2138 865 2182 ad
910 2139 1037 2182 tinem
1075 2140 1221 2184 saecull
1258 2152 1371 2184 nunc
1414 2149 1529 2194 sunt,

291 2219 430 2256 mente
449 2219 490 2256 et
508 2213 763 2268 cogitatione
787 2223 1012 2267 percurre3
1031 2217 1073 2255 et
1099 2218 1185 2254 tam
1205 2224 1254 2255 ea
1299 2226 1393 2269 quae
1416 2213 1534 2258 dixe-

293 2290 407 2336 runt,
435 2297 563 2340 qnam
597 2296 647 2328 ea
691 2295 785 2340 qum
819 2282 1030 2336 fecerunt,
1055 2283 1132 2328 tibi
1162 2295 1376 2341 propone3
1403 2293 1447 2330 ιιι
1478 2299 1531 2331 ex

287 2371 436 2402 eorum
475 2358 616 2402 verbis
646 2357 829 2409 doctior,
872 2366 914 2402 et
957 2356 1082 2403 sactis
1124 2360 1313 2403 sanctior
1350 2358 1448 2410 iias,
1489 2367 1531 2404 et

288 2433 472 2475 maxime
494 2444 622 2487 quam
646 2431 828 2475 mundas
848 2430 1076 2475 habuerint
1102 2434 1399 2488 cogitationes,
1422 2445 1530 2490 quas
1552 2410 1584 2455 C
1611 2429 1708 2473 deat
1727 2431 1977 2485 praevenire.
2018 2430 2178 2475 Malum
2215 2443 2402 2488 namque
2440 2443 2663 2489 nunquam
2687 2433 2865 2491 volens3

287 2506 505 2550 moraliter
531 2506 717 2550 diximus
742 2505 896 2549 debere
937 2505 1071 2563 accipi
1095 2519 1170 2563 per
1199 2506 1370 2551 tabulas
1397 2506 1529 2552 deau-

287 2587 426 2631 ratas;
450 2589 662 2634 quamque
685 2584 826 2622 rectas
848 2578 1123 2627 intentiones,
1150 2591 1257 2634 quas
1296 2592 1370 2636 per
1405 2580 1533 2624 bases

285 2658 528 2709 argenteas,
554 2650 784 2707 diligenter
819 2658 1123 2707 perscrutare:
1150 2653 1298 2708 sicque
1336 2654 1379 2697 in
1416 2653 1527 2698 inte·

284 2728 398 2770 riore
416 2726 692 2770 tabernaculo
725 2730 816 2775 tuo,
837 2730 879 2767 et
904 2725 984 2768 sub
1009 2724 1204 2777 basibus,
1230 2731 1271 2770 et
1284 2719 1338 2770 'in
1372 2726 1529 2772 tabulis

284 2800 431 2843 icones
468 2797 701 2856 inscriptas
739 2797 933 2840 habebis.
967 2795 1133 2842 Idcirco
1170 2801 1213 2842 in
1246 2799 1327 2843 hac
1360 2800 1528 2855 pictura

283 2876 450 2923 nostra,
487 2876 529 2915 et
560 2870 604 2914 in
638 2870 930 2916 tabernaculis
957 2879 1205 2917 sanctorum
1235 2872 1342 2916 Novi
1374 2873 1530 2919 Testa-

282 2944 431 2995 menti,
452 2943 554 2988 etin
584 2943 764 2989 basibus
783 2957 951 2997 eorum,
971 2945 1045 3001 qui
1082 2947 1125 2990 in
1149 2946 1312 2999 Veteri,
1342 2950 1385 2991 in
1406 2954 1530 2993 utro·

282 3030 366 3075 que
388 3030 507 3068 sexu,
528 3016 660 3072 sucre,
684 3016 862 3073 depictae
890 3027 990 3063 sunt
1015 3019 1190 3064 icones:
1221 3027 1268 3063 ιιι
1292 3019 1342 3063 ad
1376 3023 1527 3078 acqui·-

283 3090 460 3134 rendam
496 3098 538 3135 et
576 3090 831 3134 munditiam
868 3091 912 3134 in
947 3093 1102 3136 mentis
1132 3093 1407 3148 cogitatione,
1433 3107 1527 3152 quae

281 3174 359 3219 per
396 3163 583 3206 tabulam
617 3163 827 3219 accipitur
849 3163 1120 3218 deauratam;
1155 3172 1196 3209 et
1228 3167 1526 3213 rectitudinem

282 3236 326 3279 in
365 3236 532 3279 interna
568 3237 822 3288 intentione,
854 3250 949 3294 qum
983 3250 1059 3293 per
1095 3239 1231 3283 basim
1262 3247 1524 3295 argenteam,

282 3306 648 3355 conversationes,
675 3308 872 3363 vitasque
890 3315 1136 3353 sanctorum
1159 3310 1383 3368 utriusque
1418 3318 1526 3357 tem-

283 3378 400 3433 poris
420 3384 461 3422 et
482 3379 649 3434 agnitas
670 3379 829 3424 habeas
850 3393 925 3436 pei·
946 3381 1106 3424 claram
1132 3382 1458 3438 inspectionem,
1482 3392 1525 3430 et

284 3450 575 3505 frequentatas
605 3463 681 3507 per
717 3450 985 3497 fructuosam
1020 3453 1319 3500 imitationem.
1342 3456 1440 3501 llaec
1472 3459 1524 3502 de

285 3521 482 3568 vectibus
512 3522 627 3567 etde
643 3523 828 3567 annulis.
857 3524 955 3568 llaec
973 3525 1101 3570 etiam
1122 3527 1174 3571 de
1198 3529 1410 3583 iconibus,
1430 3543 1524 3586 quac

285 3596 330 3640 in
350 3597 524 3641 basibus
557 3603 600 3642 ct
622 3597 666 3640 in
686 3598 925 3643 tabularum
949 3602 1270 3648 sununitatibus
1288 3611 1402 3649 sunt.
1427 3605 1526 3650 ilaec

284 3669 467 3724 denique
503 3667 556 3713 de
578 3670 733 3721 tribus,
756 3684 851 3726 qnae
882 3671 935 3716 ad
966 3673 1063 3724 hoc,
1086 3673 1138 3719 de
1172 3688 1258 3731 quo
1290 3678 1522 3734 loquimur,

283 3740 604 3784 tabernaculum
641 3744 927 3798 pertinebant,
949 3747 1151 3799 metallis,
1173 3761 1279 3793 auro
1310 3752 1521 3806 videlicet,

285 3819 458 3868 argento
478 3819 519 3856 et
538 3826 637 3867 aere,
659 3818 879 3860 moraliter
916 3818 1030 3861 dieta
1055 3820 1281 3866 sulliciant.

767 3904 946 3949 CAPUT
972 3906 1022 3950 V.

282 3992 345 4033 Be
367 3990 495 4032 tribus
512 3993 735 4046 parietibus
762 3995 1031 4040 tabernaculi.
1057 3998 1112 4041 De
1135 4009 1254 4047 vecte.
1280 4004 1347 4057 qui
1370 4011 1431 4046 est
1467 4005 1521 4045 ad

339 4047 549 4089 introitum
587 4050 761 4101 ejus:ct
787 4053 836 4094 tle
870 4054 1044 4109 quinque
1070 4057 1288 4109 columnis,
1322 4072 1413 4114 quie
1446 4060 1519 4103 sub

339 4101 475 4143 codem
496 4112 599 4146 vecte
617 4115 758 4149 ιιι-θείω
779 4116 890 4150 ovant.

339 4172 516 4216 CXLVI.
551 4174 652 4219 Post
680 4177 769 4220 haee
806 4179 979 4223 adducit
1017 4183 1128 4227 ratio
1164 4184 1394 4240 inquirere.
1417 4189 1521 4243 quid

286 4245 642 4289 trastabernaculi
653 4250 835 4302 parietes
854 4254 1088 4296 secundum
1103 4268 1277 4300 sensum
1292 4262 1518 4314 moralem3

285 4315 438 4369 quidve
460 4329 532 4370 per
556 4323 731 4370 vectem,
760 4320 832 4375 qui
868 4322 911 4366 in
949 4324 1126 4367 introitu
1166 4328 1259 4381 ejus
1287 4336 1375 4383 est;
1414 4331 1517 4386 quid

284 4387 410 4427 etiam
430 4401 501 4441 per
518 4389 739 4434 columnas
759 4391 893 4436 eidem
911 4396 1021 4439 vecti
1036 4400 1280 4453 suppositas
1299 4402 1520 4446 moraliter

283 4457 462 4514 exprimi
500 4461 648 4515 possit.
677 4459 781 4507 Tres
813 4463 856 4507 bi
893 4466 1154 4514 tabernaculi
1192 4472 1392 4528 parietes,
1429 4479 1516 4519 tres

1180 158 1350 202 Animi
1377 153 1965 208 PttAEttoltsTttA'rENSts

299 259 460 307 monim
499 257 630 301 robur
652 249 852 312 potenflae
891 264 914 294 a
953 261 1119 294 sunnna
1156 249 1363 304 potentia,
1390 247 1541 292 Patre:
1569 255 1601 298 Α
1625 248 1766 296 nobis,
1795 245 1931 301 quiin
1953 243 2125 287 homine
2144 252 2245 288 sunt
2265 250 2448 302 possunt
2477 245 2655 291 innuere
2683 255 2827 296 motus
2851 281 2863 310 ε

2776 157 2860 203 752
2905 185 2908 191 ·

1622 324 1783 364 motum
1817 314 2015 359 videlicet
2045 319 2220 368 mentis,
2255 322 2419 361 motum
2453 321 2663 373 corporis,
2702 327 2867 367 motum
2904 289 2914 351 i

1619 391 1928 438 sensualitatis.
1951 389 2090 433 Motus
2108 388 2279 444 quidem
2294 390 2454 437 mentis
2475 389 2520 435 in
2542 390 2760 436 voluntate
2775 398 2866 447 est;
2903 407 2910 438 ἰ

1619 471 1762 509 motus
1802 463 2000 518 corporis
2046 462 2092 504 in
2134 461 2331 515 actione;
2381 468 2526 506 motus
2573 465 2865 512 sensualitatis
2904 480 2909 531 ζ

1619 538 1788 583 medius
1822 536 1868 582 in
1913 533 2215 579 delectatione.
2244 534 2366 578 Mens
2404 547 2593 592 namque
2629 536 2872 585 secundum
2900 544 2909 589 l

1619 608 1884 652 voluntatem
1909 617 2032 651 snam
2055 617 2101 648 se
2126 610 2286 657 movet,
2311 613 2354 649 ct
2378 618 2430 650 ex
2455 619 2518 659 se,
2545 613 2588 651 et
2611 620 2687 664 per
2707 621 2754 653 se
2775 620 2870 656 mo·
2896 601 2909 658 ,ζ

1619 686 1767 734 vetui-3
1792 680 1892 735 quia
1919 679 2014 735 ejus
2036 684 2103 723 est
2141 690 2189 723 se
2211 691 2398 732 movere,
2423 679 2514 724 sive
2548 680 2658 726 bene
2696 693 2872 727 movea—
2903 696 2907 713 ³

1616 761 1705 806 tur,
1732 754 1823 797 sive
1864 754 1990 797 male.
2029 751 2145 795 Bene
2178 759 2391 803 movetur,
2422 752 2596 808 quando
2626 753 2679 798 ad
2707 745 2905 805 bonum]

1618 831 1832 876 movetur,
1880 825 1922 868 id
1941 828 2007 868 est
2031 823 2084 867 ad
2110 823 2323 880 Justitiam
2346 839 2355 867 ε
2381 829 2424 868 ει
2457 825 2584 877 male,
2604 825 2777 880 quando
2811 825 2871 872 ad
2903 839 2905 850 ·

1619 899 1795 949 malum,
1816 897 1859 940 id
1875 901 1943 940 est
1957 896 2011 939 ad
2045 897 2230 953 culpam.
2248 895 2300 939 Et
2314 897 2408 953 ejus
2424 902 2491 942 est
2505 902 2738 955 utrumque
2759 898 2871 945 etad
2899 911 2901 913 ’

1617 970 1741 1028 421
1767 971 1927 1014 bonum
1953 969 2151 1014 videlicet
2192 975 2235 1013 et
2260 970 2315 1012 ad
2338 970 2498 1018 malum
2539 971 2732 1016 moveri:
2767 958 2901 1030 quia-

1618 1043 1671 1084 ad
1693 1041 1939 1092 volendum,
1966 1041 2056 1085 sive
2072 1041 2126 1084 ad
2151 1041 2380 1085 nolendum
2407 1042 2526 1085 nulla
2551 1043 2752 1088 violentia
2787 1044 2871 1089 im·
2899 1047 2900 1050 ’

1618 1114 1813 1170 pellitur;
1840 1113 1913 1158 sed
1937 1114 2121 1171 propriae
2141 1114 2377 1158 voluntatis
2414 1114 2611 1160 libertate
2631 1122 2687 1161 ex
2725 1128 2786 1169 se,
2826 1121 2874 1165 et

1617 1201 1753 1244 perse
1774 1188 1984 1244 graditur.
2003 1186 2210 1244 Corporis
2228 1199 2331 1232 vero
2355 1193 2500 1233 motus
2525 1195 2689 1232 motum
2711 1189 2872 1238 menti!

1617 1269 1658 1306 ct
1670 1268 1866 1317 prompte
1884 1261 2179 1316 subsequitur,
2194 1266 2237 1304 et
2249 1259 2479 1305 efficaciter
2494 1264 2748 1318 exsequitur
2766 1278 2778 1308 ε
2803 1269 2873 1308 ιι·

1619 1407 1799 1451 luntate.
1815 1407 1957 1451 Motus
1975 1411 2119 1451 autem
2139 1407 2432 1451 sensualitatis
2455 1407 2627 1464 utrique
2647 1407 2749 1451 huic
2766 1419 2874 1464 prte-

1618 1480 1734 1524 dicto
1758 1481 1893 1523 motui
1913 1479 2079 1531 favens,
2103 1480 2216 1524 inter
2236 1486 2468 1537 utrumque
2491 1481 2658 1526 medius
2686 1481 2733 1525 in
2755 1481 2878 1527 deie-

1617 1554 1806 1597 ctatione
1821 1554 2044 1606 discurrit,
2068 1558 2301 1610 utrumque
2325 1554 2587 1610 amplectens
2610 1559 2653 1598 et
2676 1553 2722 1597 in
2757 1562 2875 1598 utro·

1615 1639 1698 1683 qne
1719 1627 1803 1671 sibi
1826 1627 2017 1683 placens.
2042 1626 2151 1671 Cum
2177 1626 2311 1684 igitur
2332 1627 2425 1672 haec
2444 1628 2503 1670 ita
2525 1629 2626 1679 sint,
2666 1625 2874 1673 australi·

1617 1700 1882 1744 tabernaculi
1910 1702 2056 1756 paries
2077 1701 2237 1761 bonum
2261 1702 2417 1746 mentis
2441 1701 2644 1759 exprimit
2678 1707 2875 1757 motum}

1614 1774 1712 1829 quia
1738 1786 1877 1827 mens,
1905 1781 1951 1817 nt
1968 1774 2057 1830 jam
2078 1774 2240 1819 dictum
2266 1780 2349 1828 est,
2375 1786 2428 1821 ex
2449 1787 2497 1820 se
2512 1775 2685 1832 quidem
2705 1768 2882 1821 movert-

1618 1845 1747 1890 habet
1768 1860 1780 1898 ς
1800 1846 1874 1892 sed
1894 1853 1940 1891 ιιι
1958 1846 2100 1891 bonus
2117 1858 2213 1892 esse
2234 1849 2385 1903 possit,
2412 1847 2648 1893 secundum
2683 1859 2733 1892 se
2771 1852 2871 1891 mod

1614 1919 1703 1964 veri
1720 1932 1809 1964 non
1829 1920 1972 1973 debet,
1999 1922 2074 1965 ted
2097 1922 2241 1977 potius
2265 1921 2503 1967 seeundum
2531 1921 2650 1965 illum
2677 1921 2751 1978 qui
2791 1931 2881 1978 peu

1611 1991 1818 2038 Austrum
1843 1993 2070 2050 accipitur,
2098 1994 2373 2039 Conditorem
2389 1994 2588 2040 videlieet
2623 2002 2666 2040 et
2689 1987 2878 2052 dispositi

1611 2072 1747 2110 torem
1772 2078 1915 2117 suum,
1944 2065 2153 2123 Spiritum
2180 2074 2394 2118 sanctum,
2420 2072 2468 2110 ut
2492 2056 2597 2112 t'une
2619 2071 2662 2112 et
2683 2065 2736 2110 ad
2758 2067 2801 2111 id
2824 2069 2882 2113 itt·

1611 2138 1831 2183 voluntate
1853 2150 1898 2183 se
1922 2144 2107 2192 moveat,
2133 2139 2307 2197 quando
2353 2145 2395 2183 et
2420 2141 2473 2183 ad
2504 2140 2617 2196 quod
2654 2140 2874 2185 bonorum·

1611 2209 1801 2255 omnium
1828 2210 2066 2255 infusorem
2098 2216 2142 2256 et
2197 2210 2489 2256 ordinatorem
2525 2211 2734 2269 Spiritum
2773 2223 2873 2258 san-

1611 2288 1727 2325 ctum
1751 2282 1859 2326 velle
1876 2282 2152 2339 cognoverit:
2177 2290 2390 2339 quatenns
2411 2283 2506 2340 eius
2527 2284 2740 2328 voluntati
2765 2284 2870 2328 nul·

1611 2355 1781 2400 latenus
1799 2356 1865 2400 vel
1890 2357 2076 2413 superbe
2100 2358 2334 2410 contraire,
2361 2358 2429 2403 vel
2459 2357 2640 2403 subdole
2669 2370 2765 2403 eam
2789 2370 2871 2402 au·-

1609 2503 1709 2548 etsi
1733 2502 1892 2547 malum
1918 2503 2150 2560 aliquando
2180 2516 2278 2549 esse
2320 2505 2491 2559 volens,
2528 2505 2741 2550 tonorum
2771 2517 2869 2551 om-

1609 2575 1729 2620 nium
1772 2575 2008 2634 inspirator
2049 2582 2092 2622 et
2146 2584 2403 2634 prosecutor
2441 2577 2630 2634 Spiritus
2670 2583 2870 2637 sanctus,

1608 2661 1775 2706 semper
1797 2650 1971 2707 quidem
1993 2651 2085 2695 vult
2107 2656 2154 2693 ut
2194 2650 2353 2694 bonum
2400 2662 2570 2708 semper
2615 2657 2658 2696 et
2702 2652 2867 2697 malum

1607 2735 1828 2779 nunquam
1846 2723 2056 2768 faciamus
2077 2739 2086 2767 ε
2133 2734 2215 2767 nec
2237 2729 2381 2768 tamen
2405 2724 2497 2767 vult
2525 2731 2572 2768 ut
2595 2724 2722 2769 idem
2751 2738 2866 2770 sein«-

1611 2809 1683 2853 per
1705 2797 1866 2840 bonum
1888 2787 2126 2851 faciamus;
2146 2797 2265 2853 quia,
2297 2797 2412 2842 sicut
2433 2797 2593 2842 malum
2615 2802 2868 2856 'utinquamq

1607 2870 1693 2914 nisi
1716 2870 1864 2915 illicite
1886 2877 2028 2928 potest
2050 2870 2234 2923 admitti,
2275 2871 2335 2917 ita
2357 2877 2401 2916 et
2431 2871 2591 2916 bonum
2629 2873 2863 2930 aliquando

1608 2945 1723 2989 licite
1742 2951 1884 3000 potest
1906 2945 2077 2998 omitti;
2105 2944 2150 2989 in
2171 2950 2355 2998 tantum,
2384 2950 2447 2999 ut,
2471 2957 2568 2990 eum
2591 2947 2735 2991 onmia
2758 2954 2864 2992 tem·

1607 3030 1687 3072 pus
1711 3017 1911 3070 habeant,
1937 3030 2059 3061 suam
2080 3018 2285 3062 nimirmn
2305 3018 2691 3076 bonitatemipsum
2727 3020 2860 3067 etiam

1606 3101 1915 3147 nonnunquam
1939 3091 2099 3135 bonum
2121 3091 2165 3135 in
2189 3091 2332 3147 aliquo
2362 3092 2551 3144 omittat,
2592 3093 2628 3136 si
2665 3103 2859 3151 congruo

1607 3167 1799 3219 tempore
1823 3163 1982 3207 sactum
2007 3176 2093 3208 non
2117 3169 2200 3208 est.
2223 3163 2370 3222 Vergit
2405 3165 2549 3222 itaque
2580 3165 2624 3209 in
2654 3166 2863 3212 taberna-³

1606 3238 1703 3280 culo
1721 3237 1862 3293 paries
1882 3238 1961 3282 istc
1979 3238 2032 3282 ad
2054 3244 2276 3281 austrum:
2303 3237 2421 3294 quia,
2441 3243 2488 3282 ut
2525 3238 2568 3281 iu
2611 3226 2753 3291 nobis,
2782 3240 2856 3297 qui

1605 3309 1679 3354 Dei
1705 3312 2030 3355 tabernaculum
2062 3323 2159 3355 esse
2180 3310 2402 3362 dehemus,
2437 3310 2666 3356 ordinatus
2685 3313 2741 3357 sit
2770 3325 2811 3357 m

1606 3388 1675 3424 tus
1699 3382 1868 3436 mentis,
1895 3395 2071 3428 necesse
2098 3389 2163 3426 est
2186 3388 2248 3434 ut,
2274 3389 2356 3425 tam
2381 3383 2424 3426 in
2449 3383 2628 3428 volendo
2665 3387 2854 3441 quamn

1605 3455 1807 3507 nolendo,
1831 3456 2024 3500 imitetur
2060 3454 2247 3513 Spiritus
2273 3457 2409 3500 sancti
2436 3456 2785 3514 inspirationem;
2808 3465 2855 3504 ut

1605 3528 1847 3586 diligenter,
1887 3530 2079 3587 inquam,
2118 3528 2221 3587 qnid
2252 3530 2344 3586 ipse
2377 3537 2418 3574 et
2445 3530 2618 3587 quando
2644 3530 2749 3576 velit
2789 3533 2853 3578 rei

1605 3602 1713 3645 nolit
1743 3604 2008 3660 exquiratet
2034 3604 2078 3648 in
2113 3610 2295 3660 nti-oque
2317 3615 2416 3647 eum
2458 3604 2708 3650 obedienter
2732 3617 2806 3663 seq
2835 3604 2848 3616 '⁴

1604 3675 1790 3728 studeat,
1815 3685 2030 3733 quatenus
2052 3677 2165 3734 ejus,
2186 3683 2232 3721 ιιι
2271 3678 2362 3735 jam
2390 3677 2553 3722 dictum
2583 3684 2667 3731 est,
2700 3679 2855 3725 volun·-

1602 3755 1733 3793 tatem
1758 3762 1839 3794 nec
1875 3750 2171 3796 fraudulenter
2206 3751 2455 3807 praevenire,
2489 3762 2568 3795 nec
2601 3757 2856 3810 arroganter

1603 3821 1642 3864 ei
1678 3820 1836 3865 audeat
1873 3823 2106 3867 contraire.
2151 3823 2299 3867 Paries
2337 3835 2440 3867 vero
2485 3807 2850 3880 septentrionalis,

1602 3893 1674 3949 qui
1718 3895 1871 3949 parieti
1915 3898 2096 3940 australi
2133 3898 2177 3941 in
2222 3897 2508 3954 longitudine,
2531 3904 2574 3943 et
2606 3898 2848 3947 altitudines

1602 3972 1643 4008 et
1687 3965 1731 4007 in
1797 3967 2071 4012 multitudine
2134 3969 2375 4013 tabularum
2396 4001 2409 4021 ,
2468 3975 2622 4014 ornatu
2680 3982 2823 4028 quoqu
2846 3968 2848 3970 ’

1602 4045 1644 4081 ct
1662 4041 1928 4084 connexione
1946 4053 2022 4097 per
2044 4043 2189 4086 omnia
2214 4041 2368 4087 similis
2393 4048 2476 4097 est,
2500 4049 2667 4087 motum
2704 4043 2834 4101 expri-

1601 4113 1679 4155 mit
1709 4115 1919 4171 corporis,
1939 4116 2012 4170 qui
2033 4116 2170 4160 motui
2185 4117 2343 4161 mentis
2356 4116 2608 4170 famulatur;
2630 4118 2730 4174 quia
2746 4127 2830 4173 qua

1600 4184 1654 4228 lis
1676 4185 1747 4230 ille
1769 4188 1812 4229 in
1830 4188 1956 4233 nobis
1982 4188 2291 4246 concipitur-,in
2310 4190 2542 4241 voluntate,
2566 4190 2667 4235 talis
2709 4190 2792 4235 iste
2819 4202 2834 4234 ε

1599 4259 1725 4304 nobis
1744 4261 1934 4317 gignitur
1956 4262 2001 4307 in
2022 4262 2211 4307 actione.
2235 4262 2408 4308 Tertius
2445 4276 2547 4309 vero
2581 4264 2739 4321 paries,
2770 4263 2841 4319 qu‘

1597 4333 1771 4389 utrique
1806 4335 1959 4390 parieti
1980 4337 2254 4380 connectitur
2286 4343 2330 4381 et
2363 4338 2653 4395 conjungitur,
2679 4341 2830 4382 motun

1598 4407 1794 4463 designat
1816 4410 2135 4455 sensualitatis:
2161 4411 2233 4467 qui
2258 4417 2401 4462 motus
2417 4413 2525 4460 dues
2551 4411 2772 4470 praeceden

1597 4477 1640 4522 in
1657 4478 1939 4526 delectatione
1962 4481 2274 4539 complectitur.
