2924 4588
184 140 294 214 δῖ’-Π
508 191 538 225 .

1185 142 1346 184 PETut
1378 135 1732 209 coME'SToms

2626 149 2740 196 1218

180 233 294 287 quod
319 241 385 275 est
405 231 631 283 bruchium,
659 234 860 300 ditmntur
884 232 1176 300 periscelides,
1199 231 1322 287 quasi
1346 243 1417 273 or-
1444 236 1478 278 A
1504 231 1796 286 mompbares‚
1816 230 1976 282 Louna,
2005 205 2156 285 Bessa,
2179 234 2537 293 Ceelatba,mons
2562 217 2740 293 Sepber,

181 311 427 344 namentuni
452 303 633 345 brachii.
888 341 892 345 .

229 374 331 416 CM).
368 375 413 416 L.
449 374 509 416 De
531 382 642 444 agree
664 374 845 416 duarum
872 376 1073 428 tribuum,
1095 382 1133 416 et
1158 374 1362 418 dimittite.

231 445 329 490 Filii
353 452 495 488 autem
525 446 691 499 Ruben,
712 456 755 491 et
779 448 886 500 Gaul,
906 454 948 490 et
970 447 1147 491 dimidia
1168 447 1306 491 tribus
1326 446 1419 489 Ma-

177 530 303 560 nasse
329 519 542 561 habebant
561 531 716 574 pecora
742 520 876 563 multa
912 519 1043 564 nimis
1080 519 1233 575 (Num.
1261 519 1416 568 xxxii).

178 591 229 633 Et
268 593 458 634 videntes
485 593 798 644 Amorrbaeam,
842 592 981 636 Basan
1021 598 1065 636 et
1099 591 1263 636 Galaad
1297 599 1419 648 aptas

176 665 407 717 pecoribus
433 666 614 717 alendis,
655 674 916 720 rogaverunt
941 663 1134 723 Moysen,
1175 673 1222 708 ut
1259 672 1417 709 terram

176 736 286 778 bunc
307 737 371 779 eis
389 737 678 780 contraderet.
706 736 945 782 AEstimans
980 744 1124 781 autem
1147 737 1330 794 Moyses,
1361 738 1418 781 ob

175 810 372 852 timorem
396 823 550 867 pugnae
569 819 614 854 et
641 811 820 863 laboris,
844 812 924 855 boc
951 824 1028 856 eos
1059 811 1282 867 quaesisse,
1323 824 1418 854 ma-

174 883 312 933 lignos
334 896 407 926 eos
427 882 670 937 appellarit,
698 898 750 928 eo
769 885 901 940 qnod,
927 883 1135 928 fratribus
1157 884 1200 928 in
1225 896 1417 929 aerumna

175 957 510 1000 consistentibus
527 990 538 1009 ,
562 958 643 1011 ipsi
670 958 827 1000 vellent
856 958 1066 1002 deliciari.
1095 957 1179 1014 Ipsi
1201 969 1304 1001 vero
1323 959 1418 1014 pol-

173 1028 275 1071 liciti
299 1036 399 1072 sunt
425 1030 537 1084 quod
566 1029 769 1073 mulieres
801 1039 844 1073 et
866 1030 1072 1085 parvulos
1108 1030 1152 1072 in
1181 1030 1285 1073 tutis
1307 1030 1416 1074 locis

172 1102 437 1155 ordinarent,
462 1102 609 1146 caulas
645 1102 818 1155 ovibus,
849 1107 891 1145 et
919 1102 1127 1157 jumentis
1155 1102 1324 1146 stabula
1353 1101 1418 1145 fa-

171 1176 410 1228 bricarent;
450 1177 529 1232 ipsi
580 1189 681 1220 vero
723 1176 878 1219 armati
923 1177 1214 1232 praecederent
1261 1175 1416 1221 fratres

171 1262 289 1300 suos,
310 1248 444 1292 donec
468 1263 542 1293 cos
559 1250 881 1294 introducerent
898 1250 951 1293 ad
972 1250 1066 1293 loca
1092 1262 1187 1293 sua.
1216 1249 1306 1293 Sub
1332 1250 1411 1292 bac

171 1328 313 1365 autem
346 1322 592 1365 conditione
615 1331 775 1366 terrazn
819 1321 963 1366 Selion
998 1323 1112 1378 regis
1147 1321 1404 1366 Amorrbeo·

171 1406 283 1446 rum,
303 1402 342 1437 et
367 1394 430 1449 Og
452 1395 567 1450 regis
585 1395 724 1438 Basan
747 1402 1045 1450 susceperunt.
1070 1394 1206 1438 Porro
1226 1395 1301 1439 lilii
1327 1395 1417 1438 Ma-

170 1467 279 1518 cliir,
311 1467 383 1509 tilii
403 1465 615 1515 Manasse.
639 1461 920 1511 obtinuerunt
955 1467 1134 1511 Galaad.
1167 1466 1259 1511 Jair
1295 1481 1415 1522 vero,

170 1540 283 1597 tilius
311 1540 522 1589 Manasse.
548 1541 776 1595 occupavit
806 1535 923 1584 vicos
951 1541 1062 1598 eius,
1082 1547 1125 1586 et
1145 1542 1314 1586 vocavit
1342 1554 1417 1587 eos

168 1602 410 1668 Anoth'air.
438 1613 482 1655 id
505 1620 570 1656 est
594 1612 714 1655 villas
732 1612 846 1656 sair.

168 1702 269 1746 Cu».
307 1702 373 1746 Η.
407 1703 635 1761 Catnloqus
681 1705 963 1759 quadrassinta
1005 1704 1187 1750 duarum
1228 1706 1415 1749 ntaitst‘o-

730 1774 843 1803 num.

223 1832 406 1876 Ponitur
453 1834 521 1878 hic
560 1835 783 1891 catalogus
818 1834 1093 1879 mansionum
1128 1835 1182 1878 ab
1210 1835 1332 1879 exitu
1364 1836 1418 1879 de

169 1904 351 1961 AEgypto
377 1906 526 1963 (Num.
556 1908 726 1963 xxxin).
754 1907 949 1952 Fuerunt
975 1915 1117 1952 autem
1144 1915 1244 1952 ante
1274 1916 1418 1952 trans·

170 1979 278 2022 itum
324 1980 457 2024 maris
498 1979 632 2024 Rubri
674 1990 887 2038 quatuor,
936 1981 1143 2027 Ramesse
1167 2016 1179 2036 ,
1211 1982 1414 2035 Soccotb,

169 2051 339 2104 Etliam,
371 2051 681 2107 Pitinatnirotm
707 2068 730 2098 a
755 2058 862 2099 mari
893 2055 1044 2099 Rubro
1071 2068 1209 2114 usque
1231 2057 1284 2100 ad
1313 2055 1417 2100 Sina

170 2133 268 2169 octo
296 2141 306 2168 τ
334 2126 469 2178 Mara,
493 2126 619 2181 Elim,
643 2128 871 2185 Jamsuph,
897 2117 1013 2187 quod
1051 2137 1179 2175 sonat
1199 2142 1318 2174 mare
1334 2129 1420 2172 nu-

168 2201 313 2251 brum,
349 2200 415 2242 vel
456 2199 679 2256 Scirpeum
708 2201 836 2246 :Jain
917 2204 1051 2257 enim,
1100 2218 1234 2256 mare,
1277 2204 1415 2261 Supli,

170 2273 360 2327 rubrum,
385 2276 451 2317 vel
473 2277 659 2330 scirpeus
697 2276 1031 2332 interpretatum
1073 2286 1112 2321 ct
1148 2279 1287 2334 potuit
1320 2290 1418 2322 esse

1500 302 1660 356 Aratla,
1682 302 1909 358 Macelotb,
1933 300 2152 359 Ttnatnaui,
2195 305 2336 352 Thure
2353 341 2367 362 ‚
2397 306 2594 354 Metbcba
2610 343 2621 363 ,
2661 310 2745 356 tle-

1499 389 1669 428 smona,
1688 375 1925 426 Moserotb,
1947 377 2214 432 Benerracan
2229 413 2241 432 ,
2262 391 2388 424 mons
2417 379 2606 437 Gadgad,
2631 380 2747 426 Jete-

1498 448 1644 499 hallia,
1669 447 1884 499 Hebrona,
1911 450 2204 505 Asi'ongaber,
2223 450 2383 504 Cades;
2404 465 2428 494 a
2447 451 2586 495 Gades
2603 466 2743 508 usque

1498 522 1550 565 ad
1585 523 1843 577 campestria
1867 522 1992 566 Moab
2011 536 2181 570 novem.
2219 537 2346 570 mons
2370 524 2476 579 Hor,
2521 526 2743 581 Salmous,

1499 595 1698 647 Flumen,
1725 596 1883 649 Obotb,
1907 597 2140 641 ⁸beabat-im
2160 631 2172 650 ,
2201 594 2422 654 Dibongad
2445 632 2456 651 ,
2488 598 2746 644 sselmonde·

1498 668 1722 722 blatbaim,
1747 675 1916 712 montes
1937 669 2132 721 Abarim,
2153 672 2412 726 campestria
2434 672 2576 716 Moab.

1552 756 1655 800 Cir.
1678 757 1764 801 Lll.
1791 756 1852 802 De
1876 758 2050 803 urbibus
2069 758 2331 813 Leniturttm,
2350 768 2392 804 et
2421 761 2687 807 suburbanis.

1553 848 1711 893 lterum
1737 850 1910 893 locutus
1926 856 1994 894 est
2028 849 2237 893 Dominus
2274 851 2327 894 ad
2366 849 2541 908 Moysen
2563 884 2576 903 ,
2611 858 2654 897 et
2682 851 2747 895 di-

1496 923 1648 966 stinxit
1684 922 1894 967 terminos
1926 928 2053 966 terrae
2109 924 2409 978 promissionis
2451 925 2506 967 ab
2549 930 2648 967 ortu
2702 934 2748 967 et
2820 921 2831 926 “

1497 1007 1672 1049 occasu,
1694 994 1875 1040 meridie
1896 1001 1941 1039 et
1959 997 2162 1051 aquilone
2191 996 2346 1052 (Num.
2387 996 2558 1053 xxxiv).
2594 994 2649 1039 Et
2666 1007 2747 1040 no-

1497 1070 1678 1113 minavit
1707 1068 1926 1125 principes
1969 1069 2178 1122 tribuum,
2215 1070 2307 1125 qui,
2329 1070 2512 1114 transito
2537 1068 2744 1121 lor-dane,

1497 1155 1594 1186 cum
1631 1140 1766 1186 Josue
1785 1149 1826 1185 et
1851 1140 2057 1186 Eleazaro
2086 1150 2244 1186 terram
2285 1142 2543 1186 dividerent.
2582 1141 2748 1186 Praece-

1498 1215 1648 1270 pitque
1669 1213 1844 1261 Levitas
1867 1214 1910 1257 in
1939 1213 2142 1258 omnibus
2184 1213 2633 1270 tribubus'dispersos
2670 1215 2748 1258 ba-

1441 1302 1475 1346 Β
1499 1288 1599 1331 bere
1621 1287 1817 1331 civitates
1834 1285 1888 1330 ad
1909 1285 2239 1330 inhabitandum
2257 1320 2272 1340 ‚
2313 1294 2356 1330 ct
2394 1299 2418 1330 a
2449 1288 2586 1331 muris
2613 1286 2749 1332 scrin·

1498 1373 1625 1406 secus
1649 1372 1724 1416 per
1745 1360 2039 1412 circumitum,
2063 1365 2224 1403 terram
2248 1359 2365 1404 mille
2405 1371 2613 1415 passuum
2635 1359 2749 1404 obti-

1497 1445 1619 1485 nere,
1643 1434 1687 1476 in
1725 1445 1810 1489 qua
1848 1432 2098 1477 suburbana
2129 1439 2292 1485 essent,
2316 1432 2369 1477 ad
2404 1445 2564 1487 pecora
2588 1444 2741 1476 eorum

1498 1507 1651 1552 alenda
1675 1506 1999 1563 (Num.·xxxv).
2027 1505 2087 1548 Ex
2119 1505 2279 1560 quibus
2306 1506 2558 1550 civitatibusv
2575 1519 2650 1550 sex
2675 1518 2748 1549 es·

1499 1588 1595 1627 sent
1617 1580 1788 1638 refugii,
1814 1586 1901 1624 tres
1925 1580 2035 1623 ultra
2058 1578 2306 1629 Jordanem.
2339 1587 2381 1623 et
2415 1588 2503 1623 tres
2535 1579 2660 1633 citra,
2697 1580 2749 1624 de

1498 1652 1656 1708 quibus
1681 1651 1723 1694 in
1756 1650 2270 1702 Deuteronomiodicitur
2298 1650 2443 1699 (Dent.
2472 1653 2578 1708 xix).

1646 1741 1750 1786 Cn.
1783 1740 1889 1785 Lm.
1919 1740 1983 1786 De
2002 1742 2274 1786 matrimonio
2302 1741 2602 1786 contribulum.

1558 1848 1574 1874 ι
1604 1833 1895 1876 Accesserant
1924 1838 2068 1876 autem
2094 1819 2188 1876 sslii'
2207 1831 2391 1886 Machir,
2435 1833 2513 1877 tilii
2550 1833 2751 1880 Manasse

1497 1908 1551 1951 ad
1574 1906 1768 1964 Moysen,
1796 1914 1840 1950 et
1858 1906 2060 1950 dixerunt
2083 1920 2094 1950 ε
2114 1905 2234 1949 Filiae
2256 1905 2472 1962 Saipbaad
2497 1905 2644 1950 fratris
2669 1921 2748 1952 no·-

1500 1982 1578 2025 stri
1602 1981 1763 2026 habent
1785 1979 2014 2023 nobiscum
2040 1986 2218 2032 sortem,
2239 1989 2298 2024 ex*
2321 1987 2534 2036 praecepto
2557 1980 2747 2029 Domini.

1501 2056 1546 2100 Si
1571 2054 1691 2113 eigo
1718 2053 1947 2111 nupserint
1964 2052 2082 2097 'viris
2122 2053 2262 2098 tribus
2298 2054 2477 2098 alterius
2498 2087 2510 2108 ,
2549 2055 2650 2111 quia
2672 2056 2748 2099 tilii

1498 2141 1648 2172 earum
1697 2114 1939 2184 ‚sequentur
1974 2125 2135 2170 tribum
2161 2127 2313 2182 patris,
2337 2127 2555 2172 minuetur
2573 2128 2750 2172 baereali·

1498 2210 1564 2246 tas
1600 2210 1766 2254 nostra,
1817 2208 1860 2244 et
1897 2200 2089 2244 sortium·
2124 2200 2369 2244 distributio
2391 2200 2679 2246 confundetur
2703 2203 2747 2244 in

1495 2276 1670 2332 jubilaeo
1696 2274 1847 2330 (Num.
1875 2273 2061 2330 xxxvii).
2100 2272 2382 2317 Occasionem
2421 2285 2526 2330 ergo
2563 2273 2745 2317 tiliarum

170 2345 313 2390 Lacus
350 2347 570 2403 Scirpeus,
597 2348 698 2403 quia
733 2340 899 2393 Hebraei
938 2350 1174 2405 quamlibet
1206 2363 1415 2408 aquarum
1438 2382 1472 2426 C
1502 2348 1747 2405 Salpliaad,
1780 2348 1848 2391 lex
1886 2347 1977 2392 baec
2000 2347 2273 2403 promulgata
2310 2352 2377 2390 est
2412 2359 2438 2390 a
2466 2346 2648 2403 Domino
2673 2360 2751 2403 per

170 2422 547 2476 congregationem
590 2430 747 2466 vocant
770 2435 903 2466 mare.
927 2423 1034 2468 Post
1055 2423 1235 2480 Jasupb,
1272 2425 1418 2470 deser·

169 2499 258 2535 tum
284 2492 376 2545 Sin,
413 2492 602 2549 Dapbca,
627 2495 748 2548 Aius,
780 2495 1007 2551 Raphidim
1026 2530 1038 2550 ,
1063 2497 1252 2541 solitudo
1277 2497 1412 2541 Sinai.

170 2563 204 2605 Α
228 2571 372 2608 monte
406 2563 524 2608 Sinai
554 2579 693 2622 usquc
729 2567 782 2610 ad
815 2566 970 2619 Gades,
1004 2567 1185 2624 vinginti
1218 2575 1262 2611 et
1296 2580 1413 2610 una:

170 2636 373 2692 sepulcra
402 2639 775 2696 concupiscentiae,
799 2639 1028 2695 Haserotb,
1051 2641 1253 2694 Retlima,
1280 2639 1413 2684 Rem-

1500 2421 1710 2478 Moysen:
1739 2436 1756 2461 2
1785 2418 1945 2464 Omnes
1983 2419 2065 2462 viri
2107 2419 2270 2465 ducant
2294 2431 2453 2464 uxores
2478 2419 2530 2463 de
2553 2420 2684 2473 tribu,
2707 2428 2751 2464 et

1499 2496 1757 2551 cognatione
1793 2505 1888 2545 sua,
1914 2499 1963 2535 ut
1999 2492 2229 2538 baereditas
2261 2499 2514 2548 permaneat
2543 2491 2585 2536 in
2625 2491 2751 2536 sanii-

1497 2567 1595 2620 liis;
1632 2579 1685 2611 ne
1712 2567 2079 2610 commisceantur
2105 2565 2259 2619 tribus,
2297 2565 2370 2611 sed
2396 2573 2615 2621 maneant,
2652 2574 2697 2610 ut
2723 2579 2748 2611 a

1497 2640 1681 2683 Domino
1710 2645 1918 2696 separatae
1940 2646 2058 2693 sunt,
2078 2647 2162 2684 etc.

634 2853 1101 2930 HISTORIA
1157 2852 1419 2927 munt
1483 2826 2279 2928 DEUTERONOMH.

584 3067 686 3110 Csr.
721 3066 752 3111 l.
787 3067 1007 3124 Proesatio.

227 3139 404 3191 Quinta,
425 3146 469 3182 et
497 3140 646 3184 ultima
667 3142 911 3201 distinctio,
940 3142 1068 3197 liujus
1093 3141 1287 3186 liistoriae
1305 3142 1417 3187 eici-

173 3216 245 3255 tur
279 3211 427 3255 }ladde
467 3213 688 3263 debarim,
714 3213 829 3267 quod
866 3221 991 3256 sonat
1027 3215 1113 3257 leaec
1147 3222 1243 3256 sunt
1268 3217 1416 3259 'ver-bu.

174 3281 322 3326 Graece
343 3290 483 3326 autem
510 3274 667 3326 (licitur
685 3284 1062 3337 Deuteronomius,
1083 3285 1124 3326 id
1150 3292 1218 3327 est
1235 3287 1419 3328 secunda

174 3353 259 3396 lex.
294 3353 508 3397 Deuteron
547 3355 680 3404 enim,
725 3355 921 3410 secunda,
961 3354 1105 3397 nomia
1139 3354 1221 3397 Iex.
1254 3354 1306 3397 Et
1338 3355 1419 3398 hoc

175 3426 349 3469 nomine
372 3426 550 3481 quidam
574 3436 769 3488 errantes
789 3428 993 3471 dixerunt
1017 3429 1125 3472 tluas
1158 3440 1253 3471 esse
1272 3429 1383 3482 leges
1407 3444 1418 3471 2

175 3511 306 3543 unam
334 3501 476 3543 datam
502 3512 525 3544 a
567 3499 671 3554 Deo,
706 3514 802 3557 quae
839 3502 885 3545 in
924 3503 1263 3558 praecedentibns
1302 3503 1422 3546 libris

176 3573 436 3627 continetur,
457 3574 634 3617 alteram
660 3574 802 3617 datam
827 3587 850 3618 a
874 3574 1037 3631 Moyse,
1074 3588 1170 3630 quae.
1194 3577 1235 3618 in
1262 3575 1345 3619 boc
1372 3576 1424 3618 li-

177 3645 271 3687 bro.
294 3645 572 3691 Anendentes
612 3649 652 3688 in
685 3647 965 3690 assertionem
1003 3649 1070 3690 sui
1106 3648 1278 3699 erroris,
1308 3648 1421 3703 quod

178 3719 230 3760 de
251 3719 323 3762 illa
346 3719 502 3773 legitur
527 3732 656 3775 supra
681 3720 723 3762 in
758 3720 905 3763 multis
930 3720 1130 3774 passibus
1152 3735 1162 3762 ε
1191 3736 1206 3760 ι
1234 3720 1422 3764 Locutus

180 3797 246 3833 est
270 3790 479 3835 Dominus
511 3793 562 3835 ad
601 3792 792 3849 Moysen,
823 3793 932 3836 etad
960 3805 1132 3836 omnem
1154 3792 1301 3837 lsrael.
1328 3808 1342 3834 »
1369 3790 1426 3837 Dc

180 3865 261 3912 ista
280 3865 439 3908 dicitur
467 3881 478 3908 :
513 3881 527 3905 ι
558 3865 749 3910 Locutus
770 3874 836 3909 est
860 3865 1045 3922 Moyses.
1072 3881 1086 3907 9
1110 3867 1174 3908 Ad
1198 3867 1288 3910 baec
1312 3866 1424 3910 dice·

181 3938 284 3980 bant
319 3937 434 3990 quod
470 3938 602 3979 multa
643 3938 714 3981 bic
749 3938 966 3994 leguntur,
1004 3949 1101 3992 quae
1133 3950 1219 3981 non
1256 3949 1424 3992 supra:

185 4009 380 4063 quaedam
407 4010 531 4063 quasi
558 4010 803 4059 contraria:
833 4009 951 4065 quod
983 4023 1069 4052 non
1106 4010 1243 4063 tieret,
1284 4011 1320 4053 si
1358 4011 1428 4054 hie

185 4087 297 4123 esset
322 4081 622 4135 praedictorum
648 4082 858 4137 repetitio.
880 4082 1033 4127 Verius
1052 4082 1322 4126 sentiendum
1344 4089 1426 4135 est,

185 4153 285 4206 quia
315 4153 385 4196 liic
418 4152 736 4198 Pentateuchus
778 4166 864 4197 non
893 4162 960 4198 est
996 4155 1081 4199 nisi
1115 4156 1182 4198 lex
1207 4167 1307 4203 una,
1333 4168 1429 4210 quae

186 4223 314 4267 etiam
334 4225 388 4267 ab
410 4226 619 4280 Apostolo
643 4232 686 4269 et
706 4227 818 4280 aliis,
840 4239 953 4282 saepe
973 4233 1154 4270 vocatur
1174 4228 1241 4270 lex
1273 4227 1427 4284 Moysi,

192 4308 321 4349 quam
348 4297 414 4340 lex
438 4297 528 4340 Dei.
556 4297 763 4343 Hebraeus
789 4300 922 4342 etiam
957 4307 1081 4342 vocat
1118 4300 1199 4343 lios
1238 4301 1431 4355 quinque

190 4370 327 4414 libros
362 4371 552 4423 thorath,
579 4373 622 4414 ld
654 4379 719 4415 est
753 4373 905 4427 legem,
934 4385 1012 4416 nec
1050 4375 1105 4416 ob
1130 4374 1247 4416 aliud
1270 4374 1430 4418 dicitur

194 4440 301 4484 liber
325 4441 393 4486 bic
416 4443 481 4486 lex
507 4443 711 4498 secunda,
732 4444 816 4488 nisi
831 4445 929 4501 quia
948 4445 1147 4500 praedicta
1173 4445 1242 4490 bic
1269 4446 1430 4491 iteran-

1503 3073 1572 3111 tur
1595 3066 1721 3123 ‘quasi
1746 3067 1813 3111 lex
1837 3067 2007 3109 iterata.
2032 3064 2247 3109 iterant-ur
2278 3062 2350 3107 hic
2381 3063 2510 3107 etiam
2548 3061 2648 3113 tria,
2673 3061 2752 3104 tri-

1503 3140 1585 3182 bus
1620 3139 1674 3182 «le
1708 3139 1869 3190 causis,
1910 3143 2138 3192 praecepta,
2174 3142 2216 3179 et
2243 3134 2516 3195 caeremoniae
2541 3133 2750 3178 adcom-

1503 3211 1825 3255 mendationem
1869 3210 2105 3267 memoria),
2146 3215 2189 3252 et
2226 3209 2418 3264 ipsorum
2456 3205 2752 3252 confirmatio-

1506 3295 1620 3325 nem.
1642 3281 1853 3325 Beneficia
1877 3282 1950 3325 Dei
1983 3282 2034 3325 ad
2062 3281 2348 3324 roborandam
2374 3281 2648 3324 dilectionem
2675 3279 2750 3324 Dei

1506 3354 1673 3398 inillis.
1717 3353 1921 3410 flagella,
1955 3367 2052 3409 quae
2073 3355 2376 3398 sustinuerunt
2411 3360 2748 3408 murmurantes,

1503 3427 1554 3470 ad
1579 3427 1877 3471 incutiendum
1907 3428 2124 3472 timorem.
2672 3472 2676 3482 ¹
2715 3420 2725 3427 ”

1563 3500 1608 3543 Si
1634 3511 1735 3544 vero
1759 3501 1802 3543 in
1827 3501 1907 3544 bac
1931 3501 2157 3544 iteratione
2181 3501 2352 3544 videtur
2376 3501 2519 3557 aliqua
2537 3501 2751 3557 praedietis

1507 3573 1647 3617 inesse
1681 3573 1968 3617 contrarietas
2003 3573 2045 3616 in
2089 3574 2315 3629 superficie
2344 3574 2590 3628 verborum,
2614 3575 2657 3618 in
2685 3575 2752 3618 in-

1506 3647 1678 3690 tellectu
1712 3652 1853 3689 tamen
1882 3646 1998 3689 nulla
2032 3653 2113 3689 est.
2139 3646 2334 3690 Fuerunt
2365 3648 2495 3689 etiam
2527 3647 2602 3702 qui
2633 3647 2749 3691 dice·
2803 3683 2806 3686 ,

1508 3725 1605 3761 rent
1631 3719 1747 3761 bunc
1769 3718 1928 3762 librum
1950 3715 2113 3761 factum
2139 3730 2161 3760 a
2180 3717 2327 3769 Josue,
2344 3718 2526 3761 transito
2549 3717 2748 3769 Jordane,

1507 3791 1608 3845 quia
1647 3791 1803 3847 legitur
1843 3791 1886 3834 in
1923 3792 2137 3847 principio
2164 3807 2174 3834 :
2205 3807 2218 3831 ‹
2243 3790 2342 3834 Haec
2365 3798 2466 3834 sunt
2488 3791 2637 3844 verba,
2655 3802 2753 3846 quai

1507 3864 1678 3907 locutus
1715 3869 1781 3906 est
1805 3862 1971 3919 Moyses
2005 3870 2127 3906 trans
2158 3861 2388 3907 Jordanem
2416 3862 2554 3917 (Dent.
2581 3863 2630 3918 ι).
2667 3861 2751 3905 Pro

1509 3937 1591 3980 situ
1622 3937 1737 3980 enim
1774 3945 1898 3979 terrae
1933 3935 2237 3991 promissionis
2272 3949 2394 3979 sacra
2426 3936 2650 3991 Scriptura
2681 3936 2752 3978 di·-

1508 4022 1606 4053 cero
1647 4010 1886 4063 consuevit,
1916 4010 2026 4052 ultra
2054 4008 2305 4060 larda-nem,
2330 4008 2396 4050 vel
2426 4009 2548 4052 citra.
2589 4007 2753 4051 Dicitur

1511 4092 1654 4128 tamen
1695 4085 1806 4127 liber
1842 4083 1994 4140 Moysi,
2020 4082 2088 4126 rel
2122 4081 2272 4133 Josue,
2305 4083 2405 4138 quia
2442 4082 2555 4137 qnod
2584 4081 2752 4141 Moyses

1509 4156 1641 4199 verbo
1682 4156 1873 4207 tradidit,
1901 4155 2032 4200 Josue
2076 4155 2238 4211 redegit
2280 4155 2321 4197 in
2361 4153 2543 4211 scripto.
2574 4143 2753 4198 Videtur

1509 4229 1639 4273 etiam
1662 4227 1957 4286 Hieronymus
1977 4228 2085 4272 velle
2107 4228 2222 4283 quod
2249 4240 2447 4278 nisenam
2468 4226 2598 4271 «losue
2621 4220 2752 4282 hujus

1511 4301 1608 4344 libri
1640 4301 1865 4356 scripserit
1892 4310 2076 4357 partem.
2112 4298 2268 4344 Verius
2304 4300 2471 4343 ridetur
2507 4312 2602 4343 esse
2638 4298 2754 4355 quod

1512 4375 1696 4430 scriptus
1714 4375 1769 4418 sit
1791 4387 1814 4418 a
1837 4374 2001 4432 Moyse,
2025 4381 2067 4418 et
2085 4374 2279 4430 loquitur
2301 4373 2472 4430 Moyses
2495 4374 2547 4417 de
2580 4385 2625 4416 se
2654 4379 2751 4416 tan·

1512 4457 1639 4500 quam
1662 4445 1714 4490 de
1735 4445 1837 4490 alio.
1858 4444 1935 4490 Vel
1958 4445 2041 4490 boc
2061 4445 2103 4499 in
2122 4445 2335 4502 principio
2358 4445 2557 4500 apposuit
2579 4443 2750 4496 Esdras,

2910 2235 2913 2247 -
2908 2132 2918 2209 -οφν
2915 2104 2924 2124 Η-
2919 2039 2924 2047 ,-

2880 4003 2896 4203 Αμ-’Π-
2886 3907 2893 3974 ...aas
2883 3847 2892 3885 ‘vv
2888 3815 2890 3818 v
