2924 4588
31 82 80 176 ⁵ss.
123 116 226 191 ¹⁴4¹

44 160 63 198 *i

730 111 989 158 ms‘romA
1024 111 1418 166 scuomsricA.
1446 147 1501 155 —
1527 97 1687 174 mauu
1716 128 2056 176 nzscurms.

2553 150 2663 192 1442

40 232 66 268 i
122 222 220 272 mel·
247 207 376 267 ”1¹1⁵ss
399 213 664 262 “vermes-30
684 212 744 248 ¹¹³
779 206 964 249 “elatum
986 213 1066 257 08²·
1099 213 1147 250 1¹¹·
1174 221 1224 261 QX
1255 217 1357 259 tunc
1381 221 1414 262 A
1440 215 1520 259 bus
1542 218 1727 268 vicibus,
1754 219 1989 266 Jerusalem
2014 240 2023 268 τ
2058 226 2200 270 Primo
2220 242 2295 283 per
2324 236 2663 293 transmigratio-

41 316 55 339 ἐ

34 300 37 303 »
88 291 92 295 ·
115 289 198 324 nec
218 281 359 324 locum
383 278 482 334 quis
506 288 817 334 recognoscere
843 285 988 332 queat,
1021 290 1100 322 nec
1124 279 1262 333 ipsum
1285 294 1359 325 no—

40 382 58 405 ,
115 365 215 395 vrnen
240 352 396 405 legere.
425 351 627 404 usquein
654 349 767 390 hunc
786 348 901 391 diem
923 356 1123 404 etusque
1144 352 1184 393 in
1211 351 1354 397 linem.

46 461 67 473 „
117 419 171 463 Et
193 420 396 475 pristinae>
414 418 560 474 figurae
582 418 713 460 instat
747 418 835 468 illic
859 430 979 472 saepe
995 421 1152 469 nubes,
1177 428 1222 462 ut
1245 422 1356 476 ignis

117 491 162 533 fit
184 495 396 532 nocturno
422 487 631 543 tempore,
666 499 717 530 eo
757 487 870 542 quod
895 488 1033 540 gloria
1069 491 1142 544 Dei
1170 492 1223 534 ab
1261 493 1355 546 ejus

115 561 206 615 lege
237 573 322 606 non
355 559 542 612 desinat.v
568 558 644 612 Est
673 562 821 617 „autem
863 564 980 612 petra
1022 560 1091 601 illa
1138 562 1181 604 in
1222 565 1354 606 eremi

26 624 38 680 ].,
62 682 66 683 ⁷
115 625 243 675 te'rras
265 632 375 675 inter
413 621 522 674 duos
547 635 731 680 montes,
766 629 810 671 in
841 630 999 684 quibus
1018 630 1164 685 Jacent
1188 632 1354 691 Moyses

24 707 60 762 fij
112 699 153 748 et
170 703 330 748 Aaron.
353 704 553 758 DIxitque
571 702 782 745 Ieremias
807 705 1091 759 praesentibus
1112 722 1122 748 ;
1148 705 1354 751 Dominus

0 778 1 781 ’
27 780 163 832 Jfgex
190 767 296 819 Sion
333 777 516 820 recessit
551 775 605 816 ad
646 774 798 824 coeloS‚
831 773 932 817 inde
953 767 1107 819 rursus
1134 777 1177 819 in
1198 778 1354 822 virtute

27 855 44 875 ‘²'
110 857 339 900 venturus,
375 855 418 893 et
447 849 528 893 erit
556 847 729 904 signum
764 850 1004 903 praesentiae
1035 850 1146 906 ejus„
1180 853 1353 906 quando

22 952 40 981 f
111 922 322 965 universae
343 927 492 976 gentes
515 913 798 971 adoraverint¹
817 923 996 977 lignum.
1018 921 1219 979 Dixitque
1238 926 1351 979 quod

24 989 37 1009 ²²
77 1051 80 1055 .
107 994 222 1054 hanc
241 1005 385 1036 arcam
410 1004 538 1036 nemo
562 998 718 1048 practer
743 993 886 1049 Aaron
911 983 1152 1049 producere
1177 998 1350 1051 poterit,

40 1067 55 1086 ⁵
83 1083 86 1085 Α
108 1069 151 1108 et
174 1065 360 1113 tabulas,
381 1061 478 1120 quae
509 1063 554 1106 in
575 1054 638 1108 eis
666 1073 768 1108 sunt
791 1066 937 1110 nullus
957 1068 1120 1122 aperiet
1146 1070 1351 1112 sacerdo-

22 1135 43 1192 ’.ξ
109 1143 216 1188 tum,
242 1137 471 1191 nullusque
492 1137 799 1192 prophetarum
818 1168 830 1187 ‚
854 1138 938 1180 nisi
960 1138 1123 1181 electus
1143 1138 1216 1182 Dei
1236 1139 1352 1197 Moy-

108 1221 206 1262 scs;
247 1214 291 1252 et
327 1210 372 1252 in
395 1209 535 1265 prima
568 1210 890 1254 resurreetione
924 1210 966 1252 in
991 1209 1153 1262 futuro,
1179 1213 1352 1267 quando

23 1325 34 1354 Γ
107 1283 269 1328 mortui
292 1289 534 1339 resurgent,
559 1283 697 1338 prima
722 1288 916 1338 resurget
947 1283 1036 1326 haec
1054 1295 1173 1337 arca,
1193 1290 1235 1327 et
1257 1286 1351 1328 exi·
1376 1271 1408 1316 Β
1431 1289 1572 1334 denuo
1593 1290 1765 1339 ,Iudaeos
1801 1294 1997 1347 captivos
2025 1298 2144 1339 duxit
2171 1299 2214 1341 in
2234 1300 2505 1357 Babylonem.
2532 1305 2583 1347 Et
2604 1310 2657 1351 ab

23 1384 54 1427 ⁴}
80 1356 170 1416 ⁴bit,
194 1355 247 1409 de
279 1361 419 1419 petra,
455 1362 497 1399 et
521 1361 707 1411 ponetur
735 1357 779 1397 in
805 1362 951 1398 monte
975 1354 1096 1408 Sion,
1128 1362 1169 1400 et
1195 1369 1345 1403 omnes

24 1471 54 1485 Ἀ
82 1429 245 1487 ⁸sancti
272 1429 651 1485 congregabuntur
674 1428 729 1470 ad
761 1440 873 1477 eam,
902 1439 1148 1483 regressum
1174 1428 1345 1475 Domini

23 1489 26 1547 ]
79 1542 82 1543 a
107 1488 388 1553 sustinentes,
413 1507 452 1544 et
483 1500 778 1544 adversarium
803 1499 878 1556 qui
903 1500 1263 1556 eosquaesiturus
1281 1507 1349 1548 est

24 1579 34 1604 ²*
55 1618 58 1619 a
79 1567 82 1569 ⁵
104 1573 368 1635 interimere,
389 1573 619 1630 fugientes·

163 1648 180 1666 ⁶
198 1646 369 1690 Additio
420 1647 461 1691 i.
489 1641 735 1703 Tripliciter
757 1645 981 1691 destructa
1011 1651 1094 1700 est,
1122 1645 1166 1692 id
1186 1653 1253 1692 est
1267 1647 1349 1702 tri-

86 1801 92 1806 ·
163 1787 251 1844 (ῃ)
276 1787 379 1840 Quae
413 1792 654 1843 sequuntur
676 1799 727 1831 ex
752 1787 937 1831 diversis
964 1792 1067 1832 sunt
1093 1793 1333 1845 resumpta.

109 1933 2650 1970 mmmmm

1415 298 1532 344 finem
1563 287 1759 339 Joachin,
1799 299 1840 334 et
1862 306 2007 336 eorum
2041 299 2113 352 qui
2150 312 2293 343 secum
2328 310 2661 365 transmigrave-

1435 363 1562 408 rant;
1589 361 1795 409 secundo,
1822 375 1898 415 per
1922 367 2209 418 captivitatem
2243 370 2429 417 Sedeciae
2452 383 2492 419 et
2518 383 2662 437 templi

1415 428 1801 488 *destructionenu
1838 437 1981 485 terti0,
2018 451 2092 492 per
2129 441 2453 494 desolationem.
2491 452 2663 503 quando

1436 500 1627 542 solitaria
1653 503 1799 544 relicta
1825 510 1906 553 est,
1934 508 2124 560 reliqniis
2162 511 2202 551 in
2228 512 2454 569 AEgyptnm
2482 519 2664 563 descen-

1433 571 1649 619 dentibus,
1672 573 1835 626 Quarta
1867 577 1945 620 suit
1973 583 2155 622 vastatio
2177 592 2313 634 terrae,
2339 600 2431 641 quae
2450 593 2529 632 tria
2553 605 2663 647 prae—

1433 643 1566 686 missa
1581 647 1863 699 praecedebat.

1565 716 1665 758 Cn».
1688 715 1757 760 lv.
1782 718 1842 759 De
1864 721 2099 773 captivitate
2119 724 2384 779 reliquiarum
2405 729 2542 775 Judoe.

1489 786 1574 841 (22)
1599 787 1772 831 Factum
1790 792 2368 850 estpostimortcmJeremiae,
2382 813 2492 844 auno
2513 806 2661 859 quinto

1432 859 1670 903 eversionis
1689 860 1946 914 Jerusalem,
1967 867 2056 919 ipse
2080 873 2144 909 est
2163 871 2390 915 vicesimus
2415 878 2565 919 tertius
2591 890 2660 920 re-

1432 942 1503 985 gni
1524 930 1933 984 Nabuchodonosor,
1956 937 2174 981 descendit
2202 941 2592 991 Nabuchodonosor
2617 951 2659 992 in

1434 999 1599 1056 Syriam
1623 1003 1887 1055 inferiorem,
1912 1013 1953 1049 et
1976 1007 2160 1051 obtinuit
2187 1024 2296 1056 eam.
2319 1015 2525 1062 Moabitas
2549 1033 2657 1074 quo-

1431 1086 1514 1127 que
1533 1081 1574 1116 et
1596 1075 1861 1119 Ammonitas
1887 1079 2129 1134 subiugavit
2151 1082 2247 1125 sibi.
2265 1084 2314 1126 Et
2334 1089 2498 1131 tandem
2526 1092 2661 1134 intra-

1430 1146 1490 1188 vit
1507 1147 1550 1188 in
1579 1145 1826 1202 AEgyptum‚
1858 1161 2037 1205 eamque
2063 1155 2273 1210 snbvertit
2297 1188 2307 1206 ‚
2335 1165 2376 1200 et
2402 1172 2559 1215 regem,
2583 1164 2658 1218 qui

1431 1221 1531 1260 tunc
1555 1224 1648 1260 erat
1671 1219 1713 1260 in
1738 1231 1786 1261 ea
1805 1222 1978 1272 occidit,
2003 1224 2220 1280 aliumque
2243 1229 2285 1269 in
2303 1240 2350 1270 ea
2375 1235 2656 1285 constituens,

1431 1361 1513 1405 hac
1542 1363 1695 1406 ultima
1726 1366 1973 1419 captivitate
2010 1369 2285 1423 reliquiarum
2314 1373 2448 1423 Judae,
2483 1377 2656 1430 quidam

1431 1439 1663 1476 numerant
1691 1437 1960 1491 septuaginta
1987 1450 2136 1489 annos,
2172 1454 2305 1496 usque
2338 1445 2656 1492 adysecundum

1430 1517 1590 1560 annum
1615 1506 1731 1550 Darii
1755 1507 1828 1550 lilii
1844 1509 2070 1568 llistaspis.
2089 1511 2208 1555 Hauc
2222 1515 2346 1557 ctiam
2369 1518 2655 1572 captivitatem

1426 1578 1708 1634 reliquiarum
1734 1582 1989 1635 praedixerat
2028 1583 2223 1627 Ezechiel
2249 1587 2290 1630 in
2314 1587 2508 1632 Chaldaea
2542 1592 2653 1646 (cap.

1427 1649 1546 1706 xxiv)
1561 1664 1573 1704 ;
1591 1651 1646 1694 de
1670 1655 1755 1709 quo
1778 1653 1906 1696 modo
1927 1661 2252 1713 prosequentes,
2277 1658 2404 1703 altius
2423 1661 2653 1710 ordiemur,

642 2016 1106 2138 msa-onia
1180 2058 1435 2131 emal
1545 2060 2130 2136 maculetis.

519 2327 622 2374 Car.
639 2328 673 2374 1.
702 2329 924 2385 Proefatio.
984 2326 988 2330 ’

155 2399 353 2447 Ezechiel
387 2401 599 2458 propheta
641 2401 694 2444 de
713 2408 828 2445 terra
849 2402 1010 2459 Cysare
1027 2403 1143 2448 filius
1163 2403 1267 2448 Buzi
1288 2404 1342 2452 de

96 2628 139 2664 et
169 2620 309 2666 tribus
341 2621 506 2677 pueris.
530 2619 612 2663 Hie
634 2621 856 2663 habitabat
873 2621 995 2676 juxta
1024 2620 1202 2664 nuvium
1228 2620 1342 2665 Cho-

23 2699 25 2702 ’
48 2716 68 2724 ··
95 2696 190 2739 bar.
213 2695 390 2740 Factum
422 2696 489 2740 est
510 2701 654 2738 autem
687 2694 733 2737 in
757 2695 980 2738 tricesimo
1004 2706 1133 2745 anno,
1160 2706 1246 2738 non
1269 2706 1342 2738 so·-

52 2780 73 2800 ·-
95 2767 183 2811 lum
205 2768 343 2811 aetatis
366 2768 520 2823 ipsius,
540 2767 616 2811 sed
638 2778 663 2809 a
691 2766 1024 2822 quadragesimo
1049 2773 1201 2812 octavo
1227 2778 1341 2810 anno

93 2842 238 2893 losiae,
257 2842 429 2898 quando
453 2842 673 2885 inventum
691 2848 756 2884 est
774 2839 1150 2883 Deuteronomium
1169 2840 1213 2882 in
1232 2845 1342 2883 tem-

95 2916 183 2972 plo,
224 2916 267 2959 iu
301 2916 452 2971 quinto
481 2927 595 2958 anno
633 2913 1045 2969 transmigrationis,
1098 2914 1141 2956 in
1184 2918 1340 2968 quarto

94 2984 260 3038 mense,
299 2989 348 3048 in·
363 2987 513 3043 quinta
539 2987 608 3029 die
633 2986 810 3036 mensis,
838 2997 1021 3028 exorsus
1051 2989 1117 3027 est
1154 2984 1341 3038 prophe-

44 3063 48 3069 ’
69 3075 71 3078 ’
94 3067 188 3105 tare
209 3060 405 3104 Ezechiel
431 3059 482 3103 ad
507 3059 786 3113 concaptivos
810 3063 984 3112 propter
1008 3069 1164 3100 causas
1195 3057 1342 3111 huius-

63 3142 69 3149 ‘'
93 3134 210 3177 modi
238 3146 247 3175 :
272 3133 485 3188 Legerant
503 3132 547 3175 in
562 3132 746 3187 epistola
763 3130 956 3174 Jeremiae
974 3141 1050 3184 per
1069 3129 1340 3184 septuaginta

95 3217 232 3250 annos
255 3206 507 3250 duraturam
531 3203 841 3258 captivitatem,
875 3207 918 3243 et
941 3200 1100 3243 flebant
1124 3212 1200 3256 pro
1223 3201 1333 3244 exsi-

47 3298 51 3304 ·
93 3278 139 3321 lii
163 3277 504 3334 prolongatione.
529 3275 743 3318 Praeterea
762 3274 1089 3316 murmurabant
1110 3273 1338 3316 adversum

92 3348 339 3400 Dominum,
359 3349 475 3405 quod
499 3347 799 3391 fraudulenter
821 3357 896 3389 eos
915 3346 1142 3399 ejecisset.v
1165 3345 1338 3388 Dixerat

91 3423 223 3473 enim,
241 3435 316 3478 per
332 3435 381 3465 os
394 3419 605 3470 jeremiae,
627 3423 898 3462 remanentes
915 3418 959 3460 in
981 3417 1218 3461 Jerusalem
1241 3430 1339 3472 per-

90 3495 258 3548 ituros;
301 3495 364 3538 eis
386 3505 491 3538 vero
522 3493 596 3548 qui
633 3503 682 3535 se
704 3491 922 3533 traderent
948 3502 1073 3534 servo
1094 3502 1172 3533 suo
1194 3489 1340 3532 Nabu-

89 3642 269 3685 trarium
292 3653 363 3684 res
380 3641 525 3695 elapsa
548 3644 659 3684 erat.
676 3637 908 3680 Florebant
930 3637 1041 3680 enim
1065 3637 1139 3691 qui
1162 3648 1333 3679 reman-

89 3719 252 3764 serant,
296 3721 338 3756 et
369 3713 452 3767 ipsi
473 3711 578 3766 jugo
601 3711 822 3754 servitutis
849 3710 1167 3764 premebantur.
1202 3707 1335 3751 Erant

51 3788 55 3791 ’
89 3799 260 3843 quoque
283 3788 393 3829 inter
408 3798 498 3835 eos,
519 3785 591 3839 qui
611 3784 804 3826 dicerent
822 3782 954 3837 quod,
975 3781 1075 3823 dum
1095 3775 1334 3823 servierant

82 3861 253 3917 *militiae
279 3860 396 3908 coeli,
437 3858 638 3901 omnibus
682 3857 808 3899 bonis
846 3854 1147 3903 abundabant;
1171 3866 1223 3896 ex
1248 3863 1333 3908 quo

86 3941 189 3972 vero
212 3934 502 3978 cessaverant,
550 3929 766 3983 perierant
786 3926 963 3982 gladio,
1002 3924 1114 3968 same
1144 3930 1185 3968 et
1213 3931 1332 3979 peste

49 3998 350 4060 :Uei-(xciv).
379 4003 445 4045 Ad
469 4003 555 4045 haec
580 4002 908 4057 prophetaverat
931 3998 1126 4042 Ezechiel
1144 3998 1334 4042 eversio-

88 4090 185 4120 nem
216 4078 352 4127 urbis,
379 4083 420 4119 et
444 4076 590 4130 templi
617 4074 861 4117 incendium
899 4073 1137 4122 imminere,
1178 4079 1218 4114 et
1256 4083 1330 4114 eos

63 4150 162 4205 -qni
198 4155 493 4194 remanserant
530 4150 574 4191 in
606 4149 711 4190 urbe
745 4147 855 4189 same
887 4146 1117 4200 perituros,
1143 4152 1184 4188 et
1209 4151 1331 4188 extra

87 4223 237 4266 urbem
259 4223 416 4278 gladio.
439 4222 525 4267 Eos
549 4227 688 4265 antem
722 4219 794 4274 qui
824 4219 908 4261 vivi
941 4219 1214 4260 traherentur
1233 4229 1333 4270 gra-

88 4305 183 4335 vem
209 4306 414 4348 passuros
439 4298 716 4344 servItutem3
757 4291 874 4345 ipsos
913 4297 1053 4334 autem
1080 4290 1121 4332 in
1147 4293 1267 4344 pace,
1287 4293 1330 4331 et

89 4367 210 4409 ouasi
239 4367 371 4411 libera
395 4367 600 4411 servitute
623 4354 854 4409 mansuros
874 4363 1040 4421 (Ezeca.
1069 4361 1145 4419 xi).
1176 4361 1228 4427 Ut
1253 4373 1328 4403 au·

1350 2232 1408 2246 —

1425 2340 1510 2380 tem
1530 2335 1827 2379 auctoritatem
1850 2336 2056 2391 praeberet
2073 2339 2111 2380 ei
2127 2338 2255 2390 Deus,
2270 2341 2453 2384 ostendit
2471 2342 2507 2386 ei
2528 2356 2657 2399 quas.

1424 2407 1522 2449 dam
1547 2407 1753 2456 visiones,
1801 2406 2121 2449 similitudinem
2159 2408 2320 2451 scilicet
2342 2411 2538 2462 hominis,
2565 2414 2654 2456 leo-

30 2467 74 2502 2-
98 2489 253 2534 genere
294 2475 567 2519 sacerdotum
615 2474 782 2531 (Ezeeh.
806 2476 856 2532 1).
894 2476 971 2518 llic
1002 2477 1044 2519 in
1080 2476 1338 2533 Babylonem
1363 2508 1396 2553 C
1423 2480 1507 2528 nis,
1529 2484 1572 2522 et
1590 2479 1710 2530 vituli
1735 2479 2191 2536 etaquilae(Ezeclz.1)‚
2218 2494 2303 2525 non
2324 2484 2459 2526 solum
2482 2485 2531 2526 ad
2553 2499 2656 2540 prae-

31 2561 59 2599 je‘
97 2549 252 2592 ductus
274 2554 341 2592 est
365 2546 683 2599 cumJoachin,
704 2554 746 2592 et
766 2554 903 2592 matre
919 2549 1030 2603 ejits,
1051 2561 1147 2592 cum
1168 2549 1341 2593 Daniele

1423 2550 1690 2606 figurandum
1727 2552 2028 2606 evangelistas,
2072 2553 2146 2595 sed
2181 2559 2225 2595 ut
2250 2555 2490 2599 ostenderet
2522 2557 2652 2601 Deum

1424 2621 1551 2667 lsrael
1590 2623 1815 2666 Dominum
1854 2636 1949 2668 esse
1972 2624 2103 2667 totius
2128 2633 2347 2677 creaturae,
2379 2640 2455 2681 per
2478 2629 2566 2671 haec
2590 2630 2654 2671 di-

1419 2695 1570 2750 gniora
1592 2707 1760 2738 omnem
1787 2695 2027 2750 intelligens
2053 2702 2308 2740 creaturam.
2359 2697 2493 2740 Homo
2539 2701 2652 2742 enim

1418 2767 1755 2823 praeestcaeteris
1775 2768 2081 2820 animantibus,
2106 2770 2246 2824 aquila
2287 2781 2361 2813 rex
2391 2777 2455 2814 est
2492 2773 2650 2823 avium,

1420 2841 1486 2884 leo
1532 2841 1738 2891 serarum,
1792 2841 1870 2884 bos
1911 2841 2219 2895 jumentorum.
2264 2842 2352 2886 Sub
2396 2845 2652 2889 animalibus

1418 2925 1520 2955 vero
1543 2914 1647 2955 vidit
1671 2917 1808 2955 rotam
1852 2915 1893 2954 in
1926 2913 2065 2956 medio
2087 2919 2204 2964 rotae,
2231 2920 2277 2957 ut
2297 2917 2538 2959 ostenderet
2562 2919 2650 2960 cir·

1418 2987 1781 3029 cumvolutionem
1818 2987 2008 3029 omnium
2055 2988 2361 3031 clementorum
2404 2990 2448 3033 in
2483 2990 2651 3035 Domini

1417 3071 1513 3104 esse
1535 3065 1771 3114 potestate;
1795 3065 1836 3100 et
1859 3070 1988 3113 super
2006 3058 2094 3102 haec
2112 3060 2217 3103 vidit
2241 3060 2551 3105 firmamentum
2577 3075 2651 3106 co·

1418 3131 1524 3174 loris
1546 3130 1801 3185 sapphirini,
1827 3136 1869 3173 et
1893 3142 2024 3186 super
2054 3132 2362 3176 firmamentum
2382 3139 2472 3176 erat
2496 3135 2660 3178 simili--

1418 3201 1524 3244 tudo
1567 3203 1728 3254 throni,
1757 3207 1798 3245 et
1838 3215 1967 3257 super
2011 3203 2213 3247 thronum
2251 3205 2484 3248 similitudo
2527 3207 2648 3261 quasi

1419 3283 1617 3332 aspectus
1641 3276 1842 3320 hominis.
1877 3275 1927 3317 Et
1962 3276 2021 3318 ait
2050 3276 2255 3320 Dominus
2291 3278 2340 3319 ad
2362 3290 2457 3321 eum
2486 3293 2495 3321 :
2526 3293 2540 3318 ‹
2568 3277 2647 3321 Fili

1418 3348 1620 3397 hominis,
1644 3348 1768 3390 mitto
1787 3354 1826 3390 te
1860 3348 1913 3390 ad
1938 3349 2046 3391 filios
2064 3346 2208 3398 Israel,
2249 3350 2349 3403 quia
2387 3351 2538 3393 domus
2574 3363 2649 3393 ex-

1418 3428 1625 3477 asperans
1663 3427 1742 3471 est,
1788 3423 1825 3464 si
1864 3422 1973 3464 sorte
2014 3422 2205 3470 audiant,
2250 3430 2290 3466 et
2335 3423 2572 3477 quiescant,
2604 3428 2647 3466 et

1418 3496 1574 3546 sciant,
1596 3494 1695 3549 quia
1721 3494 1925 3549 propheta
1945 3494 2025 3536 suit
2051 3496 2091 3536 in
2113 3494 2253 3538 medio
2278 3506 2441 3539 eorum.
2479 3495 2529 3537 Et
2547 3508 2647 3539 ecce

42 3590 45 3592 ·
90 3568 362 3612 chodonosor
394 3567 504 3610 bona
527 3562 824 3621 pollicebatur.
850 3562 974 3605 Nunc
995 3571 1133 3606 antem
1158 3564 1200 3606 in
1234 3575 1338 3605 con-
1362 3572 1396 3615 Ι)
1418 3578 1574 3609 manus
1590 3566 1721 3609 missa
1751 3565 1803 3608 ad
1828 3578 1941 3614 eum,
1969 3566 2011 3606 in
2028 3577 2110 3620 qua
2132 3572 2223 3608 erat
2251 3567 2357 3610 liber
2376 3569 2559 3621 scriptus
2581 3569 2646 3610 in-

1418 3645 1504 3687 tus,
1529 3646 1571 3681 et
1595 3638 1715 3689 soris,
1741 3646 1780 3682 et
1806 3639 1975 3693 scriptae
1997 3643 2118 3680 erant
2142 3638 2183 3679 in
2217 3649 2267 3680 eo
2302 3639 2642 3689 lamentationes,

1411 3718 1454 3754 et
1485 3723 1674 3761 carmen,
1714 3697 1764 3753 et*
1793 3721 1854 3751 vae
1878 3709 2028 3765 (Ezech
2065 3709 2133 3764 n).
2162 3723 2176 3750 ›
2222 3710 2273 3750 Et
2320 3711 2377 3751 ait
2401 3707 2603 3753 Dominus
2630 3723 2643 3752 z

1417 3799 1432 3824 ι
1463 3783 1646 3826 Comede
1689 3783 1886 3824 volumen
1928 3781 2059 3831 istud,
2084 3782 2181 3835 quia
2206 3781 2301 3824 dedi
2330 3783 2454 3823 verba
2483 3793 2575 3823 mea
2600 3781 2643 3823 in

1410 3868 1484 3902 ore
1505 3860 1580 3897 tuo
1606 3853 1772 3910 (Ezeclz.
1801 3853 1882 3906 nr).
1912 3868 1925 3893 ι
1948 3852 1998 3893 Et
2041 3853 2112 3894 ivit
2139 3852 2342 3906 propheta
2362 3852 2413 3892 ad
2439 3852 2643 3893 transmi-·

1409 3930 1661 3983 grationem,
1680 3926 1801 3979 Juxta
1823 3923 1996 3965 ssurium
2022 3923 2205 3970 Chobar,
2228 3922 2278 3964 ad
2298 3933 2492 3963 acervum
2513 3933 2644 3962 nova-

1411 4012 1505 4042 rum
1530 3998 1717 4052 frugum,
1745 4003 1786 4039 et
1821 3996 1975 4038 sedens
1997 3995 2040 4036 iu
2070 3993 2207 4036 medio
2234 4005 2377 4035 eorum
2403 3994 2542 4046 posuit
2565 4003 2642 4032 co-

1411 4084 1502 4115 ram
1522 4072 1584 4115 eis
1611 4071 1801 4118 laterem,
1832 4073 1874 4110 et
1893 4068 2118 4120 descripsft
2143 4067 2184 4107 in
2211 4077 2260 4107 eo
2284 4066 2494 4107 civitatem
2514 4061 2642 4105 Jerua

1413 4144 1562 4192 salem,
1590 4149 1630 4185 et
1649 4141 1917 4184 obsidionem
1945 4139 2148 4181 adversus
2167 4149 2276 4182 eam,
2300 4143 2341 4178 et
2367 4135 2638 4181 munitiones,

1412 4224 1450 4259 et
1476 4226 1669 4270 aggerem
1695 4219 1737 4256 et
1758 4218 1895 4270 castra
1918 4217 1958 4254 et
1980 4211 2131 4252 arietes
2161 4209 2200 4250 in
2227 4219 2354 4262 gyro;
2381 4211 2422 4247 et
2466 4211 2640 4258 antepo-

1411 4287 1498 4328 suit
1523 4285 1777 4339 sartaginem
1802 4282 1979 4323 ferream
2010 4280 2145 4322 oculis
2169 4280 2272 4326 suis,
2296 4290 2348 4317 nc
2366 4276 2524 4317 videret
2546 4286 2636 4324 eos,

1410 4365 1451 4401 et
1469 4359 1525 4399 ait
1558 4371 1566 4397 :
1599 4373 1611 4396 ι
1639 4356 1709 4398 Sic
1753 4354 1990 4397 obfirmavit
2022 4352 2223 4396 Dominus
2257 4349 2404 4390 faciem
2433 4358 2551 4390 suam
2584 4346 2637 4387 ad
