2924 4588
269 162 382 214 uss
422 191 425 194 <
553 170 582 204 θ

1274 151 1442 200 Parni
1471 150 1581 208 (30ss
1589 143 1847 198 zsroms.

2721 151 2834 197 {tot
2872 136 2887 139 ”

267 263 413 316 lunio,
439 258 507 304 die
535 258 629 311 bae,
666 257 710 300 ln
744 240 947 299 nleadis
984 250 1116 308 Iunii,
1155 266 1174 295 ι
1198 257 1411 296 venerunt
1450 249 1502 293 ad
1527 251 1565 298 A
1586 249 1739 302 sancti,
1760 246 1836 293 sed
1860 245 1906 291 in
1928 243 2205 291 distinctione
2220 240 2609 289 eorumdifferunt.
2639 240 2837 289 Rittium
2889 279 2896 292 ,

268 342 456 380 montem
479 331 616 384 Sinai,
649 330 918 384 fixeruntque
929 326 1115 371 tentoria
1138 338 1161 370 e
1181 325 1356 378 regione
1381 331 1504 366 mona

267 409 322 454 tis
341 406 495 465 (Exod.
521 394 627 457 xtfi,
653 400 984 457 quadragesima
1014 393 1194 455 septima
1213 397 1282 440 die
1299 395 1505 440 sciliceta

264 483 414 538 phase.
440 478 484 521 ln
514 475 769 532 exponendo
792 474 906 518 enim
927 470 1175 526 Scripturas
1210 468 1381 524 triginta
1412 467 1504 510 dies

263 566 342 610 pro
363 562 510 595 mense
532 547 749 603 ponimns,
774 545 898 602 quasi
932 543 1131 592 mediam,
1165 541 1277 583 inter
1312 541 1503 592 lunares,

261 632 303 668 et
337 623 499 667 solares
524 630 712 668 menses,
751 615 947 673 eligendo
986 615 1116 659 viam.
1159 612 1353 655 Lunares
1388 611 1503 661 enim

261 695 371 742 infra
399 692 676 739 tricenarium
703 688 981 732 inveniuntur
1019 685 1212 741 quidam,
1247 683 1357 726 ultra
1403 689 1506 724 vero

261 782 365 814 non.
388 767 559 812 Solares
580 776 682 809 vero
706 762 852 819 plnres
872 761 990 806 bunc
1016 769 1248 802 numerum
1274 755 1501 800 excedunt.

260 845 293 886 A
315 845 447 900 phase
467 840 638 897 quidem
665 835 880 881 sexdecim
910 834 999 878 dies
1028 830 1154 888 primi
1180 830 1341 874 mensis
1366 835 1506 872 resta-

259 918 379 968 bant,
415 914 628 958 fluxerunt
657 922 759 953 vero
786 914 932 965 postea
968 904 1144 961 triginta
1178 902 1356 948 secundi
1381 913 1505 944 men-

258 990 335 1033 sis.
362 986 509 1031 Restat
530 996 631 1040 ergo
661 981 776 1038 quod
809 981 947 1037 prima
981 978 1074 1023 dies
1108 976 1225 1021 Junit
1261 973 1503 1031 quadrage-

260 1063 367 1107 sima
392 1060 571 1115 septima
603 1056 698 1100 suit.
734 1052 938 1109 Sequenti
978 1051 1048 1094 die
1082 1049 1275 1094 diluculo
1310 1046 1504 1092 ascendit

259 1133 427 1191 Moyses
450 1132 489 1175 in
515 1136 661 1174 monte
700 1127 751 1171 ad
792 1126 947 1178 Deum,
971 1123 1043 1180 qui
1085 1122 1195 1167 dixit
1235 1121 1276 1165 ei
1301 1134 1312 1164 t
1341 1134 1357 1162 t
1380 1119 1505 1163 Dices

259 1205 405 1252 ‹lomui
431 1203 562 1248 Jacob
586 1217 597 1245 :
622 1199 800 1244 Vidistis
838 1210 934 1254 quse
965 1196 1137 1239 fecerim
1171 1194 1309 1238 vobis.
1337 1207 1352 1234 t
1380 1190 1503 1235 Nune

259 1279 456 1335 adjiciam
495 1282 541 1318 ut
561 1274 689 1318 etiam
715 1273 868 1327 loquar
900 1268 1023 1314 vobis
1049 1283 1058 1309 :
1107 1282 1122 1310 ι
1148 1266 1193 1310 Si
1230 1277 1334 1321 ergo
1357 1271 1502 1308 custo-

257 1350 423 1396 dieritis
445 1355 616 1404 paetum
639 1358 803 1395 meum,
836 1342 959 1387 eritis
985 1340 1092 1385 mihi
1129 1341 1172 1384 in
1209 1339 1427 1395 peculium
1451 1337 1502 1381 de

257 1425 423 1470 cunctis
435 1421 620 1479 populis.
631 1436 645 1461 ›
664 1419 768 1473 Quae
787 1429 884 1462 cunt
904 1415 1072 1472 Moyses
1085 1415 1303 1458 retulisset
1325 1411 1503 1468 populo,

256 1499 570 1556 responderunt
595 1511 605 1538 ε
637 1511 651 1536 ι
678 1494 843 1539 Cuncta
885 1503 981 1548 quae
1013 1489 1182 1534 locutus
1202 1496 1268 1532 est
1293 1488 1505 1534 Dominus

256 1572 483 1618 faciemus.
516 1571 712 1624 Cumque
736 1566 933 1611 rediisset
966 1563 1138 1620 Moyses
1160 1563 1211 1606 ad
1253 1562 1502 1614 Dominum,

256 1648 316 1692 ait
332 1647 371 1692 ei
394 1644 602 1690 Dominus
623 1658 634 1689 :
658 1640 832 1685 Veniam
863 1638 914 1682 ad
935 1645 975 1683 te
992 1638 1036 1681 in
1055 1636 1256 1694 caligine,
1284 1645 1331 1681 ut
1355 1637 1504 1681 audiat

255 1735 324 1767 me
341 1721 523 1779 populus
547 1719 792 1774 loquentem
818 1714 871 1758 ad
898 1719 956 1758 te.
979 1711 1098 1755 'Vade
1121 1718 1165 1755 et.
1182 1711 1403 1756 sanctifica
1426 1721 1503 1769 po·-

255 1798 404 1854 pulum
430 1795 572 1848 hodie,
594 1799 635 1837 et
657 1804 768 1842 cras,
791 1789 831 1834 id
851 1796 916 1834 est
936 1789 1079 1833 lavent
1097 1799 1160 1841 sc,
1185 1792 1228 1830 et
1247 1786 1501 1844 vestimenta

255 1884 347 1915 sua.
377 1869 538 1913 Vacent
559 1867 613 1911 ab
637 1865 924 1921 amplexibus,
949 1870 993 1908 et
1027 1863 1114 1906 sint
1144 1862 1284 1918 parati
1317 1861 1362 1905 in
1387 1860 1501 1905 diem

254 1943 447 1993 tertium,
473 1948 515 1984 et
534 1939 770 1984 constitues
796 1936 1006 1981 terminos
1026 1948 1102 1992 per
1127 1935 1359 1979 circuitum
1379 1942 1504 1979 mon-

255 2019 327 2072 tis,
346 2029 457 2073 quos
478 2015 553 2071 qui
585 2012 807 2058 transierit
827 2018 944 2064 tunc,
970 2015 1013 2054 et
1029 2009 1232 2067 tetigerit,
1253 2015 1390 2053 morte
1413 2020 1504 2052 mo·

254 2087 405 2135 rietur„
435 2089 588 2132 Manus
617 2099 702 2130 non
723 2091 868 2141 tanget
885 2095 1002 2137 eum,
1028 2082 1103 2127 sed
1127 2082 1407 2139 lapidabitur,
1428 2088 1504 2126 aut

254 2165 408 2221 iaculis
444 2159 729 2214 confodietur,
761 2160 852 2203 sive
880 2157 1142 2213 jumentum,
1181 2154 1272 2199 sive
1310 2154 1455 2199 bomo.
1482 2171 1497 2197 ι

254 2236 495 2282 Utebantur
513 2240 676 2284 autem,
705 2236 753 2274 ut
773 2229 879 2274 dicit
909 2227 1140 2284 lampius,
1167 2227 1211 2270 in
1239 2227 1309 2272 his
1331 2227 1504 2271 duobus

253 2309 422 2363 diebus,
463 2306 675 2352 conviviis
712 2304 937 2361 opulenter
969 2307 1013 2346 et
1044 2292 1315 2348 ornamentis
1345 2302 1499 2347 decen·

254 2390 331 2427 ter.

375 2456 477 2501 Cir.
500 2451 693 2498 xxxix.
726 2452 787 2495 De
808 2449 977 2495 datione
998 2449 1102 2508 'legis
1125 2449 1381 2494 verbotenus.

316 2546 328 2572 ι
354 2530 450 2574 Jam
476 2528 709 2572 advenerat
734 2525 826 2569 dies
849 2524 1020 2576 tertius,
1040 2530 1082 2568 et
1105 2528 1205 2567 ante
1228 2522 1334 2568 solis
1359 2527 1505 2566 ortum

255 2611 478 2662 coeperunt
494 2602 631 2647 audiri
655 2602 859 2653 tonitrua,
882 2610 932 2642 ac
959 2598 1123 2643 micare
1148 2596 1336 2654 fulgura,
1354 2603 1398 2641 et
1419 2610 1505 2640 nu·-

254 2684 328 2725 bes
354 2680 486 2724 densa
513 2673 683 2733 operuit
706 2681 915 2726 montem,
934 2677 981 2716 et·
998 2671 1174 2728 clangor
1194 2670 1388 2716 buccinae
1402 2682 1503 2728 per-

254 2752 485 2808 strepebat.
520 2749 732 2794 Fumabat
756 2760 897 2800 mons,
925 2745 1030 2803 quia
1052 2744 1337 2791 descenderat
1359 2742 1506 2788 Domi-

253 2838 336 2870 nus
371 2826 414 2869 in
447 2825 560 2880 igne,
586 2829 628 2867 et
650 2821 795 2869 sumus
820 2820 1054 2873 ferebatur,
1077 2818 1203 2875 quasi
1239 2817 1292 2862 de
1328 2815 1504 2861 fornace

255 2900 409 2953 (Exod,
438 2898 553 2953 xix);
579 2913 592 2939 ι
619 2902 659 2941 et
676 2907 801 2940 mons
821 2893 1021 2947 tremuit,
1043 2899 1092 2936 ut
1126 2892 1250 2936 aiunt
1299 2889 1466 2935 Hebraei
1490 2906 1501 2934 ι

259 2989 270 3014 ι
302 2972 465 3015 Timuit
494 2971 702 3028 populus;
728 2985 742 3011 ›
772 2968 847 3014 sed
868 2974 912 3012 et
935 2966 1111 3026 Moysen
1142 2967 1205 3010 ira
1230 2965 1303 3010 Dei
1338 2966 1503 3022 perisse

252 3046 475 3102 putabant.
501 3045 689 3090 Tandem
717 3045 838 3088 laetus
856 3041 1054 3098 apparuit
1089 3039 1269 3098 Moyses,
1303 3047 1345 3083 et
1385 3050 1503 3084 scre-

254 3133 336 3163 nus
362 3132 434 3163 aer
457 3131 554 3162 cum
579 3130 648 3168 eo,
676 3127 879 3159 reversus
896 3120 962 3158 est
989 3114 1100 3156 inter
1118 3124 1207 3156 eos.
1240 3111 1292 3155 Et
1311 3111 1371 3155 ait
1395 3111 1459 3155 eis
1488 3125 1499 3154 ι

255 3191 391 3234 Hodie
423 3203 509 3233 non
541 3189 724 3233 audietis
757 3186 932 3243 Moysen
960 3186 1097 3230 tilium
1131 3184 1280 3236 Aram,
1303 3191 1345 3227 et
1372 3182 1500 3227 Joca-

253 3266 371 3319 betlt,
394 3265 468 3309 sed
503 3263 621 3307 illum
659 3263 732 3319 qui
763 3274 842 3317 pro
864 3260 985 3304 vobis
1017 3262 1226 3316 percussit
1244 3257 1499 3315 AEgyptum,

254 3338 327 3395 qui
346 3350 420 3394 per
459 3349 577 3380 mare
610 3336 688 3379 iter
718 3335 849 3387 dedit,
875 3334 947 3391 qui
985 3333 1128 3377 cibum
1154 3333 1204 3376 tle
1228 3323 1338 3376 coelo
1364 3331 1497 3384 misit,

255 3417 401 3466 potum
428 3409 481 3453 de
506 3414 624 3463 petra
644 3407 877 3465 concessit,
894 3418 969 3462 per
1003 3417 1132 3461 quem
1169 3404 1307 3448 Adam
1331 3405 1383 3447 de
1407 3403 1498 3447 fru-

1591 321 1708 365 enim
1743 326 1788 364 et
1809 322 1961 371 unuin,
1981 317 2218 364 secundum
2240 312 2546 373 Augustinum,
2567 314 2718 360 dividit
2740 313 2838 361 Dri-
2889 302 2896 366 ἶ

1590 406 1720 451 genes
1746 392 1790 437 in
1812 393 1923 446 duo„
1954 398 1996 436 et
2025 403 2124 448 quae
2157 397 2260 436 sunt
2281 391 2368 435 duo
2407 390 2573 444 ultima,
2601 389 2839 434 secundum
2890 374 2895 421 Ὗ

1589 469 1896 525 Augustinum,
1919 466 2080 523 colligit
2103 466 2147 508 in
2181 477 2344 518 uniunt
2374 463 2445 508 cui
2467 451 2681 509 consentit
2712 462 2828 509 lose·
2890 478 2893 521 ἡ

1590 542 1720 599 phus.
1755 539 1965 583 Praeterea
1987 539 2092 583 dicit
2117 537 2384 594 Augustinus
2404 537 2488 580 tria
2515 535 2649 581 fu'sse
2684 538 2728 580 in
2753 548 2837 582 una
2890 575 2893 585 ,

1588 612 1751 662 tabula‚
1773 619 1816 656 et
1840 618 2001 667 septem
2023 611 2068 654 in
2089 611 2173 654 alia
2197 610 2227 653 ⁶.
2270 608 2485 664 Iosephus
2518 622 2638 662 vero,
2677 617 2721 654 et
2755 607 2839 654 tto·

1588 684 1691 728 braei
1713 684 1904 739 quinque
1924 682 1970 725 in
1985 690 2182 737 utraque.
2206 680 2333 725 Forte
2351 682 2451 737 quia
2477 681 2745 738 Augustinus
2762 693 2839 726 vo-

1589 761 1672 806 luit
1697 761 1777 804 tria
1808 760 2020 816 pertinere
2041 759 2095 804 ad
2125 758 2396 802 di'ectionem
2421 757 2512 811 Dei,
2533 764 2575 802 et
2594 765 2757 814 septem
2784 757 2839 803 ad

1589 833 1862 878 dilectionem
1898 830 2102 888 proximi,
2136 842 2217 887 pro
2241 829 2452 885 dignitate
2496 830 2657 886 potius,
2705 842 2837 884 quam

1588 918 1668 963 pro
1692 905 1932 962 Scriptura,
1960 903 2068 950 dixit
2098 915 2149 947 ea
2172 914 2270 947 esse
2294 901 2457 960 primae,
2479 909 2523 946 et
2552 901 2752 947 secundat
2775 909 2840 946 ta-

1587 980 1714 1032 bulae,
1764 978 1879 1023 sicut
1925 977 2069 1022 dicere
2113 975 2420 1020 consuevimus
2450 975 2647 1020 homines
2690 976 2841 1033 prima
2863 1021 2868 1027 ,

1587 1052 1740 1096 classis
1775 1057 1820 1095 et
1851 1049 2070 1095 secundae.
2104 1049 2375 1105 Quocunque
2393 1059 2497 1093 vero
2521 1049 2650 1093 modo
2681 1049 2838 1093 distin-

1588 1131 1775 1182 guantur
1802 1123 1914 1168 idem
1955 1130 2021 1168 est
2057 1133 2232 1168 sensus.

1642 1200 1659 1217 ⁹
1683 1197 1859 1241 Additio
1883 1197 1924 1241 1.
1969 1195 2184 1253 losepbus
2210 1195 2314 1241 dicit
2335 1207 2382 1240 se
2405 1196 2564 1241 vidisse
2585 1195 2694 1240 duas
2711 1196 2767 1240 ta'
2785 1209 2860 1250 ιιωΔ

1588 1274 1652 1318 las
1675 1273 1781 1330 legis
1813 1271 2023 1330 lapideas,
2047 1283 2235 1329 quarum
2259 1270 2460 1327 quaelihet
2481 1271 2730 1316 continebat
2753 1271 2840 1315 duo

1586 1347 1787 1390 mandata
1829 1352 1873 1389 et
1915 1345 2159 1400 dimidium,
2205 1350 2293 1388 tam
2327 1343 2520 1388 exterior
2563 1355 2694 1401 quam
2726 1343 2840 1388 inte-

1586 1419 1690 1464 rior.

1966 1491 2159 1536 Primum
2181 1500 2449 1549 proeceptum.

1580 1629 1588 1634 ι
1643 1585 1661 1610 ι
1683 1567 1776 1614 Non
1796 1567 1975 1612 habebis
1990 1567 2097 1612 deos
2122 1567 2286 1612 alienos
2310 1578 2454 1612 coram
2475 1577 2561 1620 me,
2581 1581 2595 1608 ›
2627 1565 2669 1611 id
2690 1571 2757 1611 cst
2773 1577 2842 1610 me

1585 1644 1725 1689 solum
1739 1639 1922 1687 nabebis
1939 1641 2092 1686 Deum.
2106 1639 2157 1685 Et
2179 1641 2367 1698 ponitur,
2391 1654 2406 1682 ι
2423 1652 2507 1684 non
2525 1640 2706 1684 habebis
2725 1655 2739 1681 ι
2760 1646 2846 1695 pro

1590 1732 1604 1759 t
1619 1730 1705 1762 non
1718 1717 1896 1770 babeas,
1916 1714 2451 1773 »imperatix·e,secundum
2465 1714 2623 1758 idioma
2636 1711 2841 1758 Hebraeo·

1585 1790 1807 1836 rum.·Non
1819 1791 1935 1836 enim
1951 1790 2110 1834 asserit
2127 1789 2210 1833 boc
2226 1787 2354 1839 Deus,
2371 1800 2470 1833 cum
2495 1787 2754 1850 quandoque
2769 1786 2842 1830 lia·

1583 1865 1771 1925 interint.
1782 1863 1899 1908 «Non
1909 1862 2041 1908 facies
2049 1863 2124 1908 tibi
2149 1862 2460 1919 sculptile,»vel
2475 1863 2652 1907 idolum.
2667 1860 2760 1905 Alia
2775 1860 2841 1904 li:-

1583 1947 1717 1990 tera,t
1740 1938 1857 2001 quod
1873 1939 1982 1983 nibil
2001 1938 2120 1983 estin
2143 1938 2348 1991 mundo,›
2364 1937 2405 1982 id
2419 1943 2485 1982 est
2508 1937 2673 1982 nullius
2688 1937 2749 1981 rei
2761 1949 2843 1983 nti-

1583 2013 2206 2071 tutalisrepraesentativum,ut
2222 2011 2350 2057 fiebat
2361 2011 2546 2056 Ammon
2565 2012 2702 2068 capite
2723 2010 2838 2055 arie-

1585 2088 1691 2142 tino,
1711 2086 1894 2142 Anubis,
1919 2087 1962 2132 id
1994 2093 2060 2132 est
2094 2085 2353 2140 Mercurius,
2390 2085 2530 2141 capite
2552 2084 2708 2129 canino
2742 2085 2860 2130 sine-

1583 2162 1733 2208 bat-ba.
1782 2177 1797 2204 c
1818 2159 1907 2222 Nec
1940 2172 2113 2206 omnem
2156 2159 2506 2214 similitudinem,
2544 2170 2642 2216 quoe
2686 2165 2752 2203 est
2794 2160 2841 2202 in

1584 2236 1712 2290 coelo,
1738 2235 1806 2279 vel
1841 2241 1974 2290 terra,
2005 2234 2072 2279 vel
2110 2235 2251 2291 aquis,
2280 2232 2347 2277 vel
2383 2233 2465 2276 sub
2493 2237 2624 2286 terra,
2650 2248 2664 2275 ι
2711 2232 2837 2288 qnasi

1585 2324 1666 2357 nec
1686 2311 1820 2356 facias
1852 2310 1930 2354 tibi
1953 2322 2034 2367 pro
2053 2307 2143 2354 Deo
2170 2308 2457 2354 simulacrum
2491 2305 2613 2356 solis,
2638 2311 2681 2350 et
2705 2305 2836 2356 lunxe,

1492 2439 1494 2441 Ι
1526 2397 1563 2446 C
1586 2391 1628 2428 ct
1652 2382 1916 2441 hujusmodi,
1939 2395 2019 2427 nec
2039 2381 2245 2434 hominis,
2267 2388 2342 2425 aut
2355 2379 2554 2438 imnexi,
2579 2388 2653 2423 aut
2687 2378 2838 2435 liujus·

1585 2458 1720 2512 modi,
1742 2469 1821 2503 nec
1850 2455 2067 2508 draconis,
2089 2454 2156 2500 vel
2177 2451 2342 2511 reptilis
2367 2453 2619 2511 cujus!ibet,
2650 2464 2841 2510 qum-co-

1584 2531 1699 2576 lebat
1732 2531 1933 2575 diversus
1967 2529 2190 2573 hominum
2227 2538 2388 2573 error:
2414 2542 2430 2569 ι
2454 2525 2548 2570 Non
2571 2526 2720 2579 soles,
2756 2537 2838 2570 nec

1583 2603 1713 2649 etiam
1746 2601 1948 2647 adorabis
1986 2612 2054 2645 ea.
2077 2615 2091 2643 ι
2136 2598 2290 2645 Colere
2316 2600 2431 2645 enirn
2467 2607 2534 2644 est
2562 2606 2705 2644 mente
2731 2597 2855 2643 ado-⁴

1584 2688 1697 2722 rare.
1723 2675 1919 2720 Adora-re
1946 2681 2089 2718 autem
2117 2682 2198 2726 est,
2228 2672 2266 2718 si
2290 2686 2375 2718 non
2399 2673 2560 2726 animo,
2583 2672 2734 2718 saltem
2758 2682 2856 2728 pro·

1584 2757 1722 2805 metu,
1768 2749 1836 2794 vel
1863 2748 2084 2793 adulando
2127 2746 2318 2804 rogitus,
2350 2747 2547 2791 adorare.
2589 2745 2743 2792 Postea
2783 2746 2836 2790 ad

1584 2822 1886 2870 inculcandam
1911 2822 2154 2868 custodiam
2177 2820 2281 2866 dicti
2322 2827 2364 2866 et
2390 2819 2687 2873 dicendorum,
2714 2819 2837 2864 addi·

1584 2898 1645 2943 dit
1667 2896 1937 2942 incidenter:
1969 2910 1985 2938 c
2009 2893 2103 2952 Ego
2126 2907 2220 2940 sum
2248 2893 2457 2938 Dominus
2482 2893 2594 2939 Deus
2619 2902 2723 2938 tuns
2746 2892 2835 2938 sor·

1583 2973 1655 3026 tis,
1681 2978 1723 3015 et
1747 2970 1906 3016 zelotes
1935 2973 1967 3024 ·,
1991 2969 2171 3014 visitans
2222 2968 2397 3025 peccata
2433 2973 2602 3023 patrum
2638 2967 2680 3010 in
2720 2967 2834 3013 iiiios

1583 3045 1626 3087 in
1672 3031 1842 3089 tertiam
1876 3047 1919 3087 et
1960 3047 2161 3098 quartam
2202 3032 2525 3097 generationem
2562 3051 2711 3084 eorum
2758 3040 2833 3096 qui

1583 3119 1766 3163 oderunt
1789 3126 1874 3168 me,
1906 3121 1950 3160 et
1979 3113 2143 3169 faciens
2165 3113 2509 3158 misericordiam
2537 3115 2578 3157 in
2599 3112 2738 3158 millia
2764 3113 2833 3158 liis

1582 3192 1654 3248 qui
1675 3190 1859 3246 diligunt
1879 3200 1963 3241 me,
1988 3194 2031 3232 et
2053 3186 2304 3231 custodiunt
2336 3193 2547 3244 praecepta
2567 3198 2677 3231 mea.
2703 3200 2719 3229 »
2758 3185 2837 3231 Zo-

1581 3265 1649 3308 lus
1687 3263 1845 3308 dicitur
1881 3260 2059 3314 invidia,
2098 3261 2260 3305 dicitur
2283 3260 2411 3304 etiam
2441 3271 2582 3314 amor,
2613 3259 2686 3306 scd
2729 3272 2833 3317 pro·

1580 3338 1672 3393 pric
1694 3347 1817 3380 amor
1840 3334 1919 3379 viri
1945 3335 1987 3378 in
2013 3336 2214 3387 uxorem,
2237 3345 2315 3390 pro
2343 3345 2430 3389 quo
2450 3332 2831 3390 sustinere-nequit

1581 3411 1759 3455 alterius
1781 3415 2004 3454 accessum
2042 3408 2095 3451 ad
2138 3419 2252 3451 eam.
2276 3406 2322 3450 ln
2360 3406 2533 3450 modum
2575 3406 2689 3451 hunc
2725 3407 2828 3451 dicit

254 3482 395 3526 ctibus
419 3488 542 3525 terroe
563 3480 766 3533 comedit,
786 3478 874 3524 Noe
895 3492 945 3523 ex
981 3479 1191 3522 imbribus
1215 3469 1405 3534 ereptus,
1430 3477 1496 3520 vel
1523 3474 1558 3520 D
1580 3484 1790 3528 Dominus
1812 3497 1822 3526 :
1851 3497 1867 3527 4
1894 3481 1984 3537 Ego
2007 3493 2103 3526 sum
2120 3480 2295 3533 zelotes,
2321 3495 2335 3521 ι
2358 3479 2399 3523 id
2427 3487 2493 3523 est
2514 3491 2598 3524 non
2627 3479 2766 3536 patiar
2787 3486 2832 3524 to

255 3562 459 3611 exceptus
482 3561 571 3606 est;
604 3552 820 3595 Abrabam
844 3550 1130 3595 Chananaeam
1153 3550 1358 3607 obtinuit,
1381 3543 1498 3592 isaac

255 3635 383 3673 natus
416 3637 481 3673 est
503 3629 557 3671 de
578 3628 771 3679 senibus,
810 3625 943 3670 Jacob
971 3626 1095 3682 prole
1118 3614 1296 3677 ditatus,
1337 3623 1497 3680 loseph

254 3701 525 3746 sublimatus.
549 3699 673 3744 Fiant
692 3712 793 3756 ergo
820 3700 948 3743 verba
969 3700 1058 3744 liaec
1082 3699 1203 3743 vobis
1228 3698 1495 3749 amabiliora,

253 3786 383 3829 quam
408 3773 481 3817 filii
504 3773 566 3815 vel
587 3785 758 3817 uxores.
785 3771 836 3815 Et
858 3773 1004 3818 eduxit
1023 3759 1228 3829 populum
1259 3771 1300 3815 in
1339 3783 1494 3815 occur·-

253 3857 347 3888 sum
368 3844 532 3889 Domini
556 3844 608 3888 ad
626 3844 811 3888 radicem
833 3845 1004 3888 montis.
1024 3841 1493 3898 Ascenderuntautem,

256 3916 434 3960 Domino
465 3918 656 3973 Jubento‚
694 3917 860 3975 Moyses
881 3924 923 3960 et
951 3917 1111 3970 Aaron,
1138 3917 1248 3962 ultra
1273 3917 1493 3970 terminoS,

253 3990 514 4043 sacerdotes,
538 3991 577 4033 id
594 4000 658 4033 est
678 3991 876 4046 majores,
899 3997 940 4033 et
974 3990 1157 4046 populus
1189 4003 1274 4034 non
1314 3980 1494 4034 transie-

252 4067 370 4107 runt.
416 4061 689 4118 Locutusque
726 4069 792 4106 est
824 4063 886 4106 eis
924 4061 1148 4113 Dominus,
1175 4062 1231 4107 ita
1258 4068 1305 4106 ut
1327 4062 1492 4106 nullum

251 4145 338 4179 vox
360 4133 577 4190 effugeret.
612 4133 761 4196 Ethsic
791 4135 1145 4191 quinquagesimo
1184 4135 1252 4179 die
1290 4135 1401 4178 dedit
1431 4137 1493 4179 eis

253 4205 406 4261 legem,
437 4205 567 4251 verbo
600 4214 785 4258 tantum,
806 4209 848 4251 in
874 4209 1025 4264 ligura,
1053 4211 1166 4264 quod
1187 4210 1365 4254 daturus
1401 4216 1494 4253 crat

255 4291 329 4335 per
348 4277 553 4334 Spiritum
574 4287 767 4323 sanctum
790 4281 858 4324 die
879 4283 1249 4338 quinquagesimo.

363 4351 466 4398 Car.
499 4350 588 4394 XL.
623 4352 862 4408 Explicatio
891 4353 1085 4410 Deculoqi
1111 4353 1265 4409 (Exod.
1286 4354 1377 4409 xx).

316 4438 331 4463 ι
351 4424 441 4470 Nou
462 4425 636 4469 habebis
657 4426 756 4469 deos
775 4426 936 4469 alienos
954 4439 1098 4471 coram
1121 4439 1204 4472 me.
1226 4444 1239 4469 ι
1259 4428 1382 4481 Quod
1404 4440 1489 4471 non

253 4495 338 4542 uisi
362 4496 506 4546 decent
529 4507 736 4556 praecepta
761 4498 965 4545 Dominus
986 4501 1099 4546 dedit
1117 4514 1266 4546 omnes
1291 4510 1488 4547 asserunt

1580 3555 1784 3600 fornicari
1807 3561 1905 3611 post
1922 3553 2027 3599 deos
2046 3553 2229 3598 alienos.
2246 3552 2370 3606 Quod
2393 3552 2555 3596 addidit
2579 3566 2625 3597 se
2650 3554 2827 3597 visitare

1579 3635 1752 3683 peccata
1783 3634 1955 3684 patrum
1985 3628 2026 3670 in
2055 3626 2186 3678 filios,
2226 3627 2350 3670 aiunt
2379 3627 2567 3670 baeretici
2592 3640 2604 3668 :
2639 3625 2733 3671 Non
2759 3634 2826 3672 est

1579 3701 1720 3744 bonus
1741 3700 1811 3743 liic
1834 3712 1995 3751 sermo,
2020 3706 2064 3742 ut
2083 3711 2160 3754 pro
2186 3707 2362 3754 peccato
2393 3698 2572 3744 alterius
2610 3699 2709 3757 quis
2741 3713 2824 3756 pu·

1578 3776 1736 3818 niatur.
1776 3773 1827 3817 Et
1847 3774 1997 3818 dicunt
2017 3772 2148 3816 Vetus
2169 3771 2495 3817 Testamentum
2518 3785 2602 3817 non
2625 3785 2721 3818 esse
2745 3774 2822 3818 da·
2868 3828 2869 3836 ἵ

1578 3855 1667 3891 tum
1700 3859 1724 3891 a
1758 3847 1859 3891 Deo.
1888 3845 1984 3892 Non
2007 3847 2121 3890 enim
2160 3847 2224 3890 sic
2261 3844 2447 3907 crudelis
2474 3854 2540 3891 est
2571 3845 2704 3900 Deus,
2743 3849 2819 3892 sed
2883 3860 2893 3882 τ

1575 3927 1750 3966 econtra
1780 3920 1821 3963 in
1844 3920 1911 3965 bis
1935 3919 2052 3964 mitis
2085 3924 2278 3974 apparet,
2317 3919 2432 3974 quod
2455 3919 2584 3963 etiam
2622 3919 2706 3964 hoc
2735 3933 2818 3964 no·
2889 3973 2895 3976 g

1576 3993 1889 4038 mine'visitans
1915 3992 2128 4036 innuitur.
2163 3989 2225 4033 Ex
2262 3990 2419 4046 pietate
2452 3992 2569 4036 enim
2591 3993 2819 4039 visitamus
2887 4047 2891 4050 ἢ

1574 4066 1786 4119 infirmos,
1814 4071 1857 4109 et
1889 4065 1980 4120 ipse
1997 4076 2047 4108 ex
2075 4065 2405 4108 mansuetudine
2439 4075 2527 4108 non
2551 4066 2694 4108 statim
2717 4077 2817 4122 pec-
2843 4057 2851 4061 ”
2883 4060 2890 4068 ’

1574 4146 1740 4184 cantem
1767 4139 1906 4195 punit,
1931 4138 2005 4182 sed
2038 4143 2258 4192 exspectat
2278 4137 2425 4189 etiam,
2449 4149 2587 4194 usque
2609 4139 2660 4183 ad
2685 4151 2817 4195 quar·
2880 4181 2897 4196 ⁸

1573 4220 1659 4256 tam
1691 4213 2030 4269 generationem,
2066 4210 2259 4265 quandiu
2295 4210 2460 4255 scilicet
2495 4218 2637 4266 patres
2675 4201 2827 4255 vivere>
2860 4265 2862 4268 y
2901 4201 2906 4243 ἶ

1573 4286 1727 4339 solent,
1751 4294 1793 4328 ct
1816 4285 1852 4330 si
1878 4284 2134 4340 corripietur
2173 4289 2315 4339 pater,
2350 4284 2416 4327 vel
2439 4284 2514 4327 mii
2540 4296 2626 4328 non
2671 4273 2814 4328 imita-
2889 4301 2899 4340 -ῥ

1571 4361 1735 4404 buntur
1757 4361 1914 4416 ipsum,
1953 4358 2116 4414 parcit3
2148 4357 2307 4414 alioqui
2337 4358 2460 4414 quasi
2501 4365 2599 4413 post
2638 4358 2810 4415 longam
2842 4412 2845 4422 ⁴
2880 4344 2898 4366 '⁴

1570 4433 1934 4487 exspectationem
1949 4431 2112 4488 justius
2127 4432 2266 4488 punit.
2291 4429 2344 4475 Et
2360 4431 2413 4474 de
2435 4433 2658 4488 ternporali
2683 4445 2808 4487 poena
2841 4431 2845 4454 ⁵

1573 4509 1736 4547 tantum
1758 4504 2079 4561 intelligendum
2100 4504 2182 4549 est.
2211 4503 2331 4548 Sicut
2349 4503 2401 4547 de
2418 4502 2586 4558 Achab,
2609 4511 2649 4547 et
2679 4501 2806 4556 Jeiiu,
