2924 4588
73 56 157 100 297

31 136 34 138 v
76 145 211 205 (Psal.
237 157 353 195 cxxi,
380 145 466 202 18).
493 146 604 198 Quid
619 145 656 189 si
680 145 970 190 moderamine
993 138 1315 204 principatuum

73 220 213 265 omnis
234 219 410 262 interra
442 219 706 274 principatus
739 226 944 269 mutatur,
970 218 1312 271 et'transsertur,

72 291 349 338 constituitur
378 298 420 335 et
453 293 648 346 regitur?
671 297 716 334 ut
737 291 868 335 etiam
893 291 975 335 hoc
1001 293 1191 347 possint,
1224 293 1316 347 ipse

72 365 136 409 eis
158 364 246 415 dat,
271 363 451 419 singulis
472 362 668 406 dividens
684 370 811 418 prout
826 365 917 406 vult
933 363 976 421 (Ι
996 363 1095 408 Cor.
1118 376 1198 413 xn,
1226 364 1311 416 11),

8 430 10 432 ’
37 459 40 462 «
73 437 116 479 in
152 434 277 489 cujus
310 446 440 476 manu
469 439 569 477 sunt
601 445 752 477 omnes
784 438 1038 490 potestates,
1063 440 1106 477 et
1133 435 1231 490 jura
1253 447 1317 477 re·

72 518 270 563 gnarum,
295 506 364 549 cui
389 507 490 548 data
520 513 580 549 est
618 507 750 550 omnis
781 504 981 562 potestas,
1016 508 1060 550 in
1087 507 1187 550 coelo
1211 515 1248 550 et
1272 509 1314 550 in

72 586 183 622 terri
220 577 390 635 (Manli.
427 590 582 630 xxviii,
609 578 706 629 18);
734 581 806 635 qui
835 580 1083 623 dominatur
1109 580 1154 623 in
1181 592 1314 636 regno

72 649 309 700 hominum,
328 654 371 693 et
386 649 457 694 cui
476 650 636 702 voluit,
669 651 742 694 dat
773 652 893 694 illud.
916 651 961 694 Si
979 653 1315 698 autemcunctis

72 723 139 767 his
161 722 280 766 vides
300 723 580 777 praeeminere
596 723 819 770 ordinibus
836 724 1150 768 dominationes
1164 755 1176 776 ,
1202 725 1314 768 scito

51 795 245 840 eilliesse
262 795 482 850 subJectas
500 795 628 849 (Dan.
657 809 715 849 iv,
743 797 829 853 14),
862 799 936 853 qui
966 797 1158 846 habetin
1179 799 1316 841 vesti-

70 870 214 910 mento
231 870 274 909 et
294 865 454 908 femore
471 877 550 909 suo
568 867 775 922 scriptum
798 883 808 911 ε
829 865 915 909 Rex
940 880 1080 923 regum
1102 874 1142 911 et
1168 867 1313 911 Domi-

68 950 148 984 nus
170 936 473 980 dominantium
493 935 637 993 (Apoc.
666 950 755 988 xix,
777 937 865 996 16).
887 937 1044 982 Sedent
1062 939 1223 990 throni,
1244 953 1314 984 se·-

71 1011 171 1054 dent
194 1017 236 1054 et
257 1009 478 1065 judicant3
508 1010 584 1054 sed
607 1012 691 1055 nisi
715 1011 758 1054 in
782 1013 845 1056 eis
868 1006 1058 1065 Sederet,
1083 1018 1126 1056 et
1148 1013 1313 1058 discer-

71 1088 190 1128 neret
221 1081 356 1126 Filius
393 1082 603 1132 hominis,
628 1091 670 1127 et
695 1084 738 1127 in
761 1086 1016 1129 rectitudine
1048 1086 1312 1131 offenderent

65 1159 326 1214 judicantes,
348 1164 391 1203 et
414 1158 599 1215 quietem
626 1161 822 1204 sedentes
847 1173 931 1205 non
957 1161 1181 1205 haberent.
1203 1160 1310 1204 Nam

71 1232 166 1274 iicet
205 1231 412 1287 scriptum
452 1232 539 1274 sit:
563 1230 660 1295 Illic
693 1224 885 1275 sederunt
921 1232 1036 1276 sedes
1073 1233 1116 1275 in
1144 1231 1309 1288 judicio

70 1303 205 1356 (l’sal.
233 1313 347 1354 cxxi,
373 1302 442 1359 5);
469 1316 595 1347 nemo
613 1314 754 1348 tamen
777 1307 848 1360 qui
868 1306 1229 1349 nesciatmultum
1247 1305 1312 1348 di-

69 1382 184 1420 stare
207 1390 283 1432 per
305 1389 478 1422 omnem
501 1379 674 1422 modum
704 1379 817 1423 inter
833 1380 978 1424 sedem
995 1380 1098 1425 etin
1115 1381 1218 1426 sede
1243 1393 1313 1424 se-

39 1487 41 1490 .
67 1450 250 1494 dentem.
273 1449 522 1494 Refundunt
544 1451 764 1495 cherubim
794 1453 1047 1498 concivibus
1064 1455 1155 1498 suis
1172 1455 1314 1498 scien-

67 1523 136 1566 tiae
158 1522 341 1576 fluenta;
368 1523 442 1567 sed
466 1523 680 1579 quomodo
704 1523 998 1579 refunderent,
1022 1527 1107 1570 nisi
1126 1528 1209 1571 sibi
1226 1527 1315 1584 pri-

71 1599 197 1638 muns
222 1593 365 1639 infusa
393 1593 602 1639 fuissent?
639 1596 731 1646 vel,
763 1596 1312 1654 quomodopropinarent,

69 1666 150 1709 nisi
190 1665 390 1724 primitus
428 1666 703 1710 hausissent?
737 1668 841 1723 quid
876 1668 990 1712 enim
1022 1668 1180 1713 habet
1213 1670 1312 1725 ipsi,

69 1737 179 1792 quod
199 1749 286 1780 non
309 1738 599 1793 aeceperunt?
623 1738 664 1796 (1
690 1737 786 1782 Cor.
817 1751 875 1791 iv,
900 1739 958 1795 7.)
983 1739 1106 1792 Quod
1132 1742 1167 1784 si
1193 1753 1318 1786 acce·

70 1817 236 1866 pei-unt,
260 1810 347 1854 imo
364 1812 464 1866 quia
489 1818 764 1867 acceperunt,
792 1824 814 1855 a
844 1825 930 1868 quo
950 1820 1209 1870 acceperunt
1230 1814 1316 1859 nisi

54 1895 94 1930 a
117 1882 190 1927 Dei
210 1883 420 1940 sapientia
443 1883 632 1935 Christo,
647 1898 750 1941 ,quw
771 1897 822 1928 ex
845 1899 914 1928 ore
931 1885 1141 1929 Altissimi
1157 1888 1317 1942 primo-

69 1959 205 2016 genita
241 1966 335 2001 ante
366 1972 524 2002 omnem
555 1962 821 2004 creaturam?
845 1959 1015 2018 (Ecclic.
1043 1974 1159 2013 xxiv,
1183 1962 1243 2020 5.)
1272 1962 1318 2009 Si

69 2031 198 2076 etiam
218 2031 310 2086 jugi
336 2032 431 2075 luce
453 2032 726 2087 resplendent
753 2032 991 2083 cherubim,
1020 2034 1158 2078 sciant
1186 2035 1314 2085 hanc,

70 2103 122 2147 de
149 2116 233 2159 qua
261 2103 478 2160 loquimur
512 2103 790 2161 Sapientiam,
831 2105 884 2149 de
912 2107 976 2150 eis
1016 2107 1207 2152 dixisse:
1230 2107 1319 2164 qu

72 2177 162 2232 feci,
191 2184 236 2219 ut
271 2177 450 2220 oriretur
473 2178 515 2220 in
539 2179 650 2221 coelis
675 2178 812 2222 {umen
834 2178 1071 2235 indeficiens
1097 2180 1235 2237 (ibici,
1254 2183 1316 2238 6).

73 2247 275 2293 Succensi
314 2257 414 2293 sunt
453 2251 695 2305 seraphim?
733 2252 808 2295 sed
847 2253 1070 2296 succendit
1103 2266 1177 2297 eos
1203 2255 1317 2310 ignis

73 2321 163 2375 Dei,
199 2322 288 2367 imo
319 2321 431 2366 Deus
456 2323 582 2378 ignis.
604 2323 655 2364 Et
676 2323 711 2365 si
734 2324 943 2368 charitate
965 2325 1118 2368 ardent
1142 2326 1195 2369 ab
1220 2328 1315 2382 ipso

71 2401 343 2451 acceperunt,
371 2396 443 2451 qui
467 2396 656 2439 charitas
677 2402 758 2440 est.
787 2395 952 2448 Quaeris
986 2400 1084 2453 quis
1116 2400 1179 2446 sit.
1205 2399 1317 2443 iste?

71 2467 172 2522 quid
196 2479 219 2510 a
248 2479 315 2511 me
336 2467 524 2523 quaeris?
544 2480 687 2522 quaerc
711 2481 733 2509 a
753 2468 936 2519 Joanne,
963 2475 1006 2512 et
1029 2470 1198 2514 dicetur
1215 2471 1312 2523 tihi,

71 2539 169 2594 quia
192 2537 303 2582 Deus
327 2539 511 2582 charitas
536 2547 596 2582 est
621 2539 663 2597 (Ι
684 2538 812 2583 loun.
841 2552 908 2590 iv,
934 2541 994 2598 8).
1020 2541 1186 2587 Videtis
1205 2543 1311 2598 iam,

71 2611 112 2652 ni
134 2610 272 2661 fallor,
301 2613 338 2655 si
363 2612 637 2656 intellexistis
661 2613 751 2656 liaec
766 2613 936 2660 omnia,
962 2614 1065 2669 quid
1089 2615 1144 2658 sit
1167 2617 1315 2661 videre

73 2683 203 2728 coelos
225 2691 412 2740 apertos,
434 2685 537 2741 quid
556 2687 692 2730 etiam.
702 2686 759 2730 sit
780 2685 924 2730 videre
946 2686 1101 2730 Filium
1126 2688 1314 2733 hominis

74 2762 252 2801 stantem
278 2770 300 2800 a
325 2759 487 2802 dextris
509 2759 684 2803 virtutis
704 2758 796 2804 Dei.

26 2819 27 2822 ¹
124 2829 228 2875 viu.
260 2831 533 2876 Reminiscor
565 2834 692 2887 paulo
728 2839 827 2877 ante
865 2846 932 2877 mc
968 2833 1129 2878 dixisse
1166 2834 1313 2879 felices

75 2901 184 2952 ilios,
209 2904 452 2958 quivident
486 2904 639 2947 Filium
682 2906 870 2949 hominis
902 2907 1215 2959 amlinlantem3
1249 2908 1312 2950 si-

73 2972 242 3027 quidem
283 2972 422 3017 Filius
453 2973 631 3018 hominis
656 2975 797 3027 vadit,
825 2977 933 3019 sicut
955 2979 1155 3033 scriptum
1177 2987 1237 3021 est
1263 2979 1313 3022 de

75 3057 119 3087 eo
155 3043 324 3102 (Manu.
361 3058 479 3097 xxvi,
507 3047 595 3104 24).
625 3047 711 3091 Nec
731 3049 953 3099 animitate
978 3057 1118 3106 potest
1148 3051 1233 3095 nisi
1267 3053 1312 3096 in

0 3155 2 3171 ζ
75 3131 147 3168 eo,
171 3119 284 3175 quod
307 3127 374 3165 est
395 3120 531 3165 Filius
554 3121 758 3172 hominis,
780 3122 880 3178 quia
898 3126 972 3179 qui
995 3123 1132 3167 dixit:
1153 3124 1312 3167 Ambu-

33 3223 35 3227 ,
78 3191 173 3236 lavit
203 3193 384 3247 verbum,
413 3195 558 3238 statim
590 3196 828 3249 subjunxit,
869 3204 907 3239 et
941 3198 1066 3240 exivit
1090 3199 1131 3240 in
1154 3201 1311 3254 campis

2 3287 6 3302 .
34 3251 36 3260 χ
78 3262 217 3319 (loon.
242 3279 286 3316 x,
310 3266 366 3310 25
388 3273 431 3311 et
454 3266 527 3321 40)
549 3282 559 3310 ε
581 3261 853 3323 significare,
890 3269 935 3311 ni
977 3269 1118 3321 fallor,
1141 3272 1308 3323 volens,

76 3419 126 3452 ex
151 3421 201 3452 eo
225 3411 461 3466 accepisse,
487 3411 599 3467 quod
625 3412 678 3455 ad
702 3423 951 3468 camporum
978 3424 1224 3458 nostrorum
1249 3416 1312 3459 la-

8 3496 10 3507 >
78 3480 296 3525 titudinem
321 3485 465 3528 exivit.
489 3471 584 3528 Dixi
607 3496 709 3540 ergo
733 3485 881 3530 felices
898 3498 1010 3538 esse,
1029 3487 1103 3543 qui
1125 3488 1312 3531 viderint

35 3570 38 3602 g
78 3563 169 3596 eum
202 3556 515 3609 ambulantcm;
542 3556 946 3611 feliciores-autem,
981 3559 1056 3615 qui
1089 3571 1113 3602 a
1149 3560 1311 3604 dextris

39 3674 40 3681 ἵ
77 3622 149 3668 nei
167 3628 380 3672 sedentem
397 3661 408 3679 ,
433 3630 507 3685 qui
529 3643 629 3674 vero
648 3642 671 3673 a
695 3623 857 3675 dextris
875 3637 1082 3684 stantem,
1115 3632 1313 3678 felicissi-

32 3743 36 3747 ,
80 3709 182 3742 mos.
219 3700 301 3745 Sed
333 3702 490 3754 dicitis,
517 3703 604 3747 Cur
627 3710 672 3745 tu
694 3704 737 3746 in
762 3708 849 3746 nno
870 3704 1106 3760 eodemque
1125 3705 1313 3749 hominis

80 3767 183 3814 Filio
205 3773 284 3818 hos
308 3773 597 3820 distinctionis
623 3775 807 3820 fabricas
836 3777 1024 3832 gradus?
1053 3790 1140 3820 non
1166 3779 1243 3821 abs
1265 3791 1313 3822 re

81 3840 261 3895 quidem.
300 3843 384 3887 Sed
417 3845 512 3888 ideo
535 3847 634 3901 quia
658 3858 744 3888 non
767 3847 861 3901 pari
884 3847 928 3889 in
952 3858 1004 3890 eo
1024 3847 1163 3890 nitent
1185 3847 1314 3890 clari-

42 3919 47 3949 ι
80 3916 165 3956 tate
197 3917 438 3960 mortalitas
461 3917 514 3961 de
540 3924 676 3961 matre
710 3920 952 3968 nascentis,
984 3924 1027 3962 et
1059 3917 1311 3974 glorificatio

0 4015 19 4042 ,·
39 3957 49 4066 {1
82 3988 308 4042 regnantis,
337 3989 456 4045 131
482 3995 525 4032 et
546 3990 833 4033 coaeternitas·
851 3995 892 4033 et
928 3989 1218 4044 coaequalitas,
1244 3996 1311 4032 at-

0 4098 3 4106 .
39 4065 49 4112 t:
83 4067 161 4113 que
190 4059 528 4104 substantialitas
564 4061 780 4116 Unigeniti
803 4073 825 4103 a
846 4060 990 4111 Patre,
1029 4072 1128 4104 cum
1162 4061 1311 4104 eodem

39 4113 51 4162 ⁵3³
83 4126 217 4175 Patre.
241 4131 345 4175 Nam
371 4133 406 4176 si
427 4134 557 4176 vultis
581 4134 796 4189 accipere3
820 4147 917 4178 eum
930 4133 1118 4177 Verbum
1142 4133 1216 4176 Dei
1243 4133 1312 4176 hic

36 4207 41 4266 J·
85 4199 211 4247 Filius
230 4205 419 4249 hominis
442 4206 514 4253 sit,
537 4212 678 4249 tamen
709 4219 811 4249 caro
842 4207 1019 4256 sactum,
1058 4206 1313 4261 contempti-

83 4271 163 4317 bile
184 4277 320 4320 visum
353 4277 447 4330 suit,
481 4286 627 4333 utpote
650 4280 692 4323 in
716 4279 953 4322 diademate
977 4292 1202 4335 apparens,
1227 4290 1312 4334 quo

36 4384 46 4404 ,⁷
87 4351 301 4392 coronavit
341 4363 438 4393 eum
473 4358 610 4394 mater
636 4364 712 4394 sua
736 4351 875 4401 (Cant.
899 4365 975 4403 111,
1003 4353 1088 4411 11).
1112 4350 1159 4395 In
1182 4364 1311 4396 carne

298 4425 510 4473 Parnon.
536 4425 776 4476 cxcviii
787 4462 799 4474 .

854 50 1158 100 saumones.
1188 82 1243 88 -
1270 56 1324 100 m
1354 52 1443 101 me
1473 58 1521 104 s,
1556 43 1842 103 srnrumr.

2555 61 2645 106 298*

1331 143 1375 197 Α
1398 162 1500 193 vero
1518 156 1616 205 post
1631 149 1890 205 supplicium
1910 149 2077 201 mortis,
2093 155 2134 194 et
2148 151 2478 195 resurrectionIs
2496 154 2644 196 trium-

1395 221 1525 277 phum
1541 253 1551 272 ,
1583 233 1658 276 per
1679 221 1859 278 gloriam
1882 220 2159 266 Ascensionis
2182 222 2394 267 elevatum
2411 237 2424 276 3
2443 223 2533 278 jam
2556 238 2644 269 non

1395 291 1646 336 indecorum
1685 292 1767 334 suit
1800 297 1842 335 et
1873 291 2030 343 debile,
2065 293 2141 337 sed
2171 293 2415 350 speciosum
2446 302 2488 337 et
2515 295 2642 349 sorte,

1395 369 1543 418 utpote
1566 362 1804 406 formosum
1833 362 1877 405 in
1907 363 2015 406 stola
2043 377 2136 414 sua,
2163 365 2364 420 gradiens
2388 366 2432 408 in
2455 366 2647 410 multitu-

1395 434 1496 478 dine
1530 435 1705 478 virtutis
1742 446 1832 478 suae
1870 433 1979 491 (Isa.
2016 448 2142 488 ιιιιιι,
2169 437 2225 494 1).
2254 437 2365 491 Quid
2383 439 2550 484 enimsi
2571 453 2647 484 ru-

1394 505 1519 548 brum
1541 507 1846 550 vestimentum
1869 504 2010 560 sinim,
2038 508 2075 553 si
2094 508 2240 553 tinctae
2272 511 2445 555 vestes?
2473 517 2647 556 mutua-

1393 578 1455 620 vit
1486 589 1538 622 ex
1575 578 1718 628 nohis,
1758 585 1807 621 ut
1844 591 2000 624 manus
2037 581 2083 624 in
2121 580 2256 625 Jacob
2299 589 2446 628 essent
2489 596 2646 631 manus

1393 648 1507 693 Esau
1531 647 1650 706 (Gen.
1675 661 1812 699 xxvii,
1835 649 1925 708 22).
2233 637 2249 641 ἢ

1450 720 1520 764 ΙΧ.
1553 720 1689 764 Porro
1718 722 1897 780 verbum
1928 723 2023 777 ejus
2055 736 2079 766 a
2117 723 2347 781 prIncipio,
2385 728 2500 783 quod
2529 730 2644 786 apud

1394 791 1530 836 Deum
1553 799 1661 843 erat,
1687 798 1729 835 et
1754 791 1867 837 Deus
1897 799 2006 844 erat,
2037 795 2176 838 lucem
2212 797 2379 840 habitat
2410 798 2647 844 inaccessi-

1393 866 1539 915 bilem,
1563 878 1683 922 quem
1699 866 1841 908 nullus
1860 865 2070 909 hominum
2087 867 2205 920 vidit,
2228 868 2299 911 sed
2317 882 2390 912 nee
2415 870 2549 914 videre
2573 885 2648 927 po-

1394 944 1471 980 test
1509 936 1651 994 (Joan.
1692 949 1723 988 ι,
1759 938 1846 994 18).
1872 937 1954 990 Qui
1978 939 2108 995 igitur
2148 939 2191 983 in
2231 942 2356 986 nobis
2397 944 2646 998 spirituales

1393 1016 1511 1061 sunt,
1530 1015 1572 1053 et
1588 1008 1778 1065 'puritate
1795 1010 2072 1053 conscientiae
2095 1010 2345 1063 confortati,
2368 1019 2496 1070 atque
2514 1015 2647 1059 clari-

1392 1089 1481 1127 tate
1514 1081 1674 1126 interni
1708 1087 1907 1136 aspectus
1931 1083 2149 1135 illustrati,
2188 1083 2350 1128 audent
2381 1098 2457 1140 per
2491 1093 2649 1131 semet-

1391 1156 1511 1212 ipsos
1531 1155 1655 1210 sequi
1679 1155 1896 1210 spiritum,
1916 1166 2175 1211 quocunque
2210 1156 2323 1208 ierit,
2345 1157 2514 1214 erigant
2537 1170 2646 1202 ocu-

1340 1211 1456 1272 Blos
1496 1227 1538 1270 in
1577 1227 1734 1271 Filium
1774 1227 1979 1278 hominis,
2006 1234 2191 1272 stantem
2215 1240 2237 1270 a
2276 1229 2439 1274 dextris
2467 1230 2642 1275 virtutis

1393 1300 1485 1352 Dei,
1510 1313 1708 1356 magnam
1731 1300 1789 1344 ibi
1806 1301 2003 1356 gloriam,
2024 1300 2111 1345 imo
2130 1301 2467 1358 incogitabilem,
2483 1304 2647 1357 visuri3

1395 1379 1438 1416 et
1461 1371 1650 1415 audituri
1674 1372 1958 1415 nihilominus
1974 1373 2119 1423 verba,
2144 1384 2240 1428 quae
2255 1374 2463 1418 nonlicet
2484 1373 2647 1417 homini

1398 1443 1630 1501 loquitu
1667 1442 1765 1487 Cor.
1788 1456 1867 1494 xn,
1891 1445 1952 1501 4).
1993 1444 2074 1488 Sed
2107 1457 2216 1501 opus
2255 1451 2324 1490 est
2365 1458 2456 1498 cos,
2482 1447 2555 1502 qui
2595 1447 2649 1490 ad

1395 1518 1486 1561 lucc
1519 1517 1723 1562 sublimia
1756 1518 1948 1574 aspirant
1987 1529 2157 1561 omnem
2195 1519 2366 1574 penitus
2396 1520 2651 1575 ponderosae

1396 1595 1440 1633 et
1459 1589 1707 1646 caliginosae
1727 1589 2027 1641 humanitatis,
2054 1578 2213 1646 quaein
2237 1590 2300 1634 cis
2331 1598 2412 1644 cst,
2434 1591 2649 1648 deponere

1394 1662 1748 1719 grossitudinem,
1773 1669 1816 1707 et
1839 1664 1971 1707 solam
1994 1676 2126 1719 purae,
2152 1671 2193 1707 et
2212 1663 2428 1708 defaecatae
2443 1666 2646 1722 spiritua-

1394 1737 1526 1782 litatis
1545 1749 1766 1781 assumere
1789 1737 2069 1780 subtilitatem
2097 1753 2106 1780 :
2130 1738 2311 1780 maxime
2336 1749 2434 1780 cum
2465 1737 2517 1780 ad
2542 1738 2644 1781 dile-

1396 1815 1514 1854 ctum
1536 1817 1576 1854 et
1596 1809 1851 1853 familiarem
1891 1822 2035 1860 suum,
2074 1822 2161 1853 non
2189 1814 2273 1852 tam
2297 1822 2488 1862 servum,
2514 1823 2649 1866 qnam

1397 1885 1583 1926 amicum
1605 1881 1814 1926 Dominus
1838 1882 1954 1925 dicat
1974 1899 1984 1925 ι
2013 1881 2108 1925 Non
2128 1882 2236 1924 enim
2263 1882 2412 1925 videbit
2442 1895 2506 1925 me
2528 1882 2650 1925 leonto

1395 1964 1437 1999 et
1471 1957 1572 2000 vitet
1610 1955 1764 2012 (Effeci.
1804 1968 1958 2006 xxxin,
1997 1955 2086 2008 ⁶20).
2114 1954 2195 2007 Qui
2235 1967 2336 1998 vero
2363 1955 2424 1997 ad
2463 1954 2650 1999 sublime

1399 2029 1506 2073 illud
1526 2030 1630 2073 solis
1655 2029 1885 2072 clarissimi
1917 2029 2046 2083 jubar
2080 2029 2230 2071 oculos
2266 2027 2449 2071 necdum
2483 2028 2650 2083 erigere

1398 2108 1597 2159 possunt,
1624 2101 1796 2145 videant
1812 2100 2093 2157 glorificatam
2117 2113 2142 2144 a
2174 2100 2335 2143 dextris
2355 2100 2429 2144 Dei
2449 2106 2649 2143 naturam

1401 2180 1681 2230 assumptam.
1714 2173 1915 2224 Videant,
1956 2173 2148 2228 inquam,
2195 2179 2394 2216 naturam
2432 2173 2564 2225 illam,
2602 2173 2647 2216 in

1401 2247 1576 2291 Christo
1625 2247 1855 2290 exaltatam
1886 2245 1939 2288 ad
1986 2246 2206 2289 dexteram
2247 2245 2404 2298 Patris,
2440 2258 2536 2302 quae
2564 2257 2647 2290 nec

1398 2322 1568 2379 culpam
1609 2320 1839 2376 aliquando
1875 2320 2150 2364 committens
2173 2331 2270 2363 cum
2297 2319 2546 2362 hominihus
2572 2319 2646 2364 dev-

1397 2396 1488 2450 gnit
1507 2395 1550 2437 in
1572 2394 1699 2438 terris
1719 2409 1731 2438 ε
1755 2399 1798 2436 et
1818 2405 1989 2449 poenam
2018 2393 2172 2436 mortis
2193 2398 2280 2435 tam
2316 2393 2646 2449 ignominiosam

1395 2479 1524 2523 quam
1541 2466 1694 2511 duram
1715 2466 1952 2515 sustinens,
1979 2465 2182 2521 pependit
2207 2465 2248 2507 in
2273 2465 2465 2521 patibulo
2485 2466 2644 2511 crucis.

1394 2541 1519 2595 Quod
1551 2542 1589 2585 si
1623 2540 1697 2597 qui
1737 2546 1854 2590 sunt,
1880 2552 1989 2596 quos
2011 2540 2079 2583 vel
2114 2543 2264 2595 gravat
2300 2538 2555 2594 phantasma
2585 2539 2647 2581 ir·

1394 2627 1542 2666 ruens,
1571 2615 1638 2658 vel
1671 2614 1850 2658 dilaniat
1881 2613 2007 2668 culpa
2046 2611 2313 2662 remordens,
2342 2611 2407 2654 vel
2441 2615 2646 2667 angustat

1395 2701 1549 2733 sensus
1573 2700 1721 2744 agens,
1744 2692 1793 2730 ut
1816 2686 1868 2729 ad
1889 2691 2088 2729 neutrum
2108 2686 2289 2728 istorum
2307 2696 2462 2726 vacare
2482 2684 2644 2739 possit;

1395 2763 1470 2806 sed
1496 2762 1704 2805 mirabilis
1741 2762 1797 2805 sit
1826 2760 2054 2803 admodum
2091 2772 2141 2802 ex
2174 2759 2236 2802 eis
2264 2758 2487 2814 utriusque
2516 2757 2645 2812 hujus

1394 2836 1591 2887 scientia,
1618 2842 1660 2880 et
1690 2835 1752 2879 sic
1786 2834 2027 2878 confortata
2056 2838 2104 2875 ut
2140 2845 2224 2876 non
2260 2832 2427 2887 possint
2460 2830 2512 2873 ad
2547 2842 2645 2873 eam

1396 2911 1531 2964 (Paul.
1573 2921 1782 2958 cxxxviii,
1822 2908 1892 2965 6);
1933 2908 2091 2952 habere
2132 2912 2314 2963 possunt
2354 2918 2442 2961 prae
2487 2906 2642 2956 ocutis.

1393 2985 1525 3035 hunc,
1562 2983 1613 3027 de
1636 2995 1722 3038 quo
1752 2983 1972 3038 loquimur
1998 2979 2153 3023 Filium
2188 2980 2388 3028 hominis,
2420 2979 2644 3021 ambulan-

1393 3063 1495 3107 tem,
1520 3063 1562 3100 et
1578 3060 1966 3111 pertranseuntem,
1986 3058 2028 3097 et
2052 3057 2275 3096 sanantem
2300 3063 2447 3095 omnes
2469 3063 2643 3106 oppres-

1393 3141 1465 3173 sos
1484 3141 1508 3171 a
1533 3127 1702 3170 diabolo
1728 3126 1837 3183 (Act.
1863 3139 1906 3175 x,
1932 3125 2021 3182 58).

1448 3200 1499 3243 X.
1526 3199 1813 3255 Egrediantur
1835 3199 1979 3252 itaque
2004 3196 2095 3241 istae
2119 3195 2216 3239 tiliae
2239 3192 2368 3248 Sion;
2394 3193 2490 3237 tiliae
2524 3205 2643 3236 nam-

1392 3285 1475 3329 que
1494 3278 1610 3321 sunt,
1629 3278 1670 3315 et
1686 3271 1860 3315 videant
1876 3267 2021 3324 regem
2042 3269 2313 3312 Salomonem
2329 3269 2371 3310 in
2389 3267 2638 3314 diademate,

1339 2284 1371 2327 C

6 3367 8 3370 -
76 3348 199 3391 quam
238 3337 385 3382 habuit
416 3339 594 3381 verbum
629 3338 672 3381 in
705 3340 964 3384 ambulando
994 3343 1272 3387 mobilitatem
1295 3376 1307 3395 ,
1335 3343 1370 3387 D
1393 3360 1471 3402 quo
1491 3346 1701 3388 coronavit
1726 3357 1819 3387 eum
1852 3350 1987 3385 niater
2002 3356 2078 3385 sua
2097 3341 2237 3398 (Cant.
2266 3353 2331 3390 ιιι,
2356 3339 2452 3394 11);
2475 3350 2639 3394 quous-

1391 3429 1475 3472 que
1494 3416 1569 3459 tilii
1585 3427 1680 3459 esse
1701 3408 1965 3464 mereantur,
1983 3413 2178 3456 videntes
2195 3423 2291 3454 eum
2315 3411 2358 3452 in
2382 3410 2637 3457 diademate,

1392 3503 1476 3544 quo
1504 3487 1726 3531 coronavit
1761 3497 1860 3530 eum
1894 3483 2022 3528 Pater
2045 3497 2166 3529 suus.
2192 3483 2356 3526 Abeant
2389 3481 2487 3531 sibi,
2507 3487 2548 3526 et
2570 3494 2640 3525 re-

1391 3566 1544 3605 vocent
1566 3565 1666 3602 ante
1688 3559 1837 3602 oculos
1853 3570 1932 3613 pro
1962 3569 2105 3612 posse,
2136 3562 2264 3611 atque
2299 3555 2501 3609 colligant
2524 3552 2637 3607 apud

1393 3647 1455 3684 se,
1501 3638 1630 3689 prout
1653 3632 1716 3675 eis
1738 3631 1884 3673 datum
1910 3628 2006 3679 ruit,
2031 3628 2246 3685 quomodo
2287 3628 2329 3669 in
2363 3633 2480 3670 motu
2506 3627 2629 3668 stalti-

1391 3706 1525 3750 litatis
1542 3710 1715 3754 nostrae,
1741 3716 1764 3745 a
1789 3703 1859 3747 die
1879 3715 1962 3754 qua
1989 3707 2114 3743 natus
2146 3708 2212 3743 est
2237 3715 2246 3742 z
2270 3697 2398 3754 Cst’pit
2425 3697 2548 3740 Iesus
2567 3698 2635 3751 sa-

1393 3791 1480 3820 cere
1495 3784 1534 3819 et
1557 3776 1717 3824 docere,
1734 3775 1915 3830 usquein
1935 3773 2058 3823 diem,
2078 3786 2157 3826 qna
2174 3772 2413 3824 praecipiens
2437 3768 2633 3830 apostolis

1390 3861 1461 3903 per
1479 3847 1680 3901 Spiritum
1695 3851 1901 3893 sanctum,
1921 3856 2020 3899 quos
2038 3842 2174 3897 elefyit,
2196 3849 2430 3894 assumptus
2447 3847 2505 3882 est
2523 3840 2631 3894 (Act.

1393 3933 1424 3970 ι,
1448 3919 1506 3975 1),
1533 3919 1813 3973 respicientes
1840 3928 1937 3959 eum
1964 3926 2059 3957 cum
2089 3925 2355 3970 praecursore
2381 3924 2458 3955 suo
2482 3912 2608 3954 amhn

1391 3996 1568 4042 lantem,
1588 3998 1631 4036 et
1667 3995 1982 4045 consequenter
2013 3988 2252 4032 exclament
2274 3998 2370 4028 cum
2397 3997 2464 4035 eo,
2489 3989 2530 4027 et
2568 3982 2612 4025 di

1391 4071 1520 4108 cant:
1549 4064 1653 4106 Ecce
1671 4062 1811 4118 Annus
1837 4061 1929 4113 Dei,
1952 4072 2041 4103 ecce
2074 4061 2143 4115 qui
2168 4058 2275 4101 tollit
2295 4063 2460 4111 peccata
2488 4054 2630 4097 mundi

1393 4136 1532 4192 (Joan.
1560 4148 1592 4184 1,
1611 4136 1699 4192 56).
1723 4133 1810 4178 Nee
1837 4134 2054 4177 modicum
2090 4132 2193 4188 quid
2221 4144 2264 4174 se
2287 4130 2529 4174 existiment
2559 4140 2616 4170 ac·

1391 4208 1533 4263 cipere
1556 4209 1609 4250 ab
1631 4208 1711 4251 liae
1743 4207 1926 4259 visione,
1956 4205 2029 4250 sed
2068 4206 2243 4248 omniuo
2288 4214 2503 4257 magnum,
2532 4212 2626 4243 cum

1391 4284 1560 4321 constet
1591 4291 1666 4321 eos
1687 4278 1833 4321 videre
1870 4277 2007 4321 oculis
2044 4277 2151 4327 suis,
2194 4280 2235 4318 et
2272 4274 2419 4316 audire
2456 4271 2630 4315 auribus

1393 4352 1498 4402 suis,
1519 4356 1559 4393 et
1583 4356 1808 4395 attrectare
1827 4351 2024 4394 manilius
2042 4351 2131 4392 suis
2149 4350 2192 4392 in
2205 4347 2344 4390 Verbo
2361 4347 2457 4390 vitae
2477 4344 2553 4388 tat.
2577 4343 2631 4387 de

2287 4422 2344 4470 10
