2924 4588
405 84 534 130 ¹555.
1391 76 1553 123 purat
1583 73 1934 122 contestanis
2857 80 2924 128 ωε

334 201 353 224 .
400 171 526 218 Iesus
553 171 605 215 ad
618 169 855 246 &aptismm
873 169 1009 226 legem
1041 175 1228 213 veterem
1266 167 1506 212 soluturus.
1538 163 1648 210 Pro·
1669 165 1710 210 A
1731 166 1997 221 complacuit
2025 165 2196 224 (Mami.
2221 167 2307 226 ιιι),
2349 182 2364 212 ι
2393 169 2507 213 i'dem
2534 173 2602 215 est
2623 145 2796 222 sensus,
2834 170 2886 218 id'
2907 184 2924 219 ε

400 251 547 301 pterea
567 256 703 299 usque
724 227 908 286 ad'ltanc
933 247 1103 286 aetatem
1129 242 1242 296 (quae
1265 240 1411 284 omnia
1437 239 1547 282 solet
1563 249 1648 282 ca·
1727 239 1772 282 in
1794 245 1834 284 te
1851 246 1894 284 et
1912 252 1989 297 per
2007 246 2050 286 te
2073 241 2282 298 placitum
2301 254 2446 286 meum
2471 255 2622 299 gerere
2645 245 2871 291 constitui.

398 329 501 373 pere
526 314 720 372 peccata)
752 316 794 358 in
830 295 942 370 segis
972 307 1281 376 observatione
1303 311 1568 368 permansit,
1590 321 1645 353 ne

397 388 496 442 quis
521 386 699 438 diceret,
723 384 843 430 illum
870 387 968 430 ideo
983 388 1117 441 legem
1143 386 1339 430 solvisse,
1357 385 1459 439 quia
1483 395 1532 426 ea
1555 395 1643 425 non

396 460 607 513 potuisset
631 434 882 513 aflimplere.
901 475 916 500 ι
933 457 983 500 Et
998 457 1111 500 inira
1132 470 1143 497 ε
1174 471 1187 497 ι
1211 457 1295 500 Per
1312 456 1488 511 triginta
1504 468 1642 499 anuos

392 532 604 586 Just'tiam
627 532 732 587 legis
754 532 1076 587 adimpleverat,
1095 537 1139 575 et
1158 538 1261 575 tunc
1274 533 1389 574 venit
1412 531 1466 574 ad
1486 531 1643 586 baptis·

394 614 464 645 ma
488 602 761 659 Evangelium
786 603 1012 655 docturus,
1037 604 1162 660 quasi
1200 604 1424 648 cumulum
1458 603 1638 647 cunctis

394 675 772 722 observationibus
802 677 910 733 legis
934 678 1180 734 imponens.
1208 694 1222 719 ι
1251 678 1344 722 Hoc
1367 685 1512 722 tamen
1531 678 1641 720 dixit

392 749 727 805 chrysostomus
750 751 981 795 occasione
1001 752 1116 795 iliius
1140 752 1277 802 verbi,
1300 752 1417 807 quod
1436 751 1544 794 dixit
1560 752 1642 794 Do-

394 823 536 866 minus
564 837 574 865 :
601 837 615 862 c
648 821 720 866 Sic
743 824 865 868 decet
884 837 962 868 nos
982 825 1159 880 implere
1179 836 1351 868 omnem
1371 824 1634 879 justitiam.»

390 893 443 936 Et
467 894 705 939 secundum
731 896 844 940 hanc
861 897 1136 952 opinionem,
1162 897 1269 941 vixit
1293 898 1470 954 triginta
1496 899 1637 942 tribus

391 968 518 1010 annis
536 968 729 1021 integris,
753 974 795 1012 et
821 975 988 1012 tantum
1013 969 1065 1014 de
1091 971 1313 1026 trigesimo
1331 975 1487 1026 quarto
1500 983 1639 1026 quan-

388 1044 480 1082 tum
491 1046 556 1084 cst
574 1053 599 1083 a
616 1039 755 1084 Nataii
772 1043 967 1098 usquead
981 1042 1160 1088 Pascha.
1177 1042 1365 1087 «ioannes
1380 1051 1521 1087 autem
1538 1056 1638 1099 pro-

385 1111 880 1159 hiltebatlesumdicens
892 1129 902 1156 :
915 1115 1028 1172 «Ego
1047 1129 1069 1160 a
1088 1122 1131 1161 te
1148 1116 1282 1161 debeo
1293 1117 1576 1171 baptizari,et
1590 1118 1636 1160 tu

1783 315 1798 329 *
1816 312 1988 356 Addiiio
2009 314 2050 358 l.
2079 313 2144 358 Oi)
2166 315 2249 358 hoc
2274 314 2449 359 fuerunt
2468 315 2654 359 haeretici
2680 316 2752 372 qui
2782 316 2924 362 dicere

1725 388 1821 431 solo
1841 386 1910 431 die
1933 387 2182 444 Epiphaniae
2203 389 2360 432 debere
2375 389 2602 444 baptizari,
2623 401 2700 434 uec
2722 389 2815 433 dari
2837 388 2924 446 Spis

1725 463 1816 501 tum
1832 465 2045 509 sanctum,
2071 461 2108 505 si
2128 449 2337 516 quis'alioff
2350 461 2420 523 die
2436 461 2746 522 baptizaretur.
2769 460 2924 518 Obqua

1723 531 1921 575 ltaeresim
1943 533 2136 576 vivacius
2152 533 2494 588 exstirpandam,
2514 521 2799 578 decreverunt
2823 525 2924 579 Patr

1722 617 1770 648 ea
1797 603 1865 648 die
1879 605 2093 649 neminem
2112 605 2339 661 baptizari,
2365 606 2448 650 nisi
2483 606 2566 650 sub
2590 606 2865 652 necessitate.
2891 605 2924 651 11

1720 689 1802 719 nos
1825 676 2012 719 dicimus
2040 688 2051 717 t
2083 676 2154 720 Vis
2179 676 2422 731 baptizari?
2445 677 2618 732 quidam
2652 678 2831 726 dicunt:
2861 676 2924 732 Qu

1718 747 1854 801 petis?
1876 745 1927 788 Et
1964 748 2252 804 respondetur
2275 761 2287 790 ι
2312 746 2464 790 Fide-m
2486 755 2595 804 peto,
2621 748 2687 791 vel
2723 747 2924 804 baptisma

1718 828 1826 876 peto.
1845 819 1930 863 Alii
1954 826 2201 878 utrumque,
2220 827 2262 865 et
2285 835 2296 864 τ
2318 821 2429 874 Quid
2452 825 2573 875 petis,
2596 827 2639 864 et
2661 834 2671 862 :
2691 820 2763 864 Vis
2786 820 2924 875 baptis

1721 894 1756 935 ri
1776 895 1798 936 :²

1830 966 1932 1010 Car.
1956 963 2127 1012 XXXV.
2151 965 2208 1010 De
2230 963 2332 1010 Jesu
2350 966 2531 1022 jejunio,
2554 972 2593 1008 et
2617 965 2857 1008 tentatione.

1775 1055 1790 1080 ι
1830 1039 1952 1084 Tunc
1983 1039 2112 1084 «lesus
2136 1041 2295 1084 ductus
2316 1047 2382 1084 est
2406 1051 2429 1082 a
2459 1039 2634 1095 Spiritu
2667 1055 2680 1079 ι
2708 1043 2874 1092 sancto,
2895 1049 2924 1095 q

1716 1125 1815 1158 eum
1838 1114 2156 1169 designaverat,
2184 1129 2200 1156 ‹
2231 1114 2274 1158 in
2293 1113 2530 1165 desertum,
2552 1120 2595 1157 et
2620 1126 2716 1158 cum
2732 1113 2924 1174 Jejunas'fl

385 1184 506 1227 renis
530 1185 581 1227 ad
609 1197 691 1230 me.
722 1202 735 1227 ι
765 1186 854 1230 Cur
875 1187 985 1230 dixit
1018 1200 1065 1232 se
1098 1187 1402 1243 baptizandum
1429 1186 1633 1240 Jonunes,
1663 1222 1695 1266 Β
1716 1188 1999 1244 quadraginta
2023 1188 2192 1237 diebus.
2233 1194 2274 1233 et
2304 1188 2590 1246 quadraginta
2627 1190 2845 1241 noctibus,
2869 1201 2924 1248 po

387 1255 426 1297 si
446 1254 489 1299 in
512 1261 636 1301 utero
663 1259 978 1310 sanctificatus,
999 1266 1042 1303 et
1061 1260 1295 1304 mundatus
1319 1266 1413 1304 erat
1425 1260 1482 1303 ab
1507 1261 1636 1317 origi·

385 1329 490 1380 nali,
514 1331 577 1374 vel
602 1332 751 1375 saitem
779 1333 820 1375 in
839 1333 1205 1378 circumcisione?
1229 1332 1312 1376 Sed
1336 1345 1413 1389 per
1424 1346 1471 1379 se
1494 1346 1632 1389 genus

384 1404 621 1446 numanum
645 1403 872 1455 intellexit.
890 1406 1014 1460 quasi
1029 1405 1144 1449 dicat
1169 1419 1182 1448 τ
1200 1405 1338 1448 Homo
1354 1417 1432 1462 per
1447 1410 1488 1450 te
1503 1405 1633 1449 debet

381 1477 599 1520 mundari.
622 1476 699 1521 Vel
727 1485 935 1533 quantum
961 1477 1014 1521 ad
1041 1478 1352 1533 plenitudinem
1379 1477 1631 1522 mundatio-

380 1550 468 1601 nis,
497 1562 544 1594 se
568 1551 708 1594 adhuc
731 1550 1026 1594 mundandum
1053 1551 1177 1601 dixit,
1214 1552 1317 1608 quia
1338 1552 1478 1605 sijam
1503 1563 1631 1594 mun·

381 1623 527 1673 datus,
546 1631 586 1667 et
598 1636 675 1679 per
687 1625 939 1680 sanguinem
956 1623 1118 1669 Christi
1130 1625 1302 1680 plenius
1313 1631 1406 1669 erat
1416 1625 1629 1668 mundan-

380 1696 479 1748 dus,
504 1697 618 1741 sicut
640 1698 738 1753 quis
763 1704 942 1755 accepta
965 1699 1126 1742 eiiicaci
1151 1699 1381 1752 medicina,
1423 1711 1501 1754 per
1523 1711 1630 1742 cau-

382 1783 472 1815 ›xam
497 1779 674 1816 curatus
698 1773 874 1824 dicitur,
909 1787 987 1830 per
1015 1775 1191 1819 effeetus
1215 1776 1526 1832 plenitudinem
1552 1788 1631 1819 cu·

383 1846 557 1890 raudus.
598 1845 677 1889 Cui
702 1844 828 1891 iesus
854 1860 862 1886 ε
894 1863 907 1886 a
940 1847 1043 1892 Sine
1077 1849 1220 1893 modo.
1247 1848 1319 1892 Sic
1351 1850 1467 1893 enlm
1503 1848 1628 1893 decet

377 1930 459 1961 nos
482 1918 658 1975 impiere
680 1932 850 1964 omnem
875 1921 1107 1976 Justitiam,
1142 1938 1154 1964 ι
1192 1921 1232 1965 id
1266 1926 1334 1966 est
1357 1923 1628 1978 superabun-

378 1994 551 2038 dantem
594 1995 895 2040 humilitatem.
931 1996 1006 2040 Est
1046 1997 1159 2040 enim
1203 1992 1345 2042 debita
1373 1997 1624 2050 humilitas,

378 2067 565 2112 subdere
590 2081 637 2113 se
671 2069 821 2124 maiori
849 2077 1026 2127 propter
1048 2070 1212 2123 Deum:
1239 2071 1484 2123 abundans,
1522 2072 1626 2115 sub·

378 2139 480 2183 dere
516 2153 562 2185 se
586 2143 706 2197 pari.;
735 2144 1115 2199 superabundans,
1144 2143 1332 2189 subdere
1358 2157 1406 2189 se
1449 2144 1622 2190 minori.

377 2210 511 2264 Quasi
529 2212 643 2257 dicat
669 2219 692 2259 ε’
710 2214 810 2260 ideo
831 2217 959 2260 modo
982 2218 1123 2262 subdo
1149 2231 1227 2262 -me
1257 2218 1335 2262 tibi
1359 2218 1544 2270 minori,
1570 2231 1625 2263 ne

1715 1266 1783 1303 tea
1822 1261 1977 1305 esuriit
2001 1259 2172 1318 (Mami.
2196 1262 2273 1317 tv).
2304 1277 2318 1304 ι
2370 1261 2622 1306 Merebatur
2646 1261 2844 1306 diabolus
2863 1274 2924 1321 qu

1714 1334 1912 1391 draginta
1939 1335 2106 1379 dierum
2136 1333 2320 1390 jeJunio.
2348 1332 2520 1378 Sciebat
2558 1340 2621 1378 tot
2643 1335 2795 1379 diebus
2835 1346 2924 1394 aqu-2

1713 1407 1864 1450 diluvii
1880 1407 2058 1458 effusas,
2079 1409 2346 1464 exploratam
2371 1414 2532 1452 terram
2565 1409 2871 1464 promissionis
2891 1421 2924 1466 p

1714 1479 1905 1535 Moysen,
1932 1479 2067 1534 legem
2094 1490 2118 1522 a
2143 1479 2231 1523 Deo
2252 1479 2414 1528 datam,
2466 1479 2576 1524 mios
2601 1478 2730 1523 israel
2756 1480 2798 1523 in
2822 1491 2924 1538 eren

1712 1557 1775 1596 tot
1791 1552 1918 1596 annis
1949 1564 2059 1608 pane
2084 1553 2336 1609 angelorum
2367 1552 2546 1597 vixisse.
2570 1551 2679 1596 Cum
2705 1565 2807 1596 vero
2831 1563 2924 1599 sent

1710 1623 1941 1667 Dominum
1964 1625 2149 1676 esurire,
2173 1622 2289 1680 quod
2321 1637 2406 1668 non
2435 1625 2592 1681 legitur
2635 1624 2688 1669 de
2715 1624 2877 1683 Moyse.
2898 1638 2924 1671 v

1710 1695 1820 1750 Elia,
1840 1699 2039 1748 accessit,
2060 1705 2106 1742 ut
2127 1703 2328 1749 tentaret,
2365 1699 2400 1742 si
2429 1694 2577 1754 posset'
2595 1711 2693 1758 eum
2714 1698 2924 1755 dejiceret

1709 1778 1953 1827 peccatum,
1978 1770 2022 1817 et
2043 1777 2090 1816 ut
2112 1771 2356 1826 exploraret
2377 1784 2432 1815 au
2456 1778 2571 1815 esset
2596 1772 2668 1817 Dei
2691 1771 2844 1821 Filius.
2863 1784 2924 1831 qtt

1709 1846 1905 1890 audierat
1921 1858 2068 1890 vocem
2092 1846 2222 1898 itanc,
2251 1860 2267 1887 ‹
2288 1845 2367 1891 llic
2386 1854 2454 1892 est·
2474 1844 2610 1892 Filius
2636 1859 2764 1894 inens>
2780 1848 2924 1895 dileett

1709 1915 1884 1974 (Mutila.
1909 1915 1992 1972 ιιι),
2024 1932 2041 1958 ι
2068 1930 2196 1974 quem
2219 1918 2384 1963 sciebat
2423 1919 2683 1975 quandoque
2717 1926 2924 1970 venturum

1707 1997 1814 2036 etse
1834 2003 1913 2047 per
1929 2003 2028 2035 eum
2065 1995 2321 2047 potestatem
2350 1992 2630 2038 amissurum.
2648 1992 2723 2036 sed
2749 2005 2924 2050 usque}

1703 2065 1918 2122 iudicium
1946 2064 2137 2109 futurum
2155 2076 2242 2108 non
2258 2066 2555 2121 exspectabat.
2592 2064 2797 2111 Tentavit
2820 2072 2924 2123 atttq

1707 2152 1805 2184 eum
1834 2140 1876 2183 in
1901 2140 2063 2185 eisdem
2087 2140 2245 2190 tribus,
2270 2141 2431 2197 quibus
2447 2141 2584 2187 Adam
2621 2142 2855 2198 dejecerat.
2888 2155 2924 2191 st

1705 2225 1794 2257 non
1811 2213 1964 2266 ordine
1986 2213 2136 2259 eodem
2164 2229 2174 2258 2
2209 2213 2356 2258 Primo
2378 2214 2422 2258 in
2449 2217 2564 2271 gula,
2581 2222 2628 2259 ut
2646 2217 2860 2267 esuriens,
2886 2229 2924 2273 pt

377 2285 661 2342 dedIgne'ntur
678 2290 865 2345 majores
889 2305 912 2334 a
940 2292 1180 2336 minoribus
1205 2293 1431 2350 baptizari,
1452 2299 1494 2337 et
1516 2291 1621 2351 regi.
1647 2286 1680 2333 C
1707 2298 1806 2332 nem
1822 2286 1994 2338 videns,
2015 2287 2300 2330 immoderato
2321 2287 2405 2330 cibi
2429 2290 2618 2344 appetitu
2634 2289 2924 2335 accenderem

375 2357 500 2411 Quod
528 2352 771 2418 intelligens
789 2362 976 2408 ioannes
1000 2367 1233 2410 consentit.

432 2435 448 2451 ⁴
470 2433 642 2479 Additio
674 2436 713 2482 i.
759 2436 1009 2494 Baptizatus
1037 2446 1102 2483 est
1132 2441 1259 2487 Jcsus
1278 2443 1404 2488 tertio
1434 2444 1574 2502 lapide
1598 2457 1625 2488 a·

373 2507 561 2556 iericho.

420 2615 522 2660 Cir.
550 2617 738 2663 xxxtv.
777 2620 833 2663 De
854 2620 1013 2676 Spiritu
1037 2630 1204 2677 sancto,
1229 2631 1267 2668 et
1291 2639 1390 2669 voce
1410 2624 1571 2672 Patris.

433 2738 447 2762 ‹
462 2722 643 2767 Factum
662 2732 728 2770 est
746 2735 906 2780 mitem,
927 2742 1025 2773 cum
1042 2731 1335 2788 baptizaretur
1355 2752 1369 2776 ι
1385 2735 1475 2779 fere
1496 2753 1508 2776 ι
1526 2750 1621 2780 om-

374 2795 442 2837 nis
498 2797 683 2852 populus
728 2804 853 2844 terrae
893 2803 1034 2853 iilius,
1076 2811 1118 2847 et
1143 2803 1248 2849 ¹iesu
1286 2806 1538 2862 baptizato,
1577 2814 1651 2852 et-

373 2873 526 2910 orante
556 2882 571 2909 ι
615 2881 693 2923 pro
719 2869 1010 2924 baptizandis,
1057 2881 1103 2916 ut
1131 2878 1378 2931 acciperent
1406 2875 1616 2934 Spiritum

374 2945 571 2983 sanctum
595 2943 625 2995 *‚
654 2956 667 2980 a
701 2943 930 2988 confestim
956 2946 1152 2993 ascendit
1175 2947 1303 2992 Jcsus
1337 2949 1390 2992 de
1413 2960 1524 3005 aqua
1541 2982 1551 2999 ,
1577 2956 1620 2995 et

373 3024 474 3056 ecce
498 3016 632 3068 aperti
659 3021 759 3059 sunt
782 3019 879 3060 cmii
900 3017 1017 3073 (Luc.
1047 3019 1130 3075 ιιι),
1153 3036 1166 3060 ι
1194 3021 1612 3075 idestinaestimabi-

373 3084 428 3127 lis
453 3085 655 3139 splendor
680 3087 821 3131 sactus
845 3095 911 3132 est
935 3092 1051 3134 circa
1075 3105 1189 3143 eum,
1213 3094 1300 3137 acsi
1327 3096 1437 3138 coelo
1459 3107 1587 3140 aereo
1603 3129 1614 3148 ,

373 3163 415 3200 ct
453 3158 620 3202 sidereo
658 3161 880 3211 reseratis,
908 3164 1112 3218 splendor
1139 3167 1236 3210 coeli
1260 3169 1450 3225 ernpyrei
1486 3171 1616 3214 terris

375 3231 692 3277 infunderetur.
712 3233 763 3276 Et
779 3233 966 3290 Spiritus
989 3246 1165 3283 sanctus
1184 3239 1226 3282 in
1244 3243 1615 3299 corporalispecie

374 3304 585 3347 columbae
608 3306 742 3355 venit,
766 3314 808 3350 et
842 3310 952 3352 sedit
972 3323 1102 3366 super
1114 3320 1242 3367 caput
1262 3314 1373 3368 ejus,
1395 3329 1490 3371 quae
1515 3329 1611 3372 per-

376 3382 473 3420 acto
510 3377 649 3421 allicio
672 3391 768 3430 suo,
800 3380 844 3424 in
878 3383 1176 3438 praejaeentem
1216 3390 1440 3432 materiam
1469 3391 1610 3442 rediit,

374 3449 489 3493 unde
533 3457 703 3507 sumpta
742 3452 897 3497 suerat.
943 3455 993 3498 Et
1034 3463 1138 3501 tunc
1185 3465 1386 3517 cognovit
1424 3464 1617 3520 Baptista

373 3522 487 3576 quod
522 3523 629 3568 dixit
652 3538 698 3569 se
733 3533 831 3571 aute
852 3531 1061 3595 nescisse.
1087 3534 1200 3587 quod
1227 3535 1392 3580 scilicet
1417 3537 1616 3586 Christus

375 3592 494 3635 solus
519 3595 775 3651 baptizaret,
795 3598 836 3642 id
862 3610 928 3646 est
953 3609 1209 3657 potestatem
1230 3607 1433 3663 baptismi
1455 3613 1617 3656 retine-

375 3672 440 3708 ret
462 3666 562 3718 sibi,
588 3670 663 3713 sed
696 3677 950 3728 potestatem
975 3675 1219 3731 baptizandi
1256 3681 1351 3725 aliis
1376 3681 1513 3734 daret,
1540 3684 1616 3741 qui

373 3748 473 3780 eum
510 3739 686 3785 miserat
710 3750 810 3789 ante
847 3760 946 3790 eum
971 3749 1208 3803 baptizare,
1250 3764 1348 3795 cum
1375 3757 1614 3801 solitariam

373 3808 550 3874 duceret
572 3814 855 3865 vitam‚etiam
881 3821 1048 3864 dixerat
1072 3823 1134 3866 ei:
1158 3823 1459 3875 Quammultos
1475 3829 1616 3884 bapti·

374 3882 509 3933 zabis.
534 3886 606 3950 sed
633 3886 746 3931 inter
764 3890 859 3932 illos
882 3907 895 3930 ι
921 3905 1048 3948 super
1072 3907 1196 3949 quem
1223 3897 1382 3942 videris
1404 3898 1612 3954 Spiritum

373 3954 719 4011 descendentem,
735 3969 775 4006 et
789 3971 1049 4016 manentem,
1062 3967 1131 4010 hic
1147 3970 1258 4013 sotus
1269 3971 1415 4027 estqui
1428 3973 1615 4029 baptizat

372 4028 418 4072 in
434 4027 594 4085 Spiritu
609 4042 758 4077 sancto
782 4034 923 4092 (Joan.
941 4037 971 4087 ε)
1001 4055 1014 4080 ι
1033 4039 1079 4098 Et
1098 4054 1197 4086 ecce
1213 4056 1292 4086 vox
1306 4043 1446 4089 Patris
1464 4046 1607 4091 audita

373 4107 441 4144 est
473 4102 525 4146 de
548 4104 756 4148 sublimi:
787 4122 799 4147 ι
825 4107 888 4151 Τιι
915 4123 962 4154 es
1009 4110 1144 4154 Filius
1188 4126 1310 4158 meus
1334 4115 1534 4167 dilectus,
1568 4120 1612 4163 in

372 4180 417 4216 te
441 4177 686 4230 complacui
710 4180 815 4223 mini
837 4181 960 4236 (Luc.
989 4183 1075 4239 ιιι).
1105 4200 1119 4226 ι
1155 4183 1300 4242 Usque
1322 4194 1419 4242 post
1462 4202 1610 4235 vocem

375 4246 487 4290 lianc
515 4250 708 4294 creditur
750 4253 929 4299 durasse
957 4256 1228 4311 splendorem
1246 4292 1257 4310 ,
1293 4267 1332 4304 et
1365 4261 1608 4306 columbam

377 4318 541 4363 sedisse
579 4334 712 4378 super
733 4332 864 4380 caput
897 4340 1007 4383 eJus.
1038 4328 1161 4381 Quod
1196 4331 1307 4374 alius
1341 4333 1606 4388 cvangeIISta

374 4389 477 4436 dicit
506 4409 517 4436 ·.
547 4409 559 4434 ‹
603 4393 681 4441 iiic
702 4403 766 4442 est
795 4397 930 4445 Filius
952 4414 1071 4446 meus
1096 4402 1290 4458 dilectus,
1319 4404 1359 4447 in
1386 4417 1470 4460 quo
1488 4406 1592 4449 mihi

1710 2361 1901 2406 secundo
1925 2361 1978 2403 de
2003 2360 2200 2411 avaritia,
2246 2362 2318 2405 ubi
2344 2367 2684 2418 supermontem
2711 2362 2924 2415 ostenditfff

1709 2435 1853 2478 omnia
1872 2446 2002 2490 regna
2018 2434 2185 2482 mundi.
2210 2434 2254 2478 id
2268 2441 2334 2479 est
2354 2436 2554 2491 exposuit
2573 2435 2611 2479 ei
2627 2435 2809 2491 gloriam
2835 2444 2924 2494 mus

1708 2502 1749 2551 di
1770 2522 1782 2561 ;
1806 2508 1933 2552 tertio
1960 2507 2013 2551 dc
2057 2508 2278 2565 superbia,
2311 2516 2357 2552 ut
2376 2509 2590 2564 Jaetanter
2629 2521 2675 2553 se
2713 2507 2924 2557 ostenden

1707 2579 1864 2623 Filium
1890 2579 1985 2624 Dei.
2009 2579 2132 2624 Tune
2148 2581 2305 2635 abjecit
2332 2593 2430 2625 eum
2453 2571 2676 2631 Dominus,
2695 2586 2738 2624 et
2757 2591 2924 2636 consum

1706 2658 1823 2698 mata
1847 2653 1962 2698 omui
1988 2655 2226 2698 tentatione
2255 2654 2310 2698 ad
2353 2667 2480 2711 quam
2506 2659 2700 2704 venerat,
2724 2654 2924 2714 recessit}

1709 2718 2082 2771 cominoLaciser
2105 2725 2158 2769 ad
2196 2732 2382 2784 tempus.
2410 2727 2623 2784 ‘rentpore
2644 2727 2861 2784 passionis
2891 2728 2924 2790 q

1706 2799 1800 2850 dtit,
1825 2799 1981 2844 timore
2017 2800 2168 2843 mortis
2193 2807 2350 2858 putans
2373 2813 2470 2845 cum
2511 2800 2712 2856 dejicere.
2739 2799 2862 2843 Tunc
2881 2811 2924 2860 a!

1706 2875 1790 2915 tem
1811 2871 1989 2916 omnino
2024 2871 2238 2922 devictus,
2270 2872 2477 2929 religatus
2508 2877 2576 2916 est
2615 2872 2658 2914 in
2701 2867 2924 2932 insertion}

1705 2944 1858 3000 diebus
1902 2945 2157 2991 Antichristi
2207 2947 2466 3003 solvendus,
2506 2945 2744 2990 secundum
2787 2942 2924 3020 ΑῑιοηΙ

1704 3019 1861 3076 iypsim
1897 3018 2076 3064 loannis
2115 3019 2262 3077 (Apoc.
2287 3019 2379 3076 xx).
2425 3020 2676 3064 credendus
2710 3025 2776 3065 est
2813 3024 2924 3087 autq

1705 3093 1903 3137 diabolus
1922 3094 2110 3138 hominis
2143 3093 2434 3150 assumpsisse
2459 3093 2659 3145 formam,
2684 3094 2728 3136 in
2750 3105 2834 3150 qua

1704 3165 1867 3208 minum
1890 3165 2234 3217 circumducere,
2259 3174 2299 3210 et
2322 3167 2511 3222 colloqui
2550 3170 2694 3223 posset
2718 3165 2775 3210 ei.
2799 3163 2879 3210 uu·

1704 3245 1846 3284 autem
1866 3248 2060 3284 extremo
2080 3240 2148 3284 die
2167 3240 2321 3296 jejunii
2341 3241 2434 3285 solo
2467 3252 2619 3284 omues
2645 3239 2771 3284 sactae
2795 3238 2889 3283 fuer

1702 3315 1979 3366 tentationes,
2004 3325 2057 3356 an
2082 3325 2160 3368 per
2183 3313 2346 3366 aliquot
2373 3312 2468 3356 dies
2513 3318 2743 3371 sequentes
2772 3311 2903 3369 sepa

1699 3384 1794 3439 tim,
1820 3386 1929 3429 nihil
1950 3385 2130 3429 interest
2148 3393 2296 3430 nostra
2318 3386 2448 3430 scire.
2470 3384 2684 3441 Jejnnavit
2707 3393 2848 3430 autem
2870 3382 2913 3445 D]

1699 3458 1843 3503 minus
1867 3459 1909 3502 in
1933 3459 2123 3510 deserte,
2160 3458 2272 3514 qnod
2313 3464 2381 3502 cst
2419 3459 2530 3502 inter
2575 3456 2863 3509 Hierusalem,
2906 3471 2914 3509 l

1696 3529 1871 3574 Jericho
1895 3535 1925 3574 ·.
1971 3531 2178 3587 Exemplo
2212 3543 2317 3574 sane
2339 3531 2477 3586 ipsius
2526 3530 2598 3574 hic
2619 3541 2825 3574 numeros
2858 3527 2913 3593 dij

1698 3615 1793 3646 rum
1816 3604 1860 3646 in
1881 3603 2074 3647 Ecclesia
2098 3602 2408 3659 pmnitentialis
2425 3607 2507 3651 est,
2528 3601 2642 3646 unde
2663 3607 2706 3646 et
2734 3608 2832 3657 post
2850 3597 2894 3719 Γ]

1696 3673 1898 3729 phaniam
1924 3686 2007 3717 non
2038 3676 2183 3718 statim
2205 3674 2374 3730 jejunum.
2410 3673 2618 3724 Ecclesia,
2661 3673 2752 3717 sed.
2774 3674 2889 3736 cire}

1698 3754 1795 3805 post
1813 3749 2035 3804 sexaginta
2061 3747 2172 3798 dies,
2207 3747 2332 3804 quasi
2358 3748 2455 3804 ipso
2500 3753 2693 3803 tempore
2735 3747 2886 3804 jejunit

1697 3833 1824 3865 suum
1845 3822 2171 3867 consecutivum
2190 3821 2343 3877 JeJ'unii
2367 3821 2579 3865 Dominici
2595 3819 2857 3878 significans.
2876 3807 2884 3828 ‘

1696 3895 1778 3939 lzoc
1799 3907 1986 3951 quoquc,
2019 3903 2166 3951 ut‚per
2186 3895 2479 3950 poenitentiam
2498 3893 2778 3938 ostendamur
2793 3904 2817 3935 a

1695 3967 1797 4012 dere
1820 3969 1873 4011 ad
1891 3970 2100 4024 requiem,
2123 3969 2236 4013 sieut
2278 3968 2651 4026 quadragenarius
2671 3967 2875 4018 ascendit.

1694 4041 2130 4097 quinquagenarium.
2156 4040 2233 4085 Est
2267 4040 2383 4089 enim
2422 4052 2630 4084 numerus
2672 4039 2882 4097 superabo

1695 4113 1821 4163 dans,
1847 4119 1890 4156 et
1915 4114 2186 4170 congregatis
2207 4113 2410 4157 omnibus
2433 4115 2525 4157 suis
2549 4113 2745 4169 partibus
2767 4108 2877 4157 com'

1694 4186 1817 4229 ribus
1842 4186 2038 4230 ascendit
2054 4186 2109 4229 ad
2133 4185 2464 4244 quinquaginta.

1750 4262 1763 4277 ⁶
1785 4258 1960 4302 Additio
1987 4260 2029 4302 l.
2055 4259 2258 4303 Secundo
2277 4257 2420 4315 lapide
2460 4271 2486 4302 a
2525 4257 2714 4311 Jericho,
2737 4258 2812 4316 qui
2832 4269 2878 4314 qt

1692 4337 1870 4377 rentana
1897 4331 2454 4388 dicitur.Subquarentana
2483 4330 2564 4375 suit
2594 4332 2757 4375 rivulus
2791 4330 2875 4380 sont

1681 4417 1811 4463 quem
1835 4403 2000 4450 sanavit
2021 4402 2215 4449 Eiisaeus.
2250 4402 2447 4450 Secundo
2473 4403 2677 4448 milliario
2693 4415 2718 4448 e
2756 4414 2838 4460 qua
