2924 4588
343 94 454 143 ¹37⁹

1354 75 1517 124 PETRI
1546 74 1892 122 comistoms

2787 81 2804 125 l
2812 80 2897 128 580

298 180 569 246 Bethsaida
600 177 791 236 quinque
812 170 1004 231 porticus
1027 166 1266 219 liabens,1n
1286 164 1444 222 quibus
1460 163 1580 220 jace·
1603 168 1637 213 Α
1661 161 2116 210 Csv.1„xxxttt.l¹e
2147 162 2365 217 resectione
2398 171 2577 221 quatuor
2617 166 2832 220 ailtium;
2858 174 2910 214 et

342 259 352 298 t
367 264 413 300 at
426 250 657 298 multitudo
672 245 986 303 languentium,
1003 238 1343 298 exspectantium
1357 248 1478 293 aquae
1490 246 1579 280 mo-

340 336 457 379 tuin;
489 322 666 378 angelus
682 309 1138 382 enim‘descendebat
1129 322 1174 353 ιιι
1190 320 1282 352 eam
1302 306 1573 364 quandoque,

339 402 380 436 (t
396 392 648 435 movebatur
669 389 797 445 aqua,
814 389 857 429 et
878 379 952 440 q'ui
976 383 1140 438 primus
1160 385 1258 435 post
1278 389 1400 432 aquae
1413 381 1578 420 motum

340 452 808 511 descendebat'in‘eam
825 490 838 509 ,
861 467 993 502 sanus
1016 454 1144 499 flebat
1175 466 1199 496 a
1223 461 1478 507 quacunque
1505 449 1580 493 de·

339 525 1084 581 linereturinfirmitateavrobaton
1096 523 1244 568 Graece
1259 553 1271 572 ,
1295 520 1445 564 Latine
1475 519 1578 563 ovis.

342 608 415 652 Sic
444 618 546 664 ergo
569 601 683 650 dicta
715 600 824 653 stat,
848 598 951 656 quia
970 597 1025 641 tin
1066 608 1116 641 ea
1152 592 1393 638 Nathinnaei
1414 591 1581 636 hostias

344 680 543 724 lavabant
563 681 596 721 ⁶.
631 674 750 719 Solet
776 677 920 716 autem
952 669 1133 713 collecta
1176 665 1461 723 aqua‘pisces
1491 675 1579 708 non

341 753 521 799 hahens,
547 748 712 805 piscina
739 744 843 796 dici,
862 739 991 801 'quasi
1012 753 1091 798 pet·
1110 737 1392 784 contrarium.
1412 735 1474 782 De
1500 736 1581 780 hac

341 822 546 872 motione,
569 820 781 863 incertum
804 822 871 860 est
891 812 1066 872 quando
1076 809 1275 867 coeperit.
1293 807 1419 861 Quod
1438 814 1580 851 autem

341 897 553 939 incertum
574 895 705 941 essct,
733 886 912 945 quando
933 884 1098 930 moveri
1122 882 1333 933 debebat,
1355 880 1457 924 inde
1480 890 1582 936 per·

343 967 560 1024 penditur,
583 963 699 1020 quod
736 958 929 1017 languidi
967 968 1136 1013 semper
1173 961 1297 999 erant
1329 952 1407 1005 ibi,
1432 964 1507 1009 qut
1528 950 1582 994 ad

343 1044 506 1082 certam
527 1035 676 1078 horam
701 1031 983 1076 convenirent
1000 1035 1167 1071 tantum
1194 1026 1231 1071 si
1254 1024 1457 1070 sciretur.
1477 1021 1583 1065 'rr-a

341 1109 457 1153 ditur
480 1120 505 1150 a
524 1104 783 1163 quibusdam
812 1102 928 1159 quod
964 1101 1112 1156 regina
1145 1098 1257 1143 Saba
1279 1093 1396 1142 vidit
1423 1096 1467 1139 in
1493 1094 1585 1150 spi-

2099 227 2252 273 septent
2273 220 2466 274 panibus.

1717 318 1733 342 ο
1759 304 1812 348 Et
1835 305 1996 351 relictis
2020 306 2108 350 illis
2140 307 2296 350 iterum
2335 308 2442 352 abiit
2478 321 2605 354 secus
2641 322 2759 355 mare
2785 295 2919 357 Gali·>

1663 376 1749 420 laeoe
1789 377 1833 420 in
1869 377 2101 421 desertum.
2124 378 2319 435 Cumque
2356 380 2481 424 turba
2504 382 2640 425 multa
2671 382 2732 426 ibi
2765 384 2924 437 esset,'

1663 450 1723 493 ait
1751 449 1978 504 discipulis
2012 464 2021 492 :
2064 440 2270 494 Misereor
2309 462 2440 506 super
2474 451 2666 505 turbam,
2689 454 2791 511 quia
2810 453 2903 511 iam

1663 522 1809 566 triduo
1830 522 2046 566 sustinent
2078 535 2173 576 me,
2198 535 2277 566 nec
2300 524 2459 568 habent
2494 527 2598 582 quid
2622 527 2912 583 manducent..

1663 593 1860 649 C'umque
1888 595 2130 649 accepisset
2165 607 2188 637 a
2223 594 2448 652 discipulis
2483 586 2647 654 septem
2685 596 2835 655 panes,
2856 585 2924 656 ets,

1662 665 1897 721 pisciculos
1917 677 2096 721 paucos,
2119 667 2323 723 praecepit
2355 673 2401 711 ut
2423 667 2745 714 discumberent
2773 681 2908 728 super

1663 741 1823 779 terram
1850 734 2022 792 (Mateta.
2050 750 2132 791 xv;
2157 736 2296 782 Marc.
2322 738 2437 796 vin).
2468 754 2483 781 ι
2513 737 2642 784 Forte
2669 740 2714 784 in
2738 741 2905 786 aliare-

1663 805 1849 851 sectione
1870 808 1987 852 circa
2019 808 2197 865 pascha,
2224 809 2366 853 adhuc
2386 818 2477 854 erat
2502 811 2635 854 herba
2661 824 2792 869 super
2814 818 2918 859 ter-.

1662 890 1771 930 ram,
1798 890 1916 924 nunc
1948 885 2092 925 autem
2115 893 2195 938 pro
2218 881 2386 926 fervore
2407 888 2531 927 terrae
2552 883 2685 936 illius,
2703 884 2795 941 jam
2817 897 2906 930 non

1661 955 1755 993 erat
1781 950 1840 994 ibi
1859 951 2010 1004 herba,
2039 953 2139 1008 quia
2161 961 2257 1008 post
2278 953 2561 1000 Pentecosten
2595 964 2706 1007 erat,
2729 962 2778 1000 ut
2796 965 2908 1013 p‘rae·

1662 1023 1865 1068 dlximus.
1896 1022 2073 1070 Satiatis
2100 1031 2243 1069 autem
2267 1033 2454 1082 quatuor
2481 1028 2672 1073 millibus
2694 1030 2904 1084 virorum,

1665 1098 1830 1152 absque
1854 1099 2107 1143 mulieribus
2123 1131 2134 1150 ,
2157 1106 2199 1143 ct
2222 1102 2442 1156 parvulis,
2467 1102 2520 1146 dc
2546 1103 2798 1160 fragmentis
2824 1105 2907 1151 im-

342 1187 428 1228 ritu
452 1183 495 1226 in
512 1182 640 1226 domo
658 1180 810 1228 saltus,
835 1188 933 1234 quae
948 1173 1134 1219 Nethota
1155 1171 1397 1223 dicebatur,
1422 1170 1582 1226 lignum
1665 1173 1886 1227 piei-crunt
1909 1179 2070 1227 septem
2107 1180 2297 1229 sportas.
2320 1172 2398 1218 Est
2420 1181 2560 1218 autem
2587 1182 2732 1232 sporta
2757 1189 2832 1222 ras
2853 1177 2924 1226 de.

343 1255 578 1300 Dominicae
615 1251 780 1302 crucis,
819 1255 862 1295 et
895 1246 1110 1292 nuntiavit
1134 1242 1354 1289 Salomoni
1377 1250 1475 1287 cum
1495 1241 1584 1296 iam

344 1328 597 1374 recessisset
630 1325 686 1370 ab
721 1335 791 1372 eo,
814 1320 932 1380 quod
954 1320 998 1364 in
1033 1331 1085 1364 eo
1118 1323 1360 1362 moreretur
1392 1314 1584 1373 quidam,

343 1412 422 1457 pro
443 1412 530 1456 quo
552 1398 697 1445 occiso
717 1394 910 1452 perirent
933 1391 1088 1443 ludaei,
1114 1395 1158 1436 et
1181 1388 1410 1450 perderent
1439 1387 1583 1431 l‘ocum

342 1479 385 1517 et
400 1477 568 1530 gentem
590 1469 732 1527 (Joan.
756 1467 836 1525 xi).
860 1465 985 1520 Quod
1005 1464 1161 1508 timens
1179 1462 1399 1511 Salomon,
1423 1457 1588 1503 defodit

343 1545 448 1590 illud
471 1545 514 1588 in
538 1549 670 1594 terra,
697 1541 768 1584 ubi
793 1545 892 1597 post
915 1537 1029 1584 tacta
1050 1543 1117 1582 est
1134 1533 1316 1591 piscina.
1339 1530 1586 1590 Appropin-

343 1623 503 1675 quante
525 1621 667 1659 autem
686 1621 882 1669 tempere
899 1610 1117 1670 passionis
1147 1606 1328 1659 Christi,
1354 1613 1587 1662 superena-

285 1699 292 1704 ’
342 1689 464 1742 tavit,
489 1687 612 1744 quasi
630 1685 925 1742 praenuntians
946 1682 1187 1732 Christum,
1206 1686 1249 1725 et
1270 1679 1426 1724 exinde
1454 1678 1588 1733 coepit

343 1761 475 1805 motio
494 1759 715 1817 praedicta.
738 1755 822 1800 Sed
843 1756 926 1802 hoc
948 1751 1036 1799 non
1058 1758 1124 1798 est
1147 1752 1460 1797 authenticum.
1479 1749 1585 1794 Cum

343 1841 485 1878 autem
516 1837 712 1877 sanasset
745 1829 802 1874 ibi
841 1827 967 1874 Jesus
1000 1826 1216 1871 hominem
1251 1824 1482 1867 habentem
1508 1822 1588 1865 tri-

335 1907 462 1964 ginta
489 1912 531 1950 et
553 1912 650 1948 octo
678 1915 814 1947 annos
846 1902 892 1945 in
915 1900 1163 1944 infirmitate
1184 1910 1280 1948 sua,
1304 1896 1507 1954 praecepit
1528 1895 1586 1948 ei,

342 1986 391 2024 ut
428 1980 598 2024 tolleret
640 1978 865 2035 grabatum
903 1987 1048 2027 suum,
1083 1978 1128 2018 et
1164 1973 1254 2016 ibat
1286 1971 1430 2016 serens
1464 1970 1584 2014 illud.

340 2051 576 2097 Grahatum
601 2057 668 2094 est
691 2050 829 2093 lectus
866 2056 1120 2103 pauperum,
1147 2043 1218 2087 ubi
1250 2048 1418 2086 tantum
1456 2041 1587 2098 capiti

342 2123 508 2182 aliquid
530 2123 793 2166 substratum
814 2125 899 2174 est,
915 2119 1078 2164 dictum
1096 2128 1120 2160 a
1137 2117 1270 2174 graba
1285 2114 1451 2166 Graeco,
1471 2114 1589 2171 quod

343 2202 411 2241 est
451 2201 589 2251 caput.
609 2193 712 2236 F-rat
747 2199 887 2236 autem
924 2190 1174 2235 Sabbatum
1201 2203 1215 2228 ι
1254 2187 1459 2232 Dicebant
1486 2199 1590 2244 ergo

342 2265 517 2311 Jiidaet.
539 2265 632 2309 Non
658 2264 757 2308 lieet
781 2263 877 2323 tibi,
910 2262 1062 2306 tollere
1082 2261 1305 2317 grabatum
1336 2267 1472 2305 tuum
1499 2259 1580 2312 Qui
1603 2287 1636 2332 c

341 2338 602 2394 respondit:
628 2336 710 2388 Qui
741 2348 810 2378 me
835 2334 1018 2384 sanarit,
1051 2331 1159 2375 dixit
1190 2339 1238 2374 ut
1266 2331 1370 2375 irem
1394 2338 1436 2375 et
1459 2332 1583 2375 tolle·

342 2423 435 2455 rem
468 2409 589 2453 illud.
623 2408 817 2464 Cumque
851 2406 1109 2463 quaesissent
1144 2405 1242 2461 quis
1269 2410 1337 2449 cst
1364 2405 1470 2450 ille?
1501 2404 1586 2448 Re-

343 2484 519 2541 spondit
541 2496 552 2524 :
578 2482 749 2528 Nescio.
770 2482 872 2527 Post
896 2481 1059 2525 invenit
1082 2493 1179 2525 eum
1200 2479 1326 2525 Jcsus
1344 2481 1386 2524 in
1409 2481 1583 2536 templo,

343 2563 387 2602 et
409 2556 517 2600 dixit
543 2556 583 2600 'ei
611 2568 623 2598 :
650 2555 790 2599 Sanus
813 2554 955 2598 lactus
975 2566 1024 2598 es
1039 2585 1051 2605 ,
1083 2553 1171 2609 jam
1202 2553 1292 2597 noli
1316 2565 1512 2615 peccare.
1532 2564 1588 2596 ne

342 2628 540 2673 deterius
571 2626 650 2671 tibi
688 2626 929 2687 contingat.
952 2623 1083 2669 Tunc
1100 2624 1235 2669 homo
1273 2625 1489 2668 nuntiavit
1510 2622 1588 2668 Ju

345 2701 470 2752 daeis,
496 2700 609 2756 quod
632 2698 759 2744 iesus
780 2711 877 2742 cum
900 2699 1143 2742 sanaverat.
1342 2704 1351 2756 ἰ

403 2773 612 2817 Additio
633 2772 675 2817 1.
703 2770 947 2815 Natbinuaei
964 2777 1089 2815 erant
1110 2782 1234 2826 aquae
1256 2770 1324 2825 baj
1359 2769 1388 2813 li
1414 2770 1457 2813 in
1479 2775 1588 2814 tem·

347 2846 434 2904 plo,
466 2845 581 2902 quod
619 2843 805 2888 officium
839 2843 1146 2894 subdiacones,
1186 2854 1313 2899 aquai
1370 2843 1586 2888 sacerdoti

348 2919 660 2968 ministrantes,
687 2918 863 2962 habent.

373 2987 479 3034 Car.
505 2988 710 3033 Lxxxtt.
737 2988 796 3031 De
831 2987 920 3031 zelo
956 2986 1200 3039 Judaeorum
1227 2987 1336 3046 {uod
1366 2987 1558 3033 Christus

726 3042 884 3087 Filium
910 3043 988 3086 Dei
1009 3057 1050 3087 se
1074 3045 1204 3087 dixit

408 3148 423 3175 ι
453 3134 559 3178 Cum
592 3145 693 3190 ergo
732 3140 964 3189 arguerent
997 3146 1127 3186 eum,
1166 3134 1282 3191 quod
1322 3133 1366 3178 in
1395 3133 1585 3179 Sabbato

347 3207 579 3265 operabat,
606 3207 667 3250 ait
687 3206 773 3250 illis
798 3222 808 3248 ;
843 3206 971 3250 Pater
1005 3218 1152 3258 meus,
1179 3219 1318 3264 usque
1340 3207 1468 3251 modo
1492 3219 1591 3263 ope·

347 3283 485 3331 ratur,
509 3285 552 3322 et
582 3290 662 3335 ego
687 3290 842 3334 operor
860 3276 1004 3334 (Joan
1024 3278 1094 3336 v);
1127 3295 1140 3320 ι
1165 3279 1288 3335 quasi
1313 3278 1466 3323 dicat·
1494 3278 1589 3323 Non

1661 1244 1807 1299 iuncis
1834 1250 1876 1288 et
1901 1244 2014 1288 soliis
2039 1245 2281 1299 palmarum
2305 1251 2571 1292 contextum.

1895 1314 1998 1363 Car.
2023 1315 2249 1362 Lxxxtv.
2269 1316 2331 1362 De
2352 1316 2534 1374 quodam
2551 1331 2675 1364 caeco.

1725 1402 1740 1430 ι
1767 1387 2081 1434 Et‘ascendens
2101 1387 2227 1433 Jesus
2252 1389 2399 1434 navim
2423 1400 2522 1433 cum
2542 1388 2768 1449 discipulis
2788 1393 2907 1439 venit

1666 1461 1710 1505 in
1745 1467 1909 1517 partem
1951 1461 2157 1516 Magcdon
2181 1460 2354 1518 (Mami.
2390 1461 2500 1518 xvi).
2526 1461 2733 1509 Eumdem
2764 1466 2919 1514 locum.

1666 1540 1790 1578 vocat
1814 1532 1985 1578 Marcus
2017 1534 2272 1578 Dalmanuta
2297 1531 2461 1588 (Μαι-ιτ.ι
2479 1534 2595 1596 vin),
2625 1552 2641 1579 ι
2663 1539 2765 1595 quia
2787 1540 2911 1583 bino·

1669 1607 1782 1651 mins
1803 1613 1912 1659 erat,
1943 1621 1957 1647 ι
1984 1612 2027 1649 et
2058 1606 2179 1650 obliti
2204 1611 2304 1650 sunt
2333 1607 2536 1664 discipuli
2570 1601 2723 1654 tollere
2744 1622 2906 1668 panes,

1666 1685 1709 1723 ct.
1741 1679 1916 1724 docebat
1942 1691 2017 1723 eos
2042 1694 2053 1723 :
2080 1679 2237 1723 Cavete
2269 1690 2293 1723 a
2327 1677 2541 1725 fermento
2570 1680 2917 1738 Pharisaeorum,

1667 1758 1709 1796 et
1748 1751 2102 1802 Sadducoeorum,
2142 1758 2184 1795 et
2216 1751 2412 1797 Herodis.
2447 1767 2463 1794 ι
2489 1753 2684 1811 Cumque
2706 1759 2914 1811 putarent

1668 1837 1715 1870 se
1737 1826 1867 1869 tacite
1893 1830 2068 1869 notatos
2085 1825 2138 1868 de
2158 1837 2316 1882 panum
2340 1826 2572 1879 oblivione,
2594 1828 2736 1885 arguit
2756 1840 2832 1875 eos
2853 1829 2910 1875 de

1668 1897 1917 1943 modicitate
1939 1897 2052 1949 lidei,
2084 1898 2202 1954 qnia,
2219 1910 2271 1942 eo
2292 1905 2521 1954 praesente,
2549 1899 2758 1945 timebant
2780 1914 2922 1959 possa

1666 1982 1809 2026 egere.
1843 1967 2090 2013 Secundum
2126 1969 2315 2013 Marcum
2344 1971 2600 2014 illuminavit
2624 1972 2695 2016 hic
2726 1985 2906 2020 caecum.

1670 2041 1754 2085 Sed
1777 2042 1831 2085 dc
1867 2041 2082 2086 similibus
2112 2040 2270 2085 suflicit
2294 2042 2421 2086 nobis
2442 2042 2584 2098 aliqua
2607 2054 2790 2099 ponere,
2813 2043 2909 2091 Atia

1669 2113 1922 2164 transimus,
1940 2114 2039 2169 quia
2065 2113 2361 2156 concanonica
2386 2118 2487 2156 sunt
2521 2113 2621 2157 illis.

1668 2201 1770 2248 Car.
1796 2201 2000 2248 LXXXV
2039 2202 2097 2247 De
2118 2203 2374 2259 confessione
2411 2204 2535 2260 fidei,
2560 2203 2805 2274 quemfecit
2827 2204 2924 2250 Pe-ss

2082 2266 2174 2302 trus
2195 2272 2271 2314 pro
2294 2261 2498 2304 omnibus.
2918 2297 2924 2310 .,

1728 2346 1740 2373 ι
1770 2330 1898 2375 Venit
1921 2337 2066 2375 autem
2089 2330 2248 2376 Jesus
2239 2346 2281 2374 ιιι
2307 2339 2452 2389 partes
2481 2332 2687 2377 Caesareae
2723 2331 2922 2392 Ptiitippi.

1667 2402 1839 2459 (ΜαιιΙι
1876 2403 2351 2460 xv13Marc.vttt).u
2375 2403 2599 2461 Philippus
2636 2404 2682 2448 in
2725 2404 2911 2450 terminu

1665 2477 1822 2521 Judaeoe
1871 2479 2200 2534 septentrionali
2254 2481 2481 2524 constituit
2527 2480 2609 2531 sibi
2659 2480 2911 2534 civitatem,

1668 2564 1795 2608 quam
1828 2552 1998 2596 vocavit
2033 2551 2277 2598 Caesaream
2315 2540 2524 2610 Philippi,
2575 2555 2619 2597 in
2655 2554 2908 2600 memoriam

1667 2624 1845 2678 Tiberii,
1862 2632 1904 2669 et
1926 2626 1993 2670 sui
2018 2625 2225 2678 nominis,
2251 2631 2294 2670 et
2320 2631 2387 2670 est
2414 2626 2460 2669 in
2485 2625 2659 2682 regione
2690 2625 2910 2670 Phoeuicis

1667 2699 1737 2743 ubi
1758 2699 1811 2743 ad
1837 2699 2027 2744 radicem
2063 2698 2215 2742 Libani
2251 2698 2454 2747 oriuntur
2474 2698 2562 2744 duo
2584 2699 2744 2752 sontes,
2768 2696 2844 2743 lor
2866 2707 2924 2746 et.

1666 2772 1776 2825 Dan,
1803 2785 1989 2829 quorum
2011 2772 2142 2818 rivuli
2167 2773 2319 2817 sociati
2362 2774 2444 2819 sub
2477 2775 2697 2819 montibus
2720 2773 2909 2825 Gelboe,

1668 2844 1749 2891 sub
1771 2845 1878 2889 urbe
1901 2843 2060 2898 Cedar,
2086 2857 2214 2895 secus
2251 2845 2523 2891 medicabilia
2556 2847 2724 2900 balnea,
2755 2845 2924 2908 Jorda-3‘

1668 2929 1768 2962 nem
1792 2918 1973 2961 faciunt.
2003 2915 2089 2962 Sed
2113 2924 2156 2962 et
2176 2930 2336 2963 nomen
2357 2918 2452 2974 ejus
2473 2930 2524 2964 ex
2546 2920 2639 2964 suis
2663 2918 2911 2964 nominibus

1668 2991 1794 3048 qnasi
1828 2996 2114 3048 componunt.
2150 2989 2314 3036 Tamen
2348 2989 2638 3049 Hieronymus
2668 2991 2777 3036 dixit
2806 2993 2913 3049 qnia

1671 3063 1826 3107 civitas
1853 3062 1927 3112 illa
1956 3062 2059 3107 olim
2099 3063 2216 3107 dicta
2256 3070 2321 3107 est
2352 3063 2443 3107 Dan
2462 3095 2474 3115 ,
2497 3065 2570 3108 ubi
2604 3065 2786 3109 vitulum
2830 3076 2911 3108 au·

1670 3147 1792 3179 rcum
1823 3133 1969 3190 posuit
1998 3132 2257 3187 Jeroboam,
2293 3147 2316 3177 a
2342 3147 2426 3191 qua
2464 3136 2585 3181 rivus
2617 3135 2910 3192 praetcrllucns

1671 3204 1815 3247 dictus
1837 3208 1904 3247 est
1932 3202 2152 3255 Jordanis.
2178 3204 2302 3260 quasi
2329 3218 2381 3249 ex
2408 3206 2585 3250 nomine
2609 3205 2742 3251 sontis
2775 3213 2818 3252 et
2846 3208 2911 3250 ci·

1671 3278 1815 3322 sitatis
1849 3275 2192 3342 cognominatus.
2219 3278 2380 3322 Civitas
2410 3279 2560 3323 eadem
2601 3292 2716 3324 nunc
2743 3279 2910 3346 Paneas

348 3362 426 3397 sex
442 3350 536 3395 dies
555 3355 723 3393 tantum
748 3355 949 3406 operatus
971 3356 1040 3394 cst
1061 3350 1206 3402 Pater,
1235 3356 1281 3394 ut
1307 3351 1488 3407 putatis,
1512 3351 1589 3396 sed
1614 3363 1648 3407 ι)
1671 3351 1844 3394 dicitur.
1890 3347 2103 3405 Josephus
2150 3349 2254 3394 dicit
2290 3350 2403 3393 ultra
2449 3350 2687 3396 Caesarcam
2738 3341 2908 3398 centum

348 3434 519 3479 semper
541 3428 748 3479 operatur
771 3422 900 3473 Deus,
924 3423 1222 3478 gubernando,
1251 3424 1516 3477 renovando,
1541 3429 1589 3468 ut

350 3501 631 3559 permaneant
669 3495 872 3546 condita,
914 3507 1012 3538 eum
1048 3508 1134 3551 quo
1161 3507 1240 3552 ego
1270 3507 1458 3552 operor:
1487 3509 1587 3552 ergo

351 3569 511 3611 bonum
529 3575 599 3612 ⁴est
620 3567 740 3625 quod
765 3579 860 3622 ago.
884 3565 1065 3611 Constat
1089 3580 1194 3623 ergo
1214 3581 1313 3612 esse
1338 3581 1589 3614 sacramen-

351 3647 458 3690 tum,
484 3639 599 3695 quod
637 3639 692 3683 de
727 3640 878 3695 requie
918 3638 1096 3683 Sabbati
1138 3640 1306 3694 legitur.
1355 3640 1587 3698 Propterea

348 3723 451 3768 ergo
485 3712 622 3767 magis
657 3712 907 3767 quaerebant
940 3710 1183 3757 interlicere
1206 3711 1348 3761 illum,
1371 3712 1474 3779 quia
1506 3710 1590 3756 Pa-

350 3791 456 3828 trem
482 3796 605 3827 suum
631 3779 979 3838 dicebat-Deum:
1010 3798 1024 3824 ι
1053 3782 1124 3826 Ait
1144 3785 1300 3828 iterum
1323 3781 1452 3830 Iesus
1476 3797 1487 3827 z
1511 3784 1596 3829 Pa:

350 3861 416 3897 ter
438 3853 575 3908 diligit
601 3852 777 3904 Filium,
808 3853 942 3898 Filius
959 3886 971 3906 ,
1005 3866 1115 3911 quos
1141 3855 1254 3907 vult,
1275 3855 1482 3909 viviticat,
1507 3869 1588 3901 nec

350 3927 475 3970 Pater
496 3926 662 3981 iudicat
684 3938 960 3982 quemquam,
987 3928 1061 3971 sed
1085 3940 1212 3972 omne
1231 3926 1443 3984 judicium
1469 3929 1590 3975 dedit

349 3997 475 4049 Filio,
508 4014 520 4039 ι
549 3998 652 4053 quia
674 4003 715 4041 ct
745 3998 865 4041 solus
887 3991 1042 4046 {Filius
1079 4002 1196 4043 venit
1232 4000 1276 4043 in
1314 4013 1516 4052 carnem,
1536 3994 1588 4046 'ut

347 4069 563 4125 judicaret
587 4067 819 4119 mundum,
840 4068 882 4113 id
912 4075 979 4113 est
1007 4077 1227 4126 argueret,
1254 4079 1296 4115 et
1321 4078 1419 4127 post
1443 4073 1486 4115 in
1517 4073 1589 4127 ju-

351 4141 466 4184 dicio
492 4141 581 4184 sola
609 4139 705 4183 Filii
741 4151 927 4197 persona
960 4142 1183 4198 apparebit
1214 4143 1440 4197 judicans,
1465 4149 1507 4186 et
1549 4143 1586 4186 si

352 4225 435 4267 qua
470 4211 713 4270 proferetur
749 4224 774 4255 a
802 4211 949 4267 judice
981 4205 1228 4264 sententia,
1255 4215 1441 4270 proferet
1474 4227 1583 4259 eam.

352 4283 636 4338 Praedixitque
659 4284 722 4328 eis
746 4283 862 4339 quod
900 4284 1027 4335 alius,
1056 4283 1097 4328 id
1120 4292 1186 4329 est
1206 4287 1496 4331 Antichristus
1514 4300 1587 4332 ve-

353 4343 463 4401 niret
474 4368 557 4399 non
569 4357 611 4398 in
623 4339 793 4404 nomine
803 4355 961 4411 Patris,
975 4357 1051 4402 sed
1066 4370 1158 4402 suo.
1169 4363 1212 4401 et
1222 4370 1315 4401 euin
1332 4360 1583 4415 reciperent.

1669 3421 1820 3477 viginti
1851 3413 2004 3466 stadiis
2039 3420 2255 3465 modicum
2297 3422 2436 3465 lacum
2469 3434 2582 3474 esse,
2617 3423 2737 3479 quia
2759 3417 2909 3468 rotun·⁴

1667 3494 1800 3554 ditate
1824 3492 1972 3539 Phiala
2010 3494 2170 3538 dicitur
2195 3506 2364 3550 semper
2402 3495 2582 3550 plenus.
2611 3502 2653 3540 et
2687 3508 2908 3555 nunquam

1667 3568 1926 3612 exuberans.
1952 3566 2011 3611 lbi
2042 3566 2182 3610 oritur
2198 3566 2415 3618 Jordanis,
2453 3574 2498 3612 et
2524 3569 2653 3624 paulo
2684 3575 2783 3625 post
2820 3575 2907 3614 ter-

1667 3651 1760 3682 ram
1781 3639 1931 3696 ingred
1952 3645 2038 3690 tur,
2062 3645 2105 3683 et
2139 3639 2194 3683 ad
2216 3627 2583 3684 radicem'Lihani
2602 3640 2767 3691 ebullit,
2790 3640 2910 3701 quod·

1667 3713 1834 3769 primus
1856 3710 2083 3768 Philippus
2108 3712 2327 3756 tetrarcha
2348 3711 2649 3771 deprehendit.
2669 3712 2776 3756 Nam
2800 3715 2907 3759 mis·
2922 3759 2924 3762 Α

1666 3782 1732 3829 εἰει
1762 3784 1806 3828 in
1843 3783 2035 3827 Phialam
2074 3783 2227 3839 paleis,
2261 3795 2336 3828 eas
2370 3783 2485 3840 apud
2518 3782 2684 3828 Paneas
2717 3785 2911 3855 redditas

1665 3854 1845 3917 invenit.
1891 3853 1963 3899 Sic
1999 3854 2215 3911 Josephus
2244 3862 2372 3899 vocat
2407 3855 2569 3900 sontem
2611 3856 2694 3900 sub
2723 3831 2924 3903 Libano..

1667 3925 1779 3972 Dicit
1798 3927 1928 3972 etiam
1952 3939 2082 3982 super
2110 3926 2374 3979 Seleuciam,
2406 3939 2460 3972 ex
2492 3928 2678 3995 quodam
2709 3929 2803 3972 lacu
2826 3940 2906 3976 na,

1670 4001 1734 4046 sci
1760 4004 1913 4052 rivum,
1936 4013 2062 4056 quem
2096 4007 2223 4045 vocat
2261 3999 2471 4045 minorem
2506 3997 2762 4051 Jordanem,
2785 4006 2924 4045 etex

1648 4072 1839 4117 'duobus
1866 4073 1972 4117 rivis
2012 4072 2066 4116 ad
2102 4073 2262 4124 locum,
2289 4071 2363 4127 qui
2400 4072 2562 4115 dicitur
2577 4085 2753 4133 aureum
2777 4072 2924 4117 Tem-

1669 4146 1786 4200 plum
1823 4144 1941 4190 lovis
1978 4144 2316 4198 confluentibus,
2340 4142 2543 4206 Jordanis
2576 4127 2814 4189 coniicitur
2850 4144 2924 4188 Et

1667 4217 1960 4273 interrogabat
1975 4216 2100 4263 lesus
2123 4217 2359 4273 discipulos
2384 4229 2503 4268 suos,
2527 4217 2706 4262 dicens:
2726 4232 2741 4258 ι
2766 4218 2901 4270 Quem

1666 4290 1816 4333 dicunt
1839 4289 2036 4334 homines
2052 4303 2147 4334 esse
2169 4288 2320 4332 Filium
2343 4289 2588 4333 hominist»
2603 4289 2769 4345 (Mami.
2791 4278 2923 4345 xvi.)

1636 4360 1774 4406 --Esse
1808 4360 1962 4406 Filium
1987 4361 2193 4421 homin-is,
2219 4361 2299 4406 soli
2322 4347 2496 4430 Christo
2511 4355 2740 4425 convenit.
2766 4359 2899 4406 Adam
