2924 4588
53 69 132 116 689
719 70 788 114 DE
818 66 1149 121 ’rmrAR‘rlTo
1179 68 1598 118 TABEBNACULO.
1630 96 1685 105 --
1710 71 1857 119 PARS
1886 73 1936 120 ll.
2483 111 2485 113 -
2522 81 2610 126 (290

52 163 243 219 ejusdem
276 159 429 203 domus
462 159 666 216 parictem
697 159 865 203 duobus
899 160 1074 210 cubitis,
1097 160 1170 214 qni
1202 171 1296 203 sese
1320 163 1352 207 Α
1378 160 1644 218 occidentem
1666 167 1856 219 argento
1877 164 2048 210 vestitis
2066 169 2237 218 erectis,
2262 168 2324 211 eis
2344 170 2529 214 tentoria
2556 173 2613 218 de

54 237 99 279 in
137 234 276 278 medio
310 233 502 286 ejusdem
532 233 708 288 parietis
734 232 960 284 excedunt,
995 233 1076 276 sihi
1111 233 1294 276 invicem
1374 232 1503 288 bysso
1518 239 1679 278 retorta
1702 247 1727 277 a
1749 237 1963 291 capitibus
1984 250 2132 282 eornm
2154 241 2384 294 argenteis,
2402 254 2538 298 usque
2559 236 2613 287 ad

54 307 399 362 superimpositis
431 307 568 361 usque
601 305 652 348 ad
679 308 837 349 terram
856 305 1070 374 cooperio,
1096 304 1196 360 qnia
1228 304 1296 346 ni-
1374 304 1502 349 bases
1531 318 1679 349 earum
1704 319 1848 352 aeneas
1871 309 2078 365 undique,
2109 311 2299 368 exceptis
2323 313 2407 356 illis
2428 321 2614 370 quatuor

0 415 1 426 ,
54 381 211 424 mitum
232 376 425 428 cortinae,
441 383 483 421 et
497 389 596 432 saga
609 382 670 419 tot
686 369 844 420 cubitis
859 372 1055 419 duorum
1067 376 1293 430 parietum,
1373 378 1604 430 columnis,
1642 392 1738 434 quae
1761 378 1805 424 iri
1828 381 1969 425 medio
2008 383 2187 427 orientis
2219 384 2352 429 latere
2378 391 2612 441 ponuntur,

55 534 121 567 ex
130 526 201 566 uti
204 532 313 579 aque
334 530 455 578 parte
477 529 517 566 et
542 523 586 565 in
610 523 790 572 oriente,
805 522 902 565 etin
925 522 1147 566 occidente
1164 522 1296 565 etiam

53 595 176 651 iuxta
194 602 353 639 terram
366 593 592 645 excedunt,
607 597 712 649 quot
729 593 897 637 cubitos
914 593 980 636 et
971 607 1014 636 ιιι
1028 599 1147 649 parte
1159 594 1298 638 orien-

55 667 150 719 tali,
170 666 277 712 etin
297 673 418 721 parte
440 661 708 718 occidentali;
731 665 776 707 in
789 657 1085 709 descendendo
1102 662 1260 712 habent
1285 681 1295 714 :

57 739 140 785 hoc
173 736 446 784 eet'cortin‘ae
485 738 691 795 quinque,
715 744 756 783 et
780 751 882 796 saga
916 739 1220 795 septemflree
1246 739 1302 783 de

57 814 239 873 caninis
263 813 305 856 et
327 813 456 868 sagis.

114 872 334 927 Lxxxm.
350 879 501 928 Adhuc
520 891 668 927 autem
683 884 768 927 (130
788 882 898 927 13510
914 881 1193 938 operImenta,
1212 895 1300 926 non

45 952 230 1013 *quidem
265 943 318 999 ad
354 956 558 1011 tegendos
600 956 784 1011 parietes
811 954 1096 1005 tabernaculi,
1124 954 1202 998 sed
1245 953 1301 997 ad

57 1023 336 1086 operiendum
359 1028 635 1072 solummodo·
650 1024 815 1071 tectum
832 1028 943 1082 eius,
966 1037 1149 1083 quorum
1167 1038 1301 1070 unum

58 1116 112 1147 ex
139 1103 321 1158 pellibus
348 1108 413 1147 es't
448 1103 628 1146 arietum
662 1101 923 1154 rubricatis;
961 1100 1075 1143 aliud
1109 1112 1211 1144 vero
1245 1113 1301 1144 ex

14 1216 17 1218 ,
59 1169 368 1231 hyacinthinis.
393 1165 444 1216 Et
467 1174 562 1218 'hoc
597 1174 723 1217 modo
743 1174 940 1224 cortinis,
962 1179 1002 1217 et
1023 1173 1154 1230 sagis,
1178 1173 1301 1229 pelli-

56 1333 190 1378 quam
225 1334 292 1374 ea,
328 1334 423 1378 quae
450 1322 561 1364 intra
591 1322 687 1366 illos
716 1327 832 1373 sunt,
857 1327 968 1377 tego.
995 1319 1080 1365 Sed
1103 1333 1183 1365 nec
1204 1333 1302 1364 cor-

58 1390 176 1447 tinae,
224 1399 303 1440 ne‘c
332 1409 449 1452 saga,
487 1408 565 1439 nec
599 1396 748 1451 pelles,
777 1394 831 1439 de
864 1394 1024 1451 quibus
1050 1401 1134 1438 tam
1171 1395 1304 1438 multa

60 1460 177 1511 dicta
199 1473 316 1517 sunt,
341 1469 466 1512 oculo
489 1467 702 1524 corporali
721 1468 764 1510 in
789 1467 974 1523 pictura,
998 1479 1093 1524 quae
1109 1467 1154 1510 in
1178 1467 1304 1523 plano

59 1540 191 1595 iacet,
209 1534 345 1585 videri
369 1547 580 1596 possunt;
605 1540 704 1596 quia
724 1546 766 1584 et
781 1541 960 1584 cortinae
979 1540 1093 1597 sagis
1118 1540 1304 1596 undique

62 1622 117 1656 te
141 1614 374 1668 appareant
393 1617 438 1654 ut
457 1624 588 1668 supra
610 1610 870 1655 sufficienter
887 1615 1108 1655 ostensum
1127 1618 1207 1661 est,
1228 1624 1304 1654 cx-

58 1679 201 1730 terius
231 1688 434 1740 teguntur
454 1716 465 1735 ,
487 1689 528 1727 ct
573 1693 674 1740 saga
715 1683 798 1727 sub
838 1683 982 1728 tribus
1005 1684 1242 1740 parietibus
1262 1685 1306 1727 in

63 1769 151 1800 uuo
173 1754 450 1813 pcr'planum
476 1753 737 1814 jacentibus,
771 1761 815 1799 et
840 1755 922 1799 su'b
942 1755 1128 1800 tentorio
1151 1755 1194 1799 in
1216 1757 1307 1811 pic-

47 1829 162 1872 tura
183 1826 234 1870 ad
247 1829 453 1872 orientem
476 1828 663 1881 Jacente,
691 1826 817 1882 quasi
835 1839 888 1871 ex
915 1820 1014 1870 'toto
1035 1827 1307 1871 abscondan-

49 1901 484 1960 ·tur,‘'intelliguntur.
504 1900 555 1942 Et
578 1905 738 1944 tectum
772 1892 981 1955 parietum
1010 1900 1113 1955 ipsis
1135 1901 1308 1956 parieti-

65 1970 146 2020 bus
185 1973 228 2018 in
265 1981 394 2031 plano
418 1974 596 2030 picturae
614 1966 977 2029 j'acentibu's'non
992 1973 1208 2027 cernitur;
1234 1973 1308 2016 scd

67 2049 157 2094 haec
189 2051 331 2094 omnia
360 2050 417 2093 ita
451 2055 496 2093 ut
529 2049 634 2100 dixi,
657 2054 700 2092 et
721 2040 864 2092 cordis
883 2038 1100 2099 intellectu
1128 2035 1314 2103 perpenss

67 2121 190 2181 dere,
209 2124 250 2166 et
262 2122 350 2165 boc
367 2121 501 2175 ,modo
525 2108 659 2166 fuisse
681 2120 723 2163 in
744 2119 837 2176 ipso
853 2116 1012 2165 'visibili
1033 2120 1307 2164 tabernaculo

67 2187 201 2253 lioys'i
223 2183 379 2240 debent
406 2196 517 2239 scire
554 2194 615 2237 illi
643 2181 866 2243 duntaxat,
898 2193 970 2250 qui
1008 2193 1152 2238 verius
1171 2193 1310 2253 Vene-

68 2265 272 2313 nerabilis
310 2268 449 2320 Bedac,
469 2280 563 2315 ouae
601 2267 655 2312 (15
685 2267 753 2311 1115
771 2267 913 2322 ponit,
945 2266 1070 2311 tidem
1092 2268 1307 2312 voluerint

51 2337 360 2423 ,indubitanter
375 2341 456 2385 adli
463 2340 593 2386 ibere

540 2428 719 2475 CAPUT
783 2430 833 2476 V,

139 2504 199 2548 De
225 2505 360 2556 atriis,
379 2510 419 2548 et
447 2505 632 2547 tentoriis
657 2505 878 2556 atriorum,
905 2513 942 2549 et
963 2519 1055 2563 quae
1072 2519 1116 2549 m
1132 2519 1234 2562 φειδ

467 2562 591 2605 atriis
607 2560 797 2615 ponenda
812 2562 911 2607 sint.

105 2622 335 2678 LXXXIV.
346 2633 480 2690 igitur
493 2634 518 2676 h
525 2647 576 2677 oc
589 2634 715 2677 modo
729 2645 803 2690 per
815 2638 1024 2692 parietum
1037 2635 1310 2686 erectionem,

72 2714 114 2751 et
136 2701 324 2763 ipsorum
346 2708 573 2751 tectionem
590 2707 780 2763 perlecto
795 2709 1074 2757 tabernaculo
1089 2740 1100 2759 ‚
1121 2709 1315 2764 apposita

0 2797 11 2831 γ
73 2776 219 2841 regula
241 2779 468 2837 quamdam
486 2793 683 2837 magnam
702 2780 1006 2836 quadraturam
1028 2781 1095 2825 bis
1111 2787 1199 2826 tani
1222 2782 1325 2824 lon-,

0 2888 3 2896 .
75 2846 192 2913 ’3333Υ
208 2864 334 2910 quam
357 2855 487 2896 latam
508 2854 632 2910 longe
644 2859 766 2898 extra
787 2853 1081 2904 circumduco,
1106 2854 1228 2910 cujus
1254 2855 1317 2898 vi-

0 2962 5 2970 .
59 2925 230 2978 ,delicet
247 2928 520 2985 quadraturae
552 2927 771 2983 longitudo
807 2928 855 2971 in
884 2933 1004 2973 tanto
1039 2928 1316 2985 longitudinis

77 3002 217 3065 spatio
248 3001 514 3057 tabernaculi
549 2984 856 3057 longitudinem
885 2999 1077 3052 excedit,
1109 3007 1317 3056 quantum

79 3075 262 3131 ‘spatium
288 3074 441 3131 duplex
468 3074 731 3117 tabernaculi
772 3074 1010 3129 longitudo,
1044 3083 1086 3118 et
1108 3075 1199 3130 ipsa
1223 3075 1321 3117 lati-

77 3149 182 3193 tudo
223 3153 361 3202 tenet3
402 3149 501 3204 qnia
523 3155 695 3198 centum
735 3147 980 3194 cubitorum
1002 3146 1083 3190 fuit
1109 3147 1243 3190 atrior
1248 3160 1318 3189 um

81 3218 317 3279 longitudo,
335 3235 462 3279 quani
485 3216 683 3266 videlicet
715 3217 1026 3278 longitudinem
1049 3229 1214 3271 eorum,
1241 3220 1322 3262 hu«

37 3324 39 3331 ι
77 3293 151 3351 lue
172 3295 443 3351 quadraturae
464 3296 687 3352 longitudo
709 3295 864 3345 innuit,
891 3300 933 3338 et
963 3294 1246 3342 tabernaculi,
1276 3299 1320 3335 ut

85 3440 201 3498 ginta
221 3438 480 3491 cuhitorum,
505 3440 684 3485 latitudo
703 3453 805 3485 vcro
823 3441 915 3495 ejtis
939 3451 1024 3482 non
1048 3439 1132 3482 nisi
1156 3438 1231 3482 (15(
1236 3452 1318 3482 em

88 3511 208 3567 Unde
227 3515 389 3572 liquido
406 3526 458 3558 ex
479 3515 549 3558 1115
562 3514 792 3571 colligitur.
806 3513 919 3569 ruod
941 3507 1319 3568 haecquadratnia,

88 3579 214 3648 guam
237 3589 364 3633 modo
382 3587 509 3638 facio,
530 3587 794 3631 tabernaculi
820 3587 1127 3642 longitudinem
1147 3592 1322 3641 septua-

88 3651 204 3716 ginta
227 3661 383 3705 cubitis
404 3662 446 3703 in
470 3650 737 3716 longitudine
761 3660 885 3717 38],
912 3665 990 3702 sua
1010 3658 1190 3701 excedit.
1211 3657 1324 3700 lntra

92 3731 199 3777 hanc
230 3733 534 3791 quadraturam
569 3734 892 3777 tabernaculum
927 3732 1106 3786 erigitur
1132 3731 1184 3775 ad
1217 3731 1327 3774 occi*-

88 3797 257 3858 ¹dentem
283 3818 555 3857 conversum,
578 3807 620 3850 et
640 3806 692 3849 ab
714 3806 877 3849 oriente
905 3804 1066 3864 habens
1087 3803 1323 3853 introitum,

94 3885 135 3923 et
155 3880 308 3936 spatia,
328 3893 421 3936 quae
445 3881 489 3922 in
513 3878 697 3923 circuitu
721 3877 988 3921 tabernaculi
1006 3877 1116 3919 intra
1140 3876 1329 3932 ‘quadram

93 3953 458 4010 turambeminent,
472 3951 606 4007 ipsius
629 3949 890 3994 tabernaculi
910 3949 1015 3992 atria
1035 3954 1147 3991 sunt.
1175 3946 1221 3991 ln
1246 3957 1329 4003 333

18 4029 38 4058 -·
95 4011 288 4069 tidelicet
308 4024 570 4080 quadratura
587 4031 665 4080 per
689 4024 881 4079 singulas
904 4022 996 4077 ejus
1023 4022 1157 4067 lineas
1185 4023 1226 4065 in
1244 4022 1329 4064 cir-

94 4096 230 4148 cuitu,
247 4098 470 4147 columnas
493 4097 714 4141 dimidiam
732 4096 786 4139 ad
801 4094 1071 4138 tabernaculi
1091 4094 1331 4138 sublimita-

99 4171 184 4212 tem
206 4170 410 4215 habentes
427 4170 711 4226 altitudinem,
728 4174 934 4224 tantoque
958 4167 1011 4210 ab
1034 4168 1216 4211 invicem
1240 4179 1333 4223 spa-

101 4239 186 4295 tio,
228 4249 434 4299 quantum
473 4244 664 4299 ipsarum
707 4242 837 4285 habet
873 4239 1053 4282 altitudo
1070 4271 1081 4290 ,
1122 4239 1332 4284 distantes

102 4314 234 4370 erigo.
257 4314 470 4372 Equibus
497 4314 645 4371 viginti
671 4313 725 4357 ad
742 4317 950 4362 austrum,
973 4311 1246 4366 totidemque
1279 4311 1333 4355 ad

107 4387 362 4443 aquilonem,
398 4394 451 4444 ct⁴
471 4387 618 4432 decem
657 4393 745 4430 tam
781 4384 842 4428 ad
886 4384 1110 4435 orientem,
1135 4395 1262 4439 qnam
1281 4384 1333 4427 ad

19 1283 24 1300 -.
59 1246 226 1314 busque
265 1246 510 1298 rubricatis,
553 1252 595 1291 et
632 1247 921 1305 hyacinthinis
962 1249 1050 1289 ta'in
1100 1247 1300 1310 parietes,
1326 1235 1360 1278 Β

55 439 258 496 australis
287 451 502 500 videlicet,
539 454 581 493 et
609 436 955 506 septentrionalis
987 447 1294 506 longitudinem
1370 450 1534 506 quibus
1570 453 1803 500 tentorium
1840 466 1926 497 non
1965 455 2018 499 de
2052 457 2142 499 sola
2165 457 2311 514 by,sso
2338 459 2412 503 sed
2434 459 2486 505 dc
2510 474 2617 517 qua-

1375 528 1476 567 tuor
1500 521 1612 579 saepe
1638 524 1763 569 dictis
1782 526 2001 571 coloribus
2022 538 2265 573 contextum
2293 532 2501 588 appendo.

1431 594 1635 641 LXXXV.
1664 597 1822 656 Contra
1852 599 1967 654 quod
2014 602 2244 644 tentorium
2268 615 2292 646 e
2314 604 2486 648 diverso
2507 605 2619 650 inte·

1376 667 1470 714 rius
1485 669 1621 714 altare
1638 681 1804 713 aeneum
1821 663 1964 732 statuo
1983 686 1994 724 ;
2017 685 2104 716 non
2127 679 2270 718 tamen
2287 676 2330 718 in
2349 676 2443 731 ipso
2467 677 2620 721 introi-

1377 746 1444 791 tu,
1468 741 1541 784 scd
1572 753 1789 792 seorsum,
1814 732 1964 791 versus
1986 749 2180 788 austrum
2203 777 2213 796 ‚
2253 751 2296 789 et
2320 746 2433 791 inter
2453 748 2534 791 hoc
2558 749 2619 791 al·-

1375 818 1487 863 tare,
1512 818 1555 856 et
1578 812 1713 869 ipsius
1730 815 1997 871 tabernaculi
2015 816 2235 860 introitum
2254 818 2422 862 labrum
2436 807 2619 874 aeneum,

1378 887 1550 941 pienum
1573 897 1683 941 aqua
1707 893 1835 942 pono.
1861 887 2018 944 Sicquc
2033 890 2355 934 tabernaculum
2377 891 2491 936 intra
2511 894 2620 936 atria

1378 959 1577 1021 tentoriis
1600 958 1803 1015 undique..
1821 960 2089 1004 circumdata
2113 968 2222 1013 stat,
2258 975 2353 1019 quae
2375 963 2559 1008 tentoria
2580 971 2619 1009 et

1381 1030 1593 1077 columnis
1609 1043 1686 1090 per.
1703 1031 1930 1076 circuitum
1955 1045 2158 1089 appensa,
2183 1040 2225 1078 et
2247 1036 2512 1080 tabernaculi
2529 1038 2626 1094 qui-

1380 1103 1478 1148 dem
1500 1103 1738 1160 parietibus
1761 1117 1813 1148 ex
1840 1111 1962 1161 parte
1983 1106 2160 1151 dimidia
2184 1106 2387 1157 inferiora
2407 1116 2526 1161 sunt,
2549 1111 2624 1154 sed

1382 1175 1542 1219 eisdem
1572 1176 1809 1231 parietibus
1836 1178 1970 1220 multo
1992 1179 2184 1234 longiora
2204 1211 2216 1230 ,
2257 1179 2382 1231 sicut
2398 1181 2449 1229 in,
2475 1189 2625 1232 nostro

1383 1257 1498 1289 nunc
1514 1250 1704 1303 tempore
1721 1248 1904 1291 ecclesia
1919 1250 2064 1307 aliqua
2082 1251 2123 1293 in
2140 1252 2391 1296 coemeterio
2403 1266 2487 1298 suo
2503 1268 2628 1300 muro

1382 1330 1433 1363 ex
1455 1319 1570 1362 omni
1593 1326 1715 1375 parte
1733 1326 1853 1376 septo
1869 1326 1952 1365 stat
1974 1336 1985 1375 ;
2012 1323 2083 1378 qui
2102 1323 2302 1368 nimirum
2327 1338 2492 1378 murus,
2515 1328 2626 1372 sicut

1383 1391 1576 1436 ecclesiae
1599 1394 1832 1448 parietibus
1850 1395 1974 1450 longe
1990 1403 2056 1440 est
2079 1396 2274 1449 inferior,
2294 1398 2352 1442 ita
2374 1400 2546 1456 quidem
2564 1402 2627 1446 eis

1383 1464 1518 1508 multo
1539 1465 1720 1521 longior.
1746 1465 1806 1510 De
1829 1480 1914 1523 330
1938 1468 2108 1523 quidem
2130 1470 2414 1515 tabernaculo
2435 1473 2517 1517 hoc
2538 1475 2627 1518 sol-

1383 1536 1498 1581 licite
1519 1539 1736 1594 provideo,
1763 1545 1810 1583 ut
1830 1552 2100 1596 nequaquam
2119 1541 2262 1586 medio
2282 1530 2490 1588 atriorum
2514 1545 2625 1597 loco,

1385 1609 1459 1653 scd
1493 1611 1636 1656 taliter
1669 1612 1782 1655 intra
1815 1625 1866 1656 53
1903 1614 2167 1669 collocetur;
2199 1621 2246 1658 ut
2268 1615 2444 1661 dimidia
2474 1630 2638 1663 eorum-

1386 1685 1592 1728 at'riorum
1617 1684 1838 1741 longitudo
1861 1686 1915 1730 ab
1930 1698 2079 1730 eorum
2101 1687 2302 1744 introitu,
2323 1701 2461 1745 usque
2485 1689 2538 1733 ad
2561 1691 2631 1739 ιιι,-

1384 1757 1558 1800 troitum
1584 1754 1866 1808 tabernaculi,
1891 1764 1934 1802 et
1955 1759 2104 1822 quinta
2133 1745 2232 1815 pars
2256 1749 2533 1816 longitudinis
2555 1771 2632 1807 ccvv

1387 1843 1482 1873 rum
1503 1842 1531 1873 3
1550 1832 1712 1887 pariete
1727 1831 1996 1876 tabernaculi
2014 1832 2286 1887 occidentali,
2306 1845 2404 1876 cum
2420 1833 2556 1878 fuerit
2565 1835 2636 1892 yi-⁴¹

1387 1902 1541 1947 delicet
1562 1909 1751 1956 erectus,
1776 1916 1913 1960 usque
1927 1904 1977 1947 ad
2002 1904 2267 1949 occidentale
2282 1906 2402 1951 latus
2414 1907 2511 1950 atrii
2528 1901 2636 1963 pro-'-⁴

1387 1977 1608 2029 tendatur-3
1629 1978 1746 2033 quia,
1763 1989 1862 2021 cum
1886 1978 1957 2021 illa
1979 1969 2194 2033 quondam
2214 1976 2518 2042 visibiliaatria
2536 1965 2640 2041 551ιῖ
2675 1972 2679 2025 Q

1386 2055 1476 2092 tum
1502 2050 1546 2093 in
1568 2050 1834 2106 longitudine
1857 2049 2026 2094 cubitos
2056 2049 2290 2103 haberent,
2313 2051 2366 2095 ab
2390 2063 2540 2095 eorum
2555 2052 2630 2096 in·
2662 2043 2666 2050 ”

1391 2125 1538 2175 troitu,
1566 2137 1700 2180 35335
1715 2124 1768 2168 ad
1790 2124 2013 2168 introitum
2034 2123 2302 2168 tabernaculi
2319 2117 2632 2181 quinquaginta

1388 2199 1551 2251 cubiti,
1576 2204 1624 2241 nt
1646 2198 1712 2242 vir
1741 2199 1915 2255 quidam
1937 2198 2109 2259 sapiens
2136 2198 2301 2248 scribit,
2337 2203 2494 2252 erant:
2511 2205 2552 2243 et
2578 2199 2647 2247 alt

1391 2273 1644 2317 occidentali
1668 2273 1830 2328 pariete
1847 2271 2115 2316 tabernaculi
2138 2284 2273 2327 usque
2293 2270 2346 2314 ad
2370 2267 2649 2316 occidentale-

1391 2347 1502 2390 latus
1526 2334 1750 2399 atriorum,
1772 2345 1923 2401 viginti
1939 2336 2094 2398 ‘erant-;
2130 2344 2270 2399 ipsum
2299 2357 2400 2389 vero
2433 2345 2635 2390 taberna-⁴

1389 2419 1533 2462 culum
1551 2419 1727 2474 triginta
1743 2418 1788 2462 in
1806 2416 2071 2473 longitudine
2084 2417 2253 2459 cubitos
2262 2415 2496 2460 obtinebat
2517 2415 2633 2460 Scri·

1391 2493 1453 2535 bit
1476 2503 1658 2547 namque
1675 2491 1787 2534 idem
1810 2491 1875 2534 vir
1894 2490 1976 2533 boc
1996 2488 2138 2533 modo
2157 2488 2306 2541 Erant,
2329 2489 2485 2545 inquit,
2503 2490 2642 2556 quin·-¹

1394 2563 1598 2620 quaginta
1625 2562 1759 2605 cubiti
1788 2561 1843 2605 ab
1865 2561 2045 2604 introitu
2082 2560 2179 2603 atrii
2201 2571 2251 2604 ex
2279 2566 2401 2616 parte
2437 2559 2631 2617 orientis,¹
2639 2613 2647 2620 ⁴
2670 2561 2673 2565 ’

1395 2648 1531 2692 35335
1554 2635 1607 2679 ad
1629 2635 1848 2677 introitum
1873 2632 2155 2688 tabernaculi,
2174 2637 2216 2675 et
2239 2633 2282 2674 in
2299 2632 2383 2675 isto
2405 2633 2549 2688 spatio
2568 2627 2648 2682 13-ῑ;

1395 2714 1460 2752 ter
1484 2710 1712 2763 utrumque
1735 2706 1976 2757 introitum,
1993 2700 2092 2748 atrii
2105 2704 2286 2755 scilicet,
2314 2710 2356 2747 et
2379 2701 2642 2755 testimonii«,

1394 2787 1520 2832 erant
1542 2782 1630 2825 duo
1665 2781 1855 2824 oratoria
1871 2811 1883 2832 ,
1909 2791 2042 2823 unum
2064 2776 2254 2822 virorum
2277 2777 2425 2827 lsrael,
2460 2768 2635 2822 et'altess

1396 2869 1491 2900 rum
1515 2855 1758 2899 mulierum.
1799 2854 1915 2898 lnter
1951 2852 2042 2897 baec
2070 2858 2228 2904 autem,
2253 2857 2296 2896 et
2318 2851 2540 2895 introitum
2564 2855 2633 2913 ta7

1395 2930 1616 2974 bernaculi
1639 2934 1730 2972 erat
1752 2929 1886 2972 altare
1910 2927 2271 2977 holocaustorum,
2305 2932 2558 2968 nontamen
2590 2923 2649 2981 in„

1398 3006 1490 3061 ipso
1515 3004 1721 3054 introitu,
1761 3003 1834 3047 sed
1856 3003 2082 3055 deorsum,
2115 3002 2263 3046 versus
2289 3007 2497 3046 austrum.
2537 2997 2654 3046 Ητ55

1399 3079 1559 3133 itaque,
1587 3089 1682 3133 quae
1705 3075 1809 3120 etin
1841 3074 2105 3131 praecedenti
2121 3081 2240 3130 parte
2263 3072 2394 3125 dicta,
2421 3076 2462 3116 e't
2485 3071 2529 3115 in
2557 3061 2655 3116 hac.

1399 3154 1566 3210 pictura
1588 3151 1712 3195 oculo
1734 3150 1948 3206 corporali
1972 3155 2072 3194 sunt
2096 3155 2297 3200 ostensa,
2328 3150 2369 3192 51
2393 3149 2493 3204 3315
2514 3148 2554 3203 pl
2546 3146 2651 3211 ene*

1399 3226 1641 3283 perspicere
1665 3224 1864 3274 voluerit,
1890 3223 2105 3279 quomodo
2117 3222 2287 3266 visibile
2305 3220 2408 3264 illud
2426 3212 2559 3277 Moysi
2577 3224 2639 3267 ta·v

1399 3296 1676 3342 bernaculum
1699 3306 1795 3338 curn
1821 3294 1905 3343 his,
1939 3305 2034 3350 quae
2057 3293 2110 3336 ad
2147 3293 2251 3336 illud
2280 3291 2567 3347 pertinebant,
2582 3290 2651 3357 in,

84 3378 194 3424 taepe
212 3369 302 3424 jam
334 3368 496 3412 dictum
531 3376 612 3418 est,
647 3368 868 3424 longitudo
896 3379 980 3411 non
1016 3372 1109 3409 erat
1132 3366 1217 3409 nisi
1247 3366 1323 3409 tri·
1345 3387 1381 3431 D
1402 3383 1450 3414 re
1480 3368 1637 3413 iactum
1655 3367 1797 3418 suerit,
1820 3375 1862 3410 et
1878 3365 2152 3422 dispositum
2177 3377 2227 3408 ex
2251 3369 2373 3461 parte
2396 3363 2552 3417 aliqua
2553 3353 2653 3418 pes«.

1401 3449 1500 3489 terit
1523 3441 1752 3497 conjicere

1881 3506 1912 3550 C
1915 3504 2058 3550 APUT
2085 3504 2152 3548 vt

1404 3586 1465 3629 De
1490 3582 1678 3636 basibus,
1700 3589 1740 3625 et
1772 3580 1924 3624 tabulis
1948 3581 2151 3636 parietum
2182 3577 2401 3634 allegorice
2427 3568 2635 3632 5331051115.

1461 3653 1682 3700 LXXXVI.
1710 3652 1858 3698 Restat
1897 3665 2030 3706 nunc,
2052 3658 2099 3696 ut
2120 3653 2261 3706 aliqua
2280 3663 2334 3694 ex
2359 3650 2443 3702 his,
2468 3661 2565 3705 quae
2587 3647 2641 3694 de

1406 3729 1598 3774 materali
1621 3726 1898 3770 tabernaculo
1929 3724 2198 3779 depinximus
2216 3755 2227 3773 ,
2253 3721 2463 3778 spirituali
2497 3721 2643 3764 taber-

1406 3795 1559 3846 naculo
1581 3799 1759 3849 Christi,
1783 3798 1896 3853 qnod
1918 3802 2067 3841 sancta
2084 3795 2275 3838 Ecclesia
2299 3799 2380 3843 est,
2407 3793 2449 3836 in
2476 3793 2641 3849 pictura

1408 3886 1552 3919 coram
1577 3873 1717 3929 posita
1732 3871 2000 3926 adaptemus.
2026 3868 2263 3924 thuidem
2287 3868 2398 3911 sicut
2412 3878 2465 3910 ex
2486 3866 2567 3908 hac
2582 3864 2644 3920 pi·

1409 3955 1546 3998 ctura,
1571 3947 1670 3989 licet
1693 3957 1779 3988 non
1803 3944 1983 3986 multum
2005 3943 2160 3985 decora
2184 3941 2255 3991 sit,
2282 3944 2422 3996 potest
2445 3938 2644 3994 aliquan-

1409 4015 1546 4063 tulum
1567 4017 1740 4073 conjici,
1765 4016 1887 4059 valde
1910 4014 2151 4070 pulchrum,
2178 4020 2219 4056 et
2244 4010 2484 4067 speciosum
2507 4009 2641 4053 fuisse

1410 4093 1515 4136 illud
1534 4090 1666 4146 Moysi
1678 4103 1702 4132 ι
1706 4087 1846 4132 isibile
1857 4085 2192 4130 tabernaculum.
2212 4082 2296 4127 Sed
2305 4088 2372 4128 est
2383 4081 2499 4126 aliud
2510 4080 2644 4138 qnod-

1410 4165 1509 4208 dam
1535 4157 1855 4206 tabernaculum
1878 4161 2002 4214 longe
2019 4144 2091 4200 illo
2110 4156 2363 4212 speciosius,
2392 4152 2639 4210 pretiosius,

1411 4244 1452 4283 ct
1476 4229 1729 4285 sublimius;
1750 4233 1901 4276 decore
1924 4230 2178 4287 speciosius,
2202 4229 2379 4274 materia
2391 4226 2638 4283 pretiosius.

1413 4315 1455 4355 et
1483 4307 1707 4353 sublimius
1725 4305 1980 4357 sanctitate,
2021 4299 2173 4347 sancta
2192 4301 2390 4345 videlicet
2420 4297 2638 4349 Ecclesia,

1415 4394 1508 4439 quae
1521 4392 1602 4436 per
1619 4375 1913 4433 Redemptor-is
1947 4375 2014 4421 sui
2035 4369 2383 4419 illuminationem
2407 4369 2646 4419 atenebris
