2924 4588
230 143 313 201 us
535 180 565 216 ⁸
1126 114 1290 171 insin
1317 110 1902 170 pnAEuoa'srssATENsm
1992 152 1994 155 ,
2143 107 2146 109 ’
2706 126 2788 175 „⁶

231 238 385 290 praeter
408 241 522 273 rem:
542 226 642 283 quid
667 222 1120 291 tibi0videatur·super
1141 218 1224 269 his,
1247 230 1343 274 quae
1370 229 1467 273 pro-
1486 222 1522 267 Α
1546 226 1718 271 quoque
1741 211 2007 257 foeditatibus
2024 210 2418 257 circumvallatam.
2439 213 2624 260 Laboret
2645 218 2688 261 in
2710 231 2786 274 ge·-

230 303 430 362 posuisti.
456 300 516 343 lta
552 301 636 342 liat.
663 296 855 341 Diximus
884 307 986 351 ergo
1008 293 1140 338 Deum
1165 287 1370 348 sponsum
1387 322 1400 340 ,
1421 294 1464 332 et

234 375 418 419 animam
455 380 672 434 spongmt.
707 367 742 411 Ο
774 372 933 424 quanta
965 365 1150 423 dignitas
1182 363 1334 406 animae
1370 373 1466 405 esse

235 456 435 501 sponsam
476 442 574 484 neit
614 438 707 483 Non
737 445 878 482 autem
914 438 1054 481 omnis
1094 436 1235 479 anima
1267 434 1321 478 ad
1355 433 1467 476 hanc

234 523 373 572 potest
396 513 635 570 pertingere
656 510 926 568 dignitatem,
948 521 1046 552 nam
1072 507 1160 559 illa,
1188 519 1282 563 quae
1306 506 1466 550 divari-

235 594 304 630 cat
326 587 453 642 pedes
478 585 593 628 omni
614 582 871 634 transeunti,
893 581 1111 625 fornicans
1134 586 1230 637 post
1252 583 1467 622 amatores

236 671 335 702 suos
364 656 531 714 (Ezech.
551 668 639 706 ενι,
665 653 756 710 25),
781 654 916 710 magis
939 654 1141 697 meretrix
1158 663 1285 707 quam
1311 662 1468 706 sponsa

235 728 415 772 dicenda
434 733 513 771 est.
537 726 736 769 Attamen
760 725 813 770 de
836 725 1062 768 meretrice
1078 723 1181 766 facit
1204 722 1316 767 Deus
1338 734 1468 778 spon—

236 814 323 845 sam
342 812 477 851 suam,
499 798 626 842 talem
641 797 801 840 faciens
824 808 934 848 eam,
958 807 1053 852 quae
1077 795 1309 851 aliquando
1330 807 1470 839 mere-

235 874 318 915 trix
339 871 434 922 suit,
469 879 515 914 ut
534 870 622 925 jam
648 881 805 925 sponsa
829 881 925 913 esse
952 867 1103 924 possit.
1129 866 1262 910 Lavat
1283 879 1470 923 namque

235 957 327 988 eam
349 951 388 987 et
406 949 588 999 reparat,
618 946 789 996 coaptat
810 946 850 984 ct
875 945 1172 992 consummat,
1204 946 1251 982 ut
1279 938 1384 995 iam,
1417 952 1470 983 ex

237 1030 297 1064 re,
325 1029 481 1071 sponsa
501 1013 702 1070 appellari
719 1020 862 1069 queat.
890 1001 1021 1055 Lavat
1045 1011 1325 1063 immundam,
1343 1024 1467 1067 repa-

236 1094 302 1131 rat
319 1087 561 1138 discissam,
588 1091 757 1141 coaptat
779 1087 984 1140 ineptam,
1005 1089 1277 1127 consummat
1295 1083 1467 1127 destru-

237 1167 362 1204 ctam.
389 1158 578 1215 Denique
602 1159 714 1200 lavat
743 1158 795 1201 ad
826 1157 1192 1209 emundationem,
1226 1165 1397 1212 reparat
1417 1158 1471 1201 ad

238 1231 574 1282 restitutionem,
622 1237 791 1286 coaptat
833 1230 886 1272 ad
929 1229 1151 1290 decorem,
1198 1236 1474 1274 consummat

237 1315 337 1346 vero
360 1302 413 1345 ad
432 1301 750 1358 perfectionem.

289 1370 376 1415 vlt.
403 1371 509 1416 Ecce
526 1372 887 1429 quadripartitum
906 1384 1014 1428 opus
1037 1370 1225 1424 Domini,
1241 1372 1356 1430 quod
1373 1385 1469 1417 cum

236 1455 394 1500 sponsa
418 1445 536 1501 agit,
574 1458 701 1502 quam
741 1446 911 1501 dignam
953 1446 1042 1490 suis
1076 1445 1240 1503 nuptiis
1271 1445 1473 1491 exhibere

239 1519 451 1574 proponit.
484 1518 536 1561 Et
570 1520 753 1575 primum
785 1517 958 1575 quidem
984 1531 1092 1575 opus
1123 1519 1368 1577 aggreditur
1390 1518 1472 1563 hoc

237 1590 391 1635 modo:
416 1590 570 1636 Venire
603 1592 803 1647 dignatur
834 1592 1104 1636 consiliarius
1125 1592 1179 1636 ad
1215 1605 1469 1644 erroneum,

236 1663 414 1719 spiritus
462 1663 515 1707 ad
559 1664 785 1709 hominem.
820 1664 984 1707 Emittit
1022 1666 1231 1721 siquidem
1266 1665 1472 1710 Dominus
1518 1663 1522 1666 ⁴

235 1736 449 1791 eloquium
473 1749 598 1781 suum
623 1742 748 1780 terrae
779 1736 914 1793 (psat.
934 1741 1104 1790 cxtssvn,
1138 1738 1225 1795 15),
1251 1740 1470 1782 internum

238 1819 364 1852 suum
397 1810 638 1853 susurrium
657 1810 889 1856 infundens
914 1811 1082 1855 animae.
1107 1811 1160 1855 Et
1187 1812 1287 1870 quia
1313 1813 1473 1856 veloci—

236 1885 301 1924 ter
324 1882 458 1924 currit
482 1895 621 1926 sermo
643 1883 738 1939 ejus
762 1883 915 1941 (ibid),
940 1884 1026 1928 cito
1052 1896 1138 1942 quo
1160 1885 1371 1941 pervenit,
1392 1897 1472 1941 po·-

235 1959 377 1996 tenter
394 1966 481 1998 suae
509 1955 683 2000 virtutis
706 1956 901 2000 effectum
929 1957 1143 2001 ostendit:
1163 1958 1376 2009 eamdem,
1402 1958 1472 2001 cui

236 2039 283 2071 se
310 2027 512 2080 infundit,
552 2030 738 2074 animam
774 2031 1048 2085 illuminans,
1085 2030 1368 2075 illuminatam
1392 2033 1471 2076 sti-

238 2102 431 2154 mulans,
478 2104 741 2147 stimulatam
795 2116 1010 2155 reserans,
1054 2111 1290 2149 reseratam
1343 2105 1472 2149 etiam

239 2186 414 2219 acuens.
449 2175 662 2219 illuminat
700 2189 884 2232 namque
919 2187 1100 2229 caecam:
1147 2177 1339 2221 stimulat
1378 2178 1476 2234 rigi-

239 2246 364 2300 dam;
397 2255 562 2292 reserat
583 2262 709 2305 quam
736 2250 887 2304 aspicit
918 2251 1132 2298 clausam:
1161 2251 1275 2293 acuit
1305 2257 1344 2294 et
1370 2251 1473 2306 tepi-

237 2318 352 2361 dam.
377 2318 521 2362 Primo
557 2319 767 2375 siquidem
791 2321 833 2363 in
866 2322 1024 2371 anima,
1061 2333 1188 2376 quam
1212 2323 1386 2365 visitare
1409 2321 1474 2364 di-

238 2396 394 2446 gnatur
429 2390 556 2442 Deus,
595 2404 720 2447 quam
746 2393 853 2435 etin
891 2404 1092 2449 sponsam
1135 2392 1216 2438 sibi
1255 2406 1474 2440 assumere

242 2461 478 2516 proponit:
520 2464 737 2518 sapientia:
779 2476 868 2508 suae
912 2466 1006 2508 luce
1058 2465 1259 2510 tenebras
1301 2467 1474 2522 depellit

240 2533 518 2588 ignorantiae,
559 2535 715 2590 quibus
763 2537 1050 2589 obscuratur,
1105 2538 1333 2593 splendore
1381 2550 1477 2582 eam

242 2608 453 2654 claritatis
472 2621 560 2653 suae
578 2611 796 2655 illustrans
812 2644 826 2666 ,
851 2619 897 2656 ιιι
920 2613 1035 2657 clare
1047 2614 1135 2669 imo
1154 2613 1297 2658 videre
1319 2614 1473 2667 valeat,

242 2681 355 2736 quod
383 2683 502 2739 prius
541 2684 603 2728 vel
635 2697 719 2729 non
759 2686 946 2738 videbat,
978 2687 1045 2730 vel
1082 2684 1211 2731 dubie
1249 2686 1474 2744 caligabat.

244 2753 358 2798 Luce
379 2767 479 2799 voro
503 2755 582 2800 bae
613 2758 824 2801 illustrata
862 2759 1045 2811 interna,
1074 2760 1177 2816 quid
1211 2761 1250 2803 ei
1277 2773 1478 2805 necessa-

244 2827 355 2870 rium
391 2828 526 2884 magis
550 2835 591 2873 et
621 2827 741 2887 prius
763 2831 923 2883 videre,
946 2843 1075 2887 quam
1115 2834 1330 2890 seipsam?
1368 2833 1476 2877 Nam

244 2899 372 2944 nimis
395 2900 623 2945 obscuram
655 2903 770 2945 illam
798 2903 980 2948 dixerim
1015 2904 1171 2956 lucem,
1209 2917 1258 2948 ac
1288 2918 1363 2961 per
1398 2907 1479 2950 hoe

243 2972 557 3027 quodammodo
574 2987 651 3018 nec
668 2975 805 3019 lucem
822 3008 833 3027 ‚
853 2977 896 3019 in
910 2989 993 3032 qua
1013 2977 1075 3020 sic
1093 2977 1175 3020 alia
1188 2978 1303 3022 videt
1316 2979 1475 3031 anima,

248 3053 292 3089 ut
317 3060 402 3091 non
426 3048 566 3092 videat
591 3049 775 3106 seipsam
796 3067 804 3094 :
840 3052 1012 3095 lucerna
1036 3053 1159 3108 longe
1180 3053 1345 3110 positas
1368 3062 1479 3099 tene·

244 3119 345 3163 liras
382 3119 653 3173 illuminans,
698 3122 790 3178 ipsa
841 3131 979 3166 autem
1018 3125 1243 3168 tenebrosa
1281 3112 1474 3169 manens.

246 3186 399 3233 Videat
443 3192 621 3247 proinde
668 3195 808 3237 anima
853 3195 1050 3250 primitus
1098 3197 1304 3252 seipsam,
1340 3205 1382 3242 et
1416 3210 1479 3243 se-

247 3260 470 3315 metipsam
504 3261 649 3307 videre
666 3297 676 3315 ,
714 3267 984 3321 semetipsam
1008 3279 1243 3322 agnoscere
1264 3274 1343 3312 est.
1371 3269 1478 3314 Nam

248 3331 357 3375 visio
393 3333 512 3389 ejus,
552 3337 718 3391 agnitio,
741 3338 850 3393 ejus.
890 3337 1005 3383 Sciat
1044 3341 1187 3396 itaque
1225 3343 1327 3398 quid
1367 3343 1479 3388 desit

247 3402 330 3446 sibi
355 3402 489 3461 (Psoi.
511 3418 671 3451 xxxviii
686 3441 697 3460 ,
723 3409 791 3466 5);
828 3409 998 3454 intuens
1023 3425 1150 3467 quam
1171 3414 1298 3470 longe
1315 3427 1339 3457 a
1361 3416 1478 3472 puri·
1504 3428 1539 3470 ὓ
1563 3414 1796 3470 benefacere
1815 3415 1954 3471 (ibid,
1977 3415 2047 3471 17)
2065 3431 2073 3459 :
2088 3414 2218 3460 Prius
2240 3415 2427 3459 evellens
2443 3420 2486 3458 et
2503 3413 2748 3468 destruens,
2764 3420 2808 3460 ct
2842 3425 2848 3437 ’

250 3479 336 3518 tate
368 3489 478 3520 verae
505 3479 723 3523 munditia:
746 3482 829 3534 sit;
874 3495 1086 3539 quamque
1114 3485 1275 3539 polluta
1313 3493 1355 3530 et
1396 3487 1478 3530 im-

251 3546 425 3600 munda,
468 3556 508 3594 et
547 3553 717 3607 quantis
748 3555 965 3609 spurcitiis
1011 3557 1135 3611 plena
1179 3558 1248 3601 sit.
1290 3558 1480 3617 Aspiclat

253 3630 380 3674 quam
411 3622 600 3665 marcida
635 3630 676 3667 et
708 3625 923 3681 languida,
956 3640 1085 3683 quam
1112 3629 1223 3673 soeda
1260 3637 1302 3675 et
1333 3632 1480 3676 l'oetida

253 3693 512 3750 turpissimis
536 3702 576 3739 et
606 3696 965 3744 inhonestissimis
989 3704 1363 3757 prostitutionibus
1391 3707 1480 3751 suis

253 3765 505 3818 intenderit,
540 3768 760 3814 ambulans
788 3784 863 3828 per
900 3774 1062 3827 plateas
1092 3776 1279 3820 civitatis
1302 3777 1482 3836 Babylo-

253 3836 429 3888 nicae,in
449 3851 575 3883 carne
594 3843 808 3886 seminans
826 3844 1165 3899 delectationem,
1181 3848 1232 3893 de
1249 3862 1378 3895 carne
1390 3865 1481 3896 me-

254 3915 350 3954 tens
372 3913 682 3966 corruptionem
720 3917 829 3971 (Gal.
857 3930 915 3968 vi,
940 3919 999 3974 8).
1034 3921 1166 3964 Deum
1190 3929 1287 3976 post
1315 3932 1483 3980 tergum

256 3992 379 4024 suum
406 3985 652 4039 projiciens,
685 3993 725 4030 et
749 3989 891 4033 illicite
916 3991 994 4034 sibi
1022 3992 1102 4046 ipsi
1129 3994 1346 4040 obediens.
1373 3996 1484 4049 Quid

252 4053 341 4107 jam
365 4065 575 4110 superest,
595 4059 675 4102 nisi
701 4068 744 4102 ut
761 4062 887 4105 talem
914 4076 959 4107 se
975 4065 1137 4116 videns,
1165 4068 1292 4110 talem
1322 4081 1367 4112 se
1388 4081 1485 4115 esse

258 4124 517 4170 exhorreat?
539 4128 679 4173 dolcat
709 4133 847 4187 itaque
868 4139 908 4176 et
941 4142 1093 4190 gemat,
1117 4150 1244 4194 super
1268 4140 1348 4184 bae
1366 4147 1485 4186 tanta

259 4198 504 4251 impuritate
532 4210 634 4242 sua:
662 4203 958 4259 accipiensque
983 4208 1110 4261 capiti
1143 4221 1221 4252 suo
1245 4223 1414 4266 aquam,
1444 4221 1486 4259 et

259 4268 395 4311 oeulis
419 4270 506 4314 suis
526 4269 682 4315 fontem
700 4275 999 4331 laerymarum,
1027 4279 1162 4332 ploret
1189 4290 1313 4327 nocte
1339 4298 1388 4328 ae
1417 4286 1486 4331 die

259 4337 426 4383 (levem.
456 4355 514 4393 ix,
539 4344 596 4399 l),
622 4350 681 4388 tot
701 4348 918 4403 tantisque
947 4350 1145 4396 sordibus
1180 4367 1225 4398 se
1249 4357 1483 4402 circumse-

258 4417 398 4468 ptan,
440 4415 595 4459 talibus
632 4427 677 4462 se
700 4418 917 4477 *fetoribus
962 4425 1290 4477 scaturientem,
1331 4431 1486 4475 talibus

1543 286 1660 331 mitu'
1679 298 1775 337 suo,
1799 285 1911 327 lavet
1945 296 2022 340 per
2046 284 2238 340 singulas
2275 290 2426 330 noctes
2449 286 2605 332 lectum
2641 301 2784 343 suuni,

1544 360 1745 415 lacrymis
1793 363 1974 402 stratum
2013 369 2156 402 suum.
2179 357 2321 412 rigare
2349 370 2438 401 non
2473 366 2612 404 cesset
2649 361 2789 419 (psat.

1543 446 1603 484 vi,
1637 432 1695 489 7),
1730 438 1772 476 et
1795 431 1840 474 in
1864 442 2014 475 vocem
2052 430 2165 474 hane
2207 429 2407 486 suspirns
2443 442 2495 474 ac
2529 431 2797 490 singultibus.

1545 505 1713 562 plenam
1731 506 1980 560 prorumpat
2006 513 2055 544 ae
2072 501 2202 544 dicat.

1603 573 1709 617 vm.
1730 573 1821 616 Heu
1838 573 1943 616 mihi
1962 575 1972 616 l
1993 585 2089 629 quae
2109 576 2228 616 tanto
2244 578 2436 628 tempore
2447 585 2572 618 coeno
2587 574 2794 624 immersa
2850 586 2853 587 ’

1546 653 1588 692 et
1611 648 1700 690 luto
1738 646 1886 699 infixa,
1915 645 2136 690 universis
2160 658 2268 700 pene
2291 646 2503 702 contagiis
2538 647 2793 703 sordebamg
2841 638 2857 694 s

1546 720 1654 763 nihil
1675 719 1934 776 impuritatis
1957 718 2191 770 omittens3
2218 717 2326 762 nihil
2353 718 2468 773 quod
2490 720 2691 774 puritatis
2705 725 2790 772 est,
2844 736 2852 764 ;

1547 793 1792 836 admittens.
1817 790 1910 834 Jam
1932 791 2039 835 mihi
2056 790 2226 834 horrori
2245 803 2339 835 sum
2354 822 2366 843 ,
2385 791 2689 848 propriumque
2704 805 2793 836 non
2858 831 2859 834 ,

1550 865 1741 910 sustineo
1765 862 1877 907 serre
1908 863 2101 907 fetorem.
2131 862 2243 915 Quid
2275 861 2367 914 jam
2391 875 2568 910 necesse
2593 872 2683 914 est,
2708 866 2792 909 nisi
2856 855 2864 913 [

1549 945 1595 981 ut
1614 938 1738 981 talem
1758 950 1804 981 se
1835 936 2009 981 intuens
2032 936 2191 986 anima,
2216 935 2452 980 abluendas
2466 942 2509 980 et
2533 937 2790 994 detegendas
2848 992 2854 1004 ἶ

1550 1023 1652 1054 suas
1669 1010 1883 1055 foeditates
1902 1008 2115 1066 exponat?
2137 1008 2337 1060 Quandiu
2369 1009 2483 1054 enim
2507 1022 2582 1054 eas
2606 1010 2718 1068 apud
2745 1022 2792 1054 se
2855 1019 2858 1026 ·

1550 1081 1828 1126 absconditas
1843 1086 1977 1129 tenet,
1996 1081 2049 1125 ab
2072 1081 2134 1125 eis
2151 1081 2374 1126 emundari
2401 1082 2647 1127 nullatenus
2662 1082 2791 1129 valet.
2836 1106 2838 1108 v
2862 1132 2866 1134 ,

1550 1154 1747 1198 Detectas
1770 1166 1872 1197 vero
1894 1159 1936 1198 et
1966 1162 2165 1198 ostensas
2187 1166 2342 1212 magna
2367 1160 2538 1211 oportet
2559 1160 2606 1200 ut
2631 1155 2794 1200 consri-

1551 1227 1667 1271 catio
1710 1232 1877 1283 tangat,
1925 1226 2023 1284 quia
2062 1226 2249 1270 molliter
2289 1228 2467 1283 palpans
2514 1228 2798 1275 inveteratam

1498 1295 1530 1339 B
1553 1298 1677 1343 facile
1714 1298 1955 1354 rubiginem
1979 1298 2122 1342 delere
2166 1310 2253 1342 non
2289 1299 2422 1344 vales.
2460 1299 2613 1358 Magna
2652 1301 2798 1359 itaque
2852 1301 2868 1331 f*

1553 1371 1784 1425 bominem,
1827 1371 1900 1428 qui
1942 1383 2157 1427 magnam,
2196 1372 2241 1415 in
2279 1373 2598 1429 perpetratione
2631 1377 2797 1431 peceati

1552 1443 1822 1488 dulcedinem
1846 1443 2003 1490 habere
2025 1444 2203 1502 solebat,
2221 1450 2403 1502 occupet
2427 1447 2695 1500 amaritudo;
2720 1461 2799 1494 nec

1553 1516 1694 1560 minor
1714 1515 1803 1573 jam
1829 1516 2105 1573 poenitentem
2130 1518 2304 1562 afflictio
2330 1527 2516 1577 pungat3
2541 1533 2670 1579 quam
2699 1534 2801 1578 pec-
2855 1523 2857 1525 ’

1553 1593 1722 1632 eantem
1761 1589 1990 1634 delectatio
2033 1591 2265 1635 mulcebat.
2300 1593 2436 1652 205
2477 1592 2573 1639 Jam
2613 1601 2801 1642 mentem
2849 1582 2854 1583 ⁷

1553 1661 1691 1713 dolor,
1724 1667 1767 1706 et
1789 1661 2048 1715 amaritudo,
2086 1677 2261 1709 carnem
2283 1678 2387 1710 vero
2418 1666 2540 1710 labor
2565 1668 2736 1712 invadat
2758 1678 2802 1714 ct

1554 1734 1749 1778 afflictio:
1788 1734 2063 1790 semetipsam
2094 1741 2182 1779 tam
2213 1737 2418 1790 interius,
2454 1750 2583 1795 quam
2610 1740 2802 1784 exterius

1554 1805 1702 1850 offerat
1728 1806 1831 1859 Deo,
1858 1809 2067 1864 quidquid
2094 1821 2147 1854 ex
2169 1822 2217 1854 se
2234 1811 2505 1856 extrinsecus
2531 1819 2574 1856 et
2595 1812 2802 1868 intrinse-

1554 1891 1632 1923 cus
1658 1880 1698 1924 ei
1722 1880 1894 1925 auferre
1919 1881 2110 1934 solebat,
2141 1888 2189 1925 ut
2206 1887 2344 1926 totum
2368 1895 2415 1926 se
2434 1883 2523 1940 jam
2542 1883 2656 1929 Deus
2680 1885 2800 1929 acei-
2851 1914 2859 1918 -

1554 1953 1642 2008 piat
1670 1964 1747 2010 per
1776 1954 2100 2010 poenitentiam,
2126 1956 2200 2012 qui
2235 1960 2371 1999 totum
2409 1957 2446 2001 si
2482 1957 2687 2002 amiserat
2726 1971 2804 2016 per
2840 1950 2854 1989 s

1554 2027 1741 2082 culpam.
1768 2025 1839 2071 Sic
1863 2040 1966 2086 ergo
1991 2028 2255 2074 immundam
2279 2028 2394 2073 Deus
2431 2031 2618 2074 animam
2644 2031 2802 2087 *purili-
2836 2029 2849 2050 ³

1554 2104 1638 2149 cat,
1657 2097 1905 2147 illuminans
1922 2111 2017 2144 eam
2033 2105 2076 2145 et
2088 2100 2333 2152 stimulans,
2349 2113 2552 2146 reserans
2565 2107 2606 2146 et
2622 2100 2799 2148 aenens.
2841 2110 2855 2114 ’

1556 2172 1809 2218 illuminans
1834 2173 2046 2230 siquidem
2071 2185 2247 2226 eaecam,
2263 2181 2310 2217 ιιι
2331 2175 2605 2231 semetipsam
2629 2175 2803 2228 videat,

1556 2245 1783 2290 stimulans
1807 2253 1854 2303 ut
1876 2258 1923 2290 se
1940 2247 2067 2291 talem
2099 2259 2197 2292 esse
2217 2247 2473 2300 abhorreat;
2508 2260 2722 2303 reserans,
2754 2255 2804 2294 ut

1559 2318 1771 2364 foeditates
1784 2331 1886 2364 suas
1898 2319 1937 2364 ei
1949 2320 2147 2366 ostendat
2159 2333 2170 2374 ;
2191 2331 2367 2373 acuens,
2388 2330 2433 2367 ut
2453 2320 2803 2366 emundationem

1521 2392 1531 2403 ‘
1556 2403 1678 2435 suam
1702 2393 1805 2437 totis
1826 2392 1994 2439 viribus
2028 2399 2210 2451 quaerat.
2250 2391 2304 2436 Et
2340 2399 2510 2450 oportet
2541 2394 2713 2450 quidem
2755 2400 2805 2438 ut

1555 2464 1776 2509 evidenter
1820 2478 1867 2510 se
1906 2467 2170 2523 conspiciat,
2210 2462 2488 2513 veliementer
2532 2468 2802 2524 ingemiscat,

1556 2538 1679 2594 plene
1695 2552 1742 2583 se
1759 2539 1952 2597 aperiat3
1976 2546 2018 2584 et
2042 2546 2088 2585 ut
2111 2546 2321 2597 purgetur
2343 2541 2530 2587 sollicite
2553 2541 2745 2587 insistat.

1610 2610 1683 2656 lx.
1715 2611 1791 2656 llis
1807 2612 1952 2669 itaque
1975 2613 2115 2660 modis
2131 2619 2359 2670 postquam
2383 2613 2514 2659 fuerit
2551 2614 2803 2668 emundata,

1556 2683 1835 2740 aggrediatur¹
1849 2684 2056 2731 Dominus
2072 2698 2183 2743 opus
2200 2699 2344 2739 suum,
2368 2687 2506 2743 utqui
2547 2689 2636 2744 jam
2670 2688 2806 2735 abluit

1558 2755 1838 2809 immundam,
1863 2770 1979 2801 nunc
2012 2770 2215 2815 reparare
2237 2758 2438 2815 dignetur
2473 2763 2515 2804 et
2558 2759 2806 2806 discissam.

1555 2828 1604 2873 ln
1629 2831 1830 2886 operibus
1847 2845 1951 2876 vero
1975 2833 2217 2877 sanctitatis
2230 2832 2430 2877 consistit
2445 2833 2662 2890 reparatio
2673 2833 2804 2878 illius.

1557 2901 1663 2946 Nam
1688 2901 1800 2946 sieut
1822 2904 2045 2963 immunda
2065 2911 2148 2956 cst,
2167 2904 2269 2948 dum
2285 2905 2450 2962 agendo
2472 2905 2637 2951 nefaria
2653 2904 2808 2950 admit-

1557 2975 1608 3017 tit
1627 2975 1742 3031 quod
1767 2978 1930 3037 malum
1952 2983 2018 3024 est
2035 3010 2046 3029 ,
2073 2976 2132 3020 ita
2155 2982 2197 3022 et
2213 2977 2415 3028 discissa,
2438 2977 2538 3021 dum
2555 2976 2808 3023 dimittenda
2859 3015 2861 3017 .

1559 3049 1679 3091 utilia
1703 3050 1998 3108 omittltqnod
2033 3038 2194 3095 bonum
2216 3057 2298 3096 est.
2327 3050 2372 3095 Si
2408 3053 2554 3108 itaque
2592 3053 2808 3108 reparati-J
2847 3110 2850 3111 ⁷

1557 3122 1651 3177 ejus
1675 3121 1718 3166 in
1739 3125 1942 3180 operibus
1957 3124 2137 3181 justitiae
2158 3129 2240 3175 est,
2265 3136 2360 3181 quae
2380 3124 2505 3168 debet
2548 3124 2808 3180 hujusaesse

1559 3196 1803 3240 sollicitudo
1827 3199 1980 3253 prima,
2010 3203 2057 3241 ut
2081 3198 2266 3242 divertat
2300 3211 2324 3241 a
2364 3198 2503 3251 malo;
2536 3198 2727 3243 secunda
2761 3204 2810 3243 ut

1560 3267 1687 3311 iaciat
1712 3269 1887 3314 bonum.
1915 3270 2119 3323 Quieseat
2139 3270 2342 3326 primum,
2386 3274 2433 3312 ut
2470 3269 2670 3314 admonet
2709 3282 2810 3326 pro-
2846 3263 2878 3329 ᾖ

1560 3342 1703 3397 pheta,
1733 3356 1852 3398 aqere
1869 3357 2054 3399 perverse
2078 3342 2184 3400 (1³0.
2226 3355 2256 3394 1,
2283 3341 2382 3398 16);
2415 3342 2554 3386 discat
2581 3341 2738 3387 dehinc
2765 3349 2810 3388 et
2838 3371 2839 3374 =

2842 3271 2866 3395 w

2845 3393 2865 3475 &RQ

1562 3488 1624 3531 sic
1643 3486 1860 3532 aediflcans
1882 3494 1926 3531 et
1947 3488 2149 3543 plantans
2167 3485 2336 3542 (Jerem.
2359 3500 2389 3540 1,
2417 3485 2500 3544 10).
2521 3485 2607 3530 Sed
2627 3487 2809 3532 muitum
2865 3503 2866 3506 ¹

1562 3562 1632 3605 liic
1658 3562 1818 3617 indiget
1840 3560 2119 3616 Reparatoris
2143 3561 2209 3605 sui
2245 3560 2422 3612 auxilio,
2461 3565 2508 3603 ut
2534 3559 2732 3605 videlieet
2760 3570 2808 3606 se
2848 3598 2849 3601 ,

1561 3640 1603 3678 et
1624 3647 1647 3678 a
1671 3635 1788 3680 vitiis
1811 3635 2044 3686 contineat,
2071 3640 2112 3677 et
2136 3634 2316 3677 virtutes
2331 3638 2528 3677 exerceat
2549 3648 2558 3676 :
2598 3633 2809 3690 incipiens
2847 3648 2877 3688 ι

1559 3704 1647 3763 jam
1674 3714 1716 3753 et
1737 3709 1835 3752 odio
1853 3709 2026 3762 habere,
2053 3708 2164 3764 quod
2184 3707 2303 3763 prius
2347 3707 2534 3758 amabat,
2574 3710 2617 3750 et
2648 3712 2808 3752 vamare
2843 3706 2865 3824 ’ξ

1563 3782 1676 3836 quod
1699 3788 1825 3827 antea
1849 3781 1946 3825 odio
1971 3781 2170 3824 babebat.
2194 3779 2258 3825 Ne
2276 3779 2391 3824 enim
2410 3777 2729 3836 primum-hunc
2741 3790 2810 3824 re·-

1563 3853 1799 3909 parationis
1821 3866 1910 3897 suae
1934 3851 2223 3897 conscendere
2259 3851 2439 3908 gradum
2461 3852 2614 3908 possit,
2639 3852 2810 3897 obsistsst
2850 3851 2874 3879 7'

1565 3927 1829 3971 consuetudo
1851 3932 1991 3978 vetus,
2015 3925 2252 3970 reluctatur
2271 3924 2499 3968 infirmitas
2527 3920 2686 3976 carnis,
2721 3925 2809 3970 dis·
2841 3946 2863 3990 ᾗ)

1566 3999 1716 4043 suadet
1735 3998 2063 4054 pusillanimitas
2082 3997 2276 4053 spiritus,
2308 3996 2502 4053 graveid
2525 3998 2809 4045 esse-asserit
2836 3992 2879 4056 ἐς

1566 4070 1619 4114 ad
1639 4072 1978 4127 suscipiendum,
2004 4073 2180 4132 gravius
2196 4085 2300 4117 vero
2323 4072 2376 4117 ad
2396 4072 2698 4117 sustinendum
2718 4087 2728 4126 ;
2748 4074 2809 4117 la·
2845 4060 2870 4081 ’

1564 4145 1711 4189 berem
1732 4145 1903 4200 quidem
1925 4145 2016 4190 sore
2039 4146 2238 4197 multum,
2267 4146 2343 4189 sed
2381 4145 2569 4189 fructum
2610 4147 2806 4200 nullum;
2843 4145 2857 4187 ι’

1566 4218 1665 4273 quia
1688 4218 1790 4261 illud
1807 4219 1960 4262 devota
1985 4219 2117 4271 subit,
2142 4218 2265 4274 quod·
2281 4230 2418 4273 usque
2439 4218 2493 4263 ad
2517 4217 2642 4262 linem
2665 4217 2808 4261 nulla-
2839 4212 2859 4244 Ρ
2879 4256 2880 4260 ,

1567 4299 1692 4335 tenus
1710 4292 2092 4347 perducere-valet.
2118 4291 2215 4334 Non
2234 4291 2349 4334 enim
2370 4290 2466 4333 sine
2483 4301 2638 4346 magna
2655 4299 2807 4346 grave·
2872 4291 2877 4301 ¹

2843 3828 2856 3839 ..ὅ

1567 4362 1664 4406 dine
1683 4363 1898 4407 dimittere
1922 4364 2114 4407 solemus
2135 4361 2249 4420 quod
2273 4373 2371 4403 cum
2390 4372 2544 4417 inagna
2565 4359 2639 4404 diu
2664 4360 2812 4403 dulce·
2878 4363 2879 4366 ’

1568 4434 1666 4479 dine
1689 4447 1888 4479 exercere
1912 4436 2171 4480 solebamus.
2190 4432 2270 4476 -Sie
2294 4438 2463 4488 quoque
2485 4438 2527 4477 et
2547 4432 2628 4477 iter
2650 4441 2811 4479 novum
