2924 4588
268 152 376 200 *757
422 191 426 198 r
553 171 582 207 ς

290 329 393 375 saga
416 322 459 360 et
497 314 692 358 undecim
730 317 869 363 erant,
891 321 938 356 er
974 311 1162 355 cilicina.
1188 310 1269 354 Per
1290 321 1514 353 numerum

286 391 442 446 quippe
465 386 743 431 unde-rium
776 385 880 440 legis
912 383 1223 440 transgressum
1250 395 1323 439 per
1344 382 1514 427 cilicina

286 471 403 510 vero,
427 470 521 514 quae
542 458 593 500 de
618 455 797 511 pellibus
836 467 1060 511 caprarum
1078 487 1089 505 ‚
1114 466 1209 510 quae
1240 465 1317 509 pro
1341 458 1515 508 peccato

283 531 497 588 quondam
521 530 563 572 in
584 530 674 583 lege
697 528 890 571 solebant
912 526 1070 575 offerri,
1092 527 1204 571 sacta
1228 531 1343 574 sunt,
1360 526 1514 570 mentis

283 598 490 653 accipitur
510 597 797 651 compunctio.
825 594 935 651 Saga
959 595 1088 651 igitur
1110 593 1306 638 undecim
1320 597 1458 643 erant,
1472 598 1515 635 ct

282 670 476 720 cilicium
501 669 602 724 quia
642 669 685 711 in
710 680 802 711 san(
818 669 872 711 tis
903 672 1062 710 sanctae
1086 665 1288 709 Ecclesiae
1307 664 1510 721 praelatis,

282 741 436 798 siquid
460 740 569 784 sorte
598 740 878 783 undenarium
919 740 961 782 in
996 740 1139 794 aliquo
1162 738 1353 794 inquinat
1370 742 1514 780 trans·-

280 814 531 871 gressionis.
555 813 745 856 cilicium
766 813 900 855 abluit
925 811 1282 867 compunctionis.

332 884 489 931 C-LXll.
524 883 576 928 Ut
595 891 734 928 autem
751 884 803 928 de
816 885 981 927 duobus
998 883 1270 938 operimentis
1287 895 1380 938 quae
1403 888 1511 926 etex

279 959 459 1016 pellibus
481 958 651 1006 fiebant,
667 962 708 1001 et
723 969 805 999 non
827 957 1010 1011 parietes
1032 954 1200 1011 quidem
1224 954 1507 1006 tabernaculi,

278 1031 352 1076 sed
377 1037 532 1074 tectum
557 1028 825 1072 solummodo
849 1029 1125 1083 operiebant,
1150 1027 1337 1070 breviter
1358 1027 1509 1082 loqua-

278 1112 390 1155 mur,
415 1102 544 1157 pelles
578 1100 758 1142 arietum
798 1099 1024 1142 rubricatae
1058 1100 1194 1142 sancti
1230 1104 1358 1149 sunt,
1384 1110 1509 1141 suum

276 1186 353 1230 pro
375 1173 533 1217 Christi
556 1173 727 1217 nomine
750 1173 997 1227 sanguinem
1017 1171 1268 1223 fundentes3
1295 1171 1511 1227 pellesque

276 1246 560 1302 hyacinthinae
592 1246 692 1288 item
725 1244 863 1288 sancti
897 1250 996 1288 sunt
1029 1256 1105 1299 per
1126 1244 1507 1299 incorruptionem,

274 1327 322 1365 ¹¹¹·
344 1321 482 1377 ²⁰80st
499 1332 592 1364 02¹ss
613 1320 655 1362 1¹¹
679 1330 862 1373 001'130'0
883 1323 925 1362 θῑ
947 1318 1164 1362 ῦωῖθδῑθῐῦ
1188 1318 1231 1360 ἰῐὶ
1256 1318 1384 1361 terris
1404 1328 1507 1360 ⁰0¹¹-
1532 1308 1566 1353 Β
1589 1326 1718 1370 tendo
1740 1336 2023 1369 concremare
2039 1355 2050 1374 ,
2075 1328 2117 1368 et
2140 1322 2398 1367 continendo
2421 1315 2600 1367 necesse
2630 1322 2845 1370 babemus

275 1393 559 1438 versationem
582 1392 803 1435 ducentes.
830 1389 963 1446 igitur
998 1390 1035 1435 si
1057 1402 1204 1434 eorum
1223 1422 1233 1442 ,
1259 1389 1332 1445 qui
1357 1390 1399 1432 in
1426 1389 1505 1433 Ec·

274 1467 404 1511 clesia
439 1466 582 1522 quiete
605 1466 777 1516 vivunt,
802 1474 1012 1509 secretam
1043 1463 1410 1508 conversationem
1433 1476 1443 1515 ;
1469 1463 1505 1506 si

274 1538 480 1582 bonorum
496 1538 762 1593 praelatorum
785 1535 1178 1592 compunctionem;
1202 1535 1239 1579 si
1259 1536 1505 1590 patientiam

274 1618 533 1666 martyrum;
556 1611 590 1654 si
614 1610 977 1665 incorruptionem
1002 1608 1213 1663 virginum
1234 1606 1379 1651 sedula
1394 1607 1504 1662 apud

273 1683 546 1737 temetipsum
580 1682 855 1725 meditatione
887 1683 928 1724 in
952 1682 1107 1726 mentis
1142 1681 1334 1726 conclavi
1358 1692 1508 1725 recon-

273 1755 356 1806 dis,
380 1762 420 1799 et
440 1755 493 1797 ad
516 1767 665 1798 eorum
701 1756 971 1799 sanctitatem
995 1754 1139 1799 cordis
1161 1755 1219 1798 tui
1245 1754 1503 1798 desiderium

272 1829 497 1877 accendis,
522 1840 681 1882 eosque
718 1841 795 1884 pro
819 1841 943 1883 posse
975 1833 1049 1871 tuo
1078 1828 1235 1871 imitari
1260 1828 1464 1884 proponis
1492 1844 1500 1870 :

273 1899 465 1956 profecto
487 1903 676 1944 cortinas
710 1902 888 1946 decoras
907 1933 918 1951 ,
944 1914 1042 1958 saga
1062 1902 1230 1944 cilicina
1247 1934 1258 1951 ,
1280 1902 1410 1957 pelles
1432 1914 1505 1944 ru·

271 1971 459 2015 bricatas
503 1978 543 2015 et
586 1973 883 2029 hyacinthinas
919 1987 1045 2029 super
1078 1974 1243 2018 tabulas
1285 1982 1379 2018 tuas
1404 1987 1505 2018 sus-

271 2044 433 2100 pendis.
452 2042 534 2089 Sed
552 2046 663 2089 sicut
684 2047 726 2089 in
742 2046 926 2091 secunda
947 2048 1041 2091 libri
1061 2047 1187 2103 huJus
1204 2054 1322 2104 parte
1345 2049 1503 2092 dictum

270 2120 351 2168 est,
373 2119 651 2169 neccortinre‚
671 2131 748 2162 nec
766 2132 881 2174 saga,
902 2133 980 2164 nec
1005 2121 1151 2175 pelles,
1174 2120 1398 2176 dequibus
1418 2127 1503 2165 tam

272 2190 403 2234 multa
424 2190 513 2246 jam
536 2191 740 2242 dlxiinus,
761 2193 885 2235 oculo
908 2193 1120 2249 corporali
1162 2196 1203 2236 in
1235 2194 1314 2237 liae
1336 2195 1502 2250 pictura

271 2269 434 2314 nostra,
460 2265 679 2320 quaeJacet
697 2265 738 2307 in
757 2266 899 2322 plano,
919 2271 1098 2321 possunt
1115 2265 1270 2318 videri;
1294 2268 1393 2315 quia
1409 2278 1505 2309 cor-

271 2334 371 2378 tinae
393 2342 434 2378 et
458 2337 572 2391 sagis
609 2338 822 2393 undique.
850 2350 902 2382 ne
943 2345 1192 2394 appareant,
1220 2347 1267 2382 ut
1289 2340 1331 2383 in
1351 2352 1506 2396 preecc-

270 2404 466 2451 dentibus
478 2408 737 2452 sufficienter
753 2415 971 2453 ostensum
988 2416 1068 2461 est,
1088 2415 1315 2466 teguntur;
1340 2417 1382 2455 et
1399 2423 1503 2467 saga
1524 2397 1557 2443 C
1585 2416 1752 2471 inquit,
1788 2413 1931 2457 Aaron
1959 2422 1998 2458 et
2031 2414 2111 2470 filii
2146 2414 2235 2470 ejus
2265 2425 2413 2455 ηιαηιιε
2443 2425 2544 2455 suas
2585 2423 2635 2454 ac
2679 2408 2802 2466 pedes
2819 2440 2832 2460 .

272 2478 354 2522 sub
375 2479 514 2524 tribus
550 2482 784 2539 parietibus
819 2483 861 2525 in
886 2483 1010 2538 plano
1044 2484 1220 2539 picturae
1238 2483 1501 2539 jacentibus,

271 2556 315 2595 et
339 2550 420 2596 sub
437 2555 643 2608 tentorio,
663 2553 776 2611 quod
809 2555 852 2598 in
876 2555 1041 2612 pictura
1065 2555 1117 2599 ad
1145 2556 1352 2601 orientem
1372 2557 1502 2612 Jacet,

268 2625 391 2681 quasi
414 2637 466 2669 ex
497 2631 587 2670 toto
621 2628 965 2679 abscondantur.
994 2629 1313 2686 intelliguntur;
1357 2635 1400 2674 et
1439 2636 1502 2674 te·

269 2700 385 2738 etum
407 2699 632 2752 parietum,
647 2699 753 2756 ipsis
778 2700 1011 2755 parietibus
1035 2701 1077 2743 in
1095 2701 1222 2756 plano
1243 2702 1420 2758 picturae
1439 2704 1507 2758 J'a·

269 2769 489 2821 centibus,
510 2773 686 2815 omnino
709 2785 793 2816 non
822 2773 1002 2818 videtur.
1027 2772 1327 2820 Verumtamen
1345 2782 1392 2820 ut
1417 2777 1508 2821 haec

270 2844 531 2896 operimenta
556 2850 597 2888 et
614 2846 825 2889 invisibili
848 2846 920 2890 illo
936 2845 1059 2904 431
1076 2848 1353 2893 tabernaculo
1372 2849 1506 2907 Moysi

270 2914 495 2958 visibiliter
517 2916 711 2968 infuisse,
732 2927 773 2961 ut
794 2917 869 2977 [ct]
891 2919 932 2962 in
951 2920 1107 2963 visibili
1124 2920 1399 2967 tabernaculo
1413 2924 1508 2967 ani·

274 2988 331 3031 mi
346 2988 625 3044 spiritualiter
643 2991 723 3034 boc
743 2992 870 3035 modo
893 2998 1150 3044 censeantur
1171 2994 1325 3039 debere
1347 2995 1504 3048 inesse,

271 3071 399 3116 prope
418 3060 538 3116 juxta
558 3064 693 3117 ipsum
719 3065 1057 3115 tabernaculum,
1080 3065 1122 3108 in
1142 3067 1270 3118 atrio,
1290 3067 1415 3123 juxta
1444 3070 1506 3113 le·

269 3133 400 3177 vitam
424 3135 715 3189 aquilonarem
735 3138 877 3180 scribo
900 3138 1010 3181 hanc
1033 3138 1287 3183 dictionem:
1309 3141 1504 3186 Cortinoe.

271 3202 432 3248 Deinde
466 3206 728 3262 aliquantum
766 3209 819 3252 ab
857 3209 936 3253 hac
974 3210 1160 3257 dictione
1191 3213 1335 3257 scribo
1373 3215 1509 3271 nigris

271 3275 450 3321 litteris:
474 3276 598 3334 Saqa.
626 3278 782 3323 Deinde
806 3280 895 3325 baec
917 3282 1003 3325 duo
1024 3294 1151 3327 verna
1167 3306 1192 3333 ,·
1206 3285 1369 3330 scilicet
1385 3287 1508 3342 pelles

270 3349 523 3402 rubria-aue,
560 3351 705 3396 rubeis
740 3352 896 3398 litteris
929 3355 1087 3399 scribo.
1127 3356 1179 3399 Et
1210 3358 1357 3402 eodem
1385 3359 1510 3404 modo

270 3420 431 3466 litteris
463 3422 750 3479 hyacinthinis
778 3425 945 3469 :Pelles
972 3426 1263 3483 hyacinthinae.
1303 3430 1428 3483 Quia,
1462 3438 1508 3475 ut

270 3494 432 3538 dictum
456 3501 546 3546 cst,
571 3503 612 3540 et
636 3497 803 3542 tabulas
822 3500 1011 3549 cortinae,
1034 3506 1077 3543 et
1100 3502 1291 3547 cortinas
1309 3505 1507 3560 tegebant

272 3577 389 3622 saga.
415 3565 579 3620 Quibus
602 3569 794 3624 proiecto
813 3572 943 3626 sagis,
969 3578 1176 3627 quantum
1201 3574 1303 3618 tecti
1325 3575 1508 3619 durabat

272 3641 472 3694 spatium,
492 3642 622 3689 pelles
647 3645 1044 3699 superponebantur
1065 3647 1306 3698 rubricatio,
1329 3648 1509 3706 istisque

273 3711 452 3766 pellibus
491 3714 582 3758 aliae
618 3717 1012 3771 superaddebantur
1037 3751 1047 3769 ,
1094 3733 1190 3775 quae
1227 3721 1510 3776 hyacinthinae

273 3789 411 3827 crant.
460 3784 618 3831 Deinde
665 3794 781 3832 extra
822 3790 1142 3834 tabernaculum
1181 3792 1233 3834 ad
1274 3796 1478 3839 orientem
1496 3829 1507 3847 ,

271 3854 394 3912 Juxta
416 3856 635 3902 introitum
667 3862 871 3913 tentorii,
898 3864 1079 3907 interius
1112 3866 1246 3909 altare
1272 3867 1511 3912 holocausti

276 3932 454 3982 statuo;
488 3937 531 3973 et
569 3931 611 3974 iu
646 3943 697 3975 eo
729 3933 867 3988 ignem
907 3936 1138 3979 succendo.
1174 3936 1267 3980 Duo
1300 3938 1353 3981 ad
1388 3944 1511 3984 vetus

278 4000 380 4043 illud
395 4001 711 4046 tabernaculum
733 4003 862 4062 Moysi
883 4008 1031 4050 altaria
1049 4008 1332 4063 pertinebant.
1350 4010 1510 4065 Unum,

278 4072 391 4128 quod
410 4074 599 4119 exterius
619 4084 710 4118 erat
730 4091 740 4129 ;
763 4077 959 4128 alterum,
985 4080 1098 4135 quod
1124 4082 1319 4126 interius.
1344 4082 1510 4135 Unum,

279 4144 394 4199 quod
432 4156 572 4199 auro;
612 4147 822 4199 alterum,
859 4151 973 4205 quod
1009 4164 1093 4195 aere
1128 4162 1375 4209 coopertum
1415 4154 1509 4199 suit.

282 4216 421 4261 Unum
442 4218 641 4275 denique,
675 4221 723 4264 in
740 4234 826 4277 quo
849 4223 1124 4279 thymiamata
1151 4227 1513 4285 incendebantur;

283 4291 485 4351 alterum,
511 4292 553 4334 in
589 4305 675 4349 quo
698 4295 898 4338 animalia
921 4296 1266 4345 immolabantur.
1308 4302 1391 4347 Sed
1414 4304 1515 4360 quid

281 4373 357 4415 per
380 4363 559 4408 interius
593 4364 696 4408 illud
718 4366 852 4410 altare
876 4370 1094 4415 moraliter
1116 4373 1409 4429 accipiendum
1433 4377 1488 4420 sit
1503 4408 1515 4429 ,

283 4446 332 4477 cx
374 4443 493 4490 parte
524 4438 612 4493 jam
649 4443 869 4485 ostensum
903 4448 983 4487 est.
1027 4443 1109 4489 Per
1129 4444 1210 4490 hoc
1228 4459 1331 4492 vero
1351 4449 1484 4494 altare
1504 4483 1515 4503 ‚

1169 146 1340 193 Anam
1373 139 1959 208 PRAERONSTnAn-:n'sts

289 250 344 293 lis
382 258 481 291 mox
518 243 721 288 abradere
755 253 843 286 mn
871 240 1216 296 omittunt2quia
1250 242 1338 283 baec
1367 237 1514 282 eadem
1538 236 1572 283 Α
1595 234 1709 290 quod
1746 233 1934 278 exterius
1970 237 2063 276 erat
2082 263 2092 282 ,
2134 230 2179 275 ln
2207 243 2293 288 quo
2320 237 2367 276 et
2402 243 2558 277 carnes
2590 231 2842 278 animalium

2756 143 2839 188 ἠδ
2848 177 2850 179 ,

1594 307 1737 351 offerri
1774 306 2001 356 solebant,
2039 303 2211 347 illorum
2236 309 2402 349 mentes
2435 303 2670 361 figuraliter
2701 306 2839 364 accipi

1594 384 1799 435 possunt,
1837 379 1910 440 qui
1935 376 2139 432 operibus
2157 376 2425 426 carnalibus,
2448 377 2516 420 vel
2541 377 2608 420 his
2638 377 2840 434 quaejam
2882 369 2893 451 ξ

1594 452 1848 495 commisere
1885 462 1961 506 per
1996 449 2293 505 poenitentiam
2339 449 2632 507 plangendis3
2668 449 2736 494 vel
2771 446 2842 496 hb
2884 452 2892 478 '³

1594 525 1750 580 quibus
1783 523 1964 578 singulis
1997 521 2147 566 diebus
2182 521 2323 565 adbuc
2355 526 2577 566 tentantur
2598 534 2675 578 per
2700 522 2842 568 conti-

1593 595 1784 639 nentiam
1811 593 2082 643 resistendis,
2111 592 2332 648 vigilantia
2355 593 2537 638 sollicita
2565 597 2609 637 ct
2637 589 2844 643 sollicito-2
2884 560 2891 674 ζ

1593 667 1693 710 dine
1724 664 1919 720 pervigili
1947 664 2168 708 insistunt.
2201 660 2366 707 idcirco
2404 669 2454 716 et.
2477 664 2520 707 in
2557 664 2638 708 bac
2673 665 2840 721 pictura
2877 682 2890 714 ·,

1592 745 1741 782 nostra
1767 737 1819 780 ad
1838 738 1973 781 altare
1999 737 2115 781 istud
2157 737 2329 781 levitam
2352 737 2580 793 quemdam
2597 768 2608 790 ,
2633 738 2772 782 rusam
2792 738 2841 785 in

1592 824 1643 856 eo
1678 810 1854 853 vitulam
1891 822 1990 854 cum
2031 811 2171 854 cultro
2206 809 2496 854 immolantem
2531 811 2713 869 depingo
2743 826 2757 857 ε
2792 816 2889 883 utfj

1591 885 1842 930 ostendatur
1865 886 1965 941 quia
1985 896 2114 941 opera
2136 885 2348 936 carnalia,
2385 890 2428 929 et
2448 897 2499 928 ea
2543 898 2638 942 quae
2662 886 2844 931 commi·
2878 887 2889 945 :³

1591 960 1729 1003 simus
1748 991 1759 1011 ,
1795 959 1839 1001 in
1863 970 1936 1000 ara
1958 957 2103 1001 cordis
2126 958 2225 1013 igne
2246 956 2510 1012 poenitentiae
2532 969 2807 1003 concremare
2825 947 2854 1011 ς’

1591 1037 1632 1076 et
1672 1044 1722 1075 ea
1772 1032 1928 1087 quibus
1953 1030 2092 1073 adhuc
2118 1035 2365 1079 tentamur,
2403 1030 2542 1072 cultro
2564 1030 2844 1078 commentus
2880 1035 2887 1082 ζ

1589 1104 1850 1148 mortificare
1870 1102 2089 1145 debemus.
2113 1098 2253 1158 Supra
2277 1102 2391 1156 quod
2412 1102 2539 1145 etiam
2563 1102 2696 1145 altare
2719 1102 2843 1157 quin·
2883 1129 2887 1149 ;

1589 1191 1672 1235 que
1711 1176 1869 1233 gradus
1909 1176 2047 1228 saci03
2099 1175 2199 1232 quia
2238 1175 2442 1217 nimirum
2492 1174 2840 1230 quinquepartita
2880 1166 2881 1170 ¹

1589 1257 1655 1296 est
1696 1261 1901 1295 sensuum
1939 1257 2186 1291 nostrorum
2221 1247 2426 1297 lascivia,
2459 1259 2589 1303 quam
2623 1254 2666 1292 et
2698 1250 2862 1304 poenin·

1586 1398 1876 1442 mortificare:
1905 1396 2104 1440 videlicet
2126 1396 2296 1440 vanitas
2321 1395 2365 1439 in
2391 1403 2569 1452 aspectu
2593 1397 2853 1452 oculorum..-

1586 1470 1817 1514 curiositas
1857 1470 1899 1511 in
1935 1467 2086 1511 auditu
2121 1467 2288 1510 aurium
2312 1498 2323 1518 ,
2365 1467 2564 1523 voluptas
2602 1467 2646 1515 in
2678 1467 2870 1524 olfactu„

1586 1543 1755 1586 narium
1774 1574 1786 1594 ,
1824 1540 2015 1588 edacitas
2050 1540 2094 1583 in
2127 1545 2254 1596 gustu
2280 1538 2470 1583 faucium
2491 1570 2503 1591 ,
2538 1540 2766 1598 impuritas
2797 1542 2881 1589 iu

1585 1621 1702 1659 tactu
1723 1626 1950 1659 manuum.

2054 1702 2235 1749 CAPUT
2265 1702 2357 1750 xli.

1586 1777 1644 1822 De
1669 1777 1783 1822 labro
1809 1790 1922 1822 oeneo
1954 1785 1994 1821 et
2016 1777 2066 1821 de
2087 1778 2261 1877 pictourt‘s
2309 1791 2401 1835 quae
2427 1777 2482 1822 ad
2507 1778 2615 1822 idem
2634 1778 2845 1833 pertinent

2135 1848 2160 1878 a
2189 1848 2298 1878 rum.

1638 1905 1816 1952 chm.
1842 1907 1947 1951 Post
1974 1906 2067 1951 haec
2087 1906 2257 1952 labrum
2281 1906 2496 1963 quoddam
2514 1918 2678 1951 aeneum
2697 1903 2836 1950 facio:

1583 1984 1625 2021 et
1657 1980 1787 2022 missa
1812 1980 1855 2022 in
1875 1986 1926 2023 eo
1949 1991 2076 2035 aqna,
2101 1978 2214 2022 inter
2234 1978 2317 2021 hoc
2338 2010 2348 2030 ‚
2377 1978 2430 2023 de
2451 1990 2538 2035 quo
2554 1978 2682 2022 modo
2704 1977 2838 2022 locuni

1584 2064 1750 2103 sumus,
1777 2053 1911 2096 altare
1947 2052 2205 2102 holocausti,
2243 2057 2284 2095 et
2310 2051 2448 2107 ipsum
2474 2050 2739 2095 tabernaculi
2771 2048 2878 2104 in-f'

1583 2138 1794 2182 gressum,
1820 2125 1925 2168 illud
1948 2137 2076 2181 pono.
2110 2123 2296 2167 Labi-um
2326 2123 2404 2167 Ιιοο
2438 2111 2689 2167 ablutionem
2719 2121 2836 2167 nobis

1584 2199 1940 2252 compunctionis,
1979 2205 2020 2242 et
2060 2199 2346 2254 lacrymarum
2383 2196 2641 2240 commendat
2673 2206 2687 2237 .·
2729 2205 2838 2251 quas
2866 2182 2879 2222 3·

1583 2271 1755 2327 quidem
1779 2283 1948 2327 semper
1969 2283 2078 2328 opus
2095 2270 2303 2314 babemus
2325 2284 2334 2323 ;
2354 2269 2540 2312 maxime
2560 2271 2719 2318 autem,
2738 2274 2838 2310 cum
2859 2275 2877 2322 j

1587 2345 1804 2402 mysteriis
1821 2344 2068 2388 coelestibus
2086 2341 2372 2387 ministraturi
2388 2339 2649 2385 accedimus.
2665 2337 2835 2392 Latent,
2871 2334 2877 2340 “

1583 2485 1748 2544 quando
1772 2486 2003 2542 inqressuri
2039 2493 2137 2529 sunt
2166 2483 2484 2528 tabernacu!um
2518 2476 2775 2536 testimonii,
2798 2485 2839 2526 et
2873 2480 2875 2482 ’

1584 2558 1749 2615 quando
1781 2558 1990 2601 accessuri
2027 2564 2123 2600 runt
2157 2555 2211 2599 ad
2244 2557 2380 2599 altare
2399 2587 2410 2607 ,
2434 2563 2480 2598 ut
2506 2553 2683 2610 offerant
2712 2554 2756 2598 in
2791 2566 2839 2598 eo
2871 2586 2873 2601 ÷

1587 2631 1812 2686 thymia-ma
1839 2629 2019 2688 Domino
2036 2663 2048 2683 ‚
2069 2642 2117 2673 ne
2144 2629 2252 2685 sorte
2282 2629 2518 2672 moriantur
2540 2625 2696 2686 (Excd.
2722 2639 2806 2670 xxx
2824 2658 2836 2678 .
2863 2647 2873 2659 -,

1588 2704 1654 2756 19,
1675 2703 1766 2761 ΞΟ).
1803 2703 1918 2748 Mors
1939 2703 2096 2747 etenim
2119 2702 2309 2746 timenda
2327 2707 2394 2746 est
2426 2701 2580 2745 animae
2603 2699 2841 2756 spiritualis

1585 2782 1627 2820 ct
1650 2782 1808 2820 aeterna
1831 2809 1842 2828 ‚
1868 2777 1907 2822 si
1931 2776 2029 2832 quis
2062 2775 2114 2820 ad
2139 2780 2414 2820 sacrosancta
2442 2773 2647 2831 mysteria
2676 2768 2841 2830 absque

1587 2850 1800 2905 spirituali
1822 2849 2042 2893 ablutione
2081 2847 2428 2904 compunctionis
2453 2846 2841 2894 intrareetsancta

1587 2924 1757 2968 Domini
1786 2922 2097 2968 communibus
2122 2922 2325 2966 manibus
2368 2925 2556 2965 tractare
2598 2919 2837 2977 praesumit.

1586 2995 1749 3040 Lavent
1784 3007 1887 3051 ergo
1919 3003 2075 3038 manus
2113 3005 2214 3038 suas
2253 3005 2303 3036 ac
2339 2991 2469 3049 pedes
2502 2992 2547 3036 in
2585 3003 2697 3048 aqua
2729 2990 2839 3036 labri

1586 3067 1693 3111 aenci
1711 3100 1722 3118 ,
1749 3073 1793 3111 et
1815 3067 1879 3111 sic
1900 3065 1956 3111 ad
1980 3066 2115 3110 altare
2137 3063 2374 3109 accedant:
2404 3064 2446 3108 id
2469 3068 2552 3115 cst,
2577 3063 2754 3108 abluant
2779 3064 2840 3107 la·

1588 3143 1748 3199 crymis
1778 3146 1902 3186 actus
1933 3145 1978 3187 et
2014 3139 2211 3184 incessus
2247 3141 2350 3183 suos
2371 3171 2382 3189 ,
2421 3150 2472 3182 ac
2503 3138 2659 3183 deinde
2685 3129 2840 3184 manus
2867 3185 2868 3188 ,

1589 3226 1690 3258 3333
1713 3214 1764 3257 ad
1791 3213 2076 3270 contingenda
2093 3212 2254 3256 Christi
2274 3212 2476 3268 mysteria
2499 3213 2736 3267 proferant,
2762 3222 2840 3268 pe-
2865 3239 2868 3245 =

1588 3289 1775 3343 dumque
1814 3298 1991 3344 gressus
2029 3286 2073 3328 in
2107 3284 2216 3327 atria
2256 3283 2423 3327 Domini
2448 3293 2626 3340 ponant.
2653 3282 2752 3328 ideo
2783 3275 2865 3327 ad'

1589 3361 1756 3404 labrum
1779 3359 1862 3403 hoc
1879 3391 1890 3411 ,
1918 3357 2033 3416 quod
2055 3360 2100 3400 in
2126 3357 2293 3412 pictura
2316 3361 2464 3400 nostra
2491 3355 2672 3402 fecimus
2689 3388 2700 3407 ,
2727 3355 2838 3401 duos

1590 3432 1851 3482 sacerdotes,
1877 3443 2008 3476 unum
2034 3442 2202 3478 manus,
2228 3435 2269 3473 et
2294 3429 2422 3472 alium
2447 3429 2575 3484 pedes
2597 3428 2839 3472 abluentem

1589 3506 1892 3561 depinximus;
1915 3504 2018 3560 quia
2040 3503 2286 3546 orationum
2312 3501 2476 3546 hostias
2504 3500 2686 3546 Domino
2720 3502 2843 3546 obla-

1584 3581 1672 3623 turi
1693 3613 1704 3632 ,
1729 3583 1772 3622 et
1791 3578 1934 3622 cordis
1961 3575 2140 3620 affectus
2156 3607 2167 3625 ,
2193 3575 2265 3630 qui
2292 3587 2367 3630 per
2391 3574 2522 3630 pedes
2539 3606 2550 3624 .
2577 3579 2620 3619 et
2644 3574 2854 3630 corpor-iss

1588 3659 1709 3696 actus
1729 3684 1740 3703 ,
1780 3651 1853 3707 qui
1887 3649 2165 3705 designantur
2191 3660 2264 3703 pei¹
2289 3658 2441 3690 luanus
2462 3679 2473 3697 ,
2507 3646 2548 3690 in
2573 3647 2696 3702 aquis
2716 3640 2839 3706 eom-

1588 3725 1835 3781 punctionis
1854 3729 1894 3766 et
1913 3724 2033 3766 labro
2054 3720 2344 3765 consessionis
2365 3719 2598 3763 emundare
2616 3718 2849 3766 debemuss

1590 3797 1633 3839 ln
1658 3809 1742 3852 quo
1768 3796 1897 3840 etiam
1931 3795 2053 3837 labro
2075 3805 2195 3837 aeneo
2219 3796 2404 3848 ‹piatuor
2435 3791 2596 3847 gradus
2621 3790 2852 3848 paululum·

1591 3869 1644 3912 ab
1668 3869 1850 3913 invicem
1876 3866 2085 3912 distantes
2112 3865 2250 3917 sacio;
2276 3866 2377 3921 quia
2403 3865 2649 3920 quicunque
2669 3861 2842 3920 plenam

1591 3942 1633 3985 in
1659 3954 1704 3987 se
1730 3941 1914 3985 voluerit
1940 3939 2165 3996 acquirere
2188 3930 2563 3992 compunctionem
2584 3969 2595 3989 ,
2621 3937 2711 3982 baec
2732 3948 2848 3994 qua-¹

1592 4026 1693 4062 tuor
1729 4029 1906 4062 necesse
1948 4021 2014 4060 est
2059 4020 2106 4057 ut
2128 4013 2353 4069 diligenter
2375 4012 2647 4056 consideret:
2674 4007 2841 4059 scilicet

1591 4091 1665 4134 ubi
1689 4090 1766 4134 fuit
1782 4122 1792 4141 ,
1820 4089 1891 4132 ubi
1916 4093 2009 4136 est.
2035 4086 2104 4130 ubi
2134 4096 2229 4128 esse
2255 4095 2342 4127 non
2367 4084 2480 4134 vult,
2507 4083 2578 4126 ubi
2598 4095 2696 4128 esse
2717 4081 2836 4128 desis

1593 4162 1728 4218 derat.
1749 4160 1828 4204 Ubi
1849 4159 1944 4211 fuit,
1960 4158 2000 4201 id
2021 4162 2086 4202 est
2109 4157 2152 4199 ‘m
2174 4162 2366 4211 peccato.
2392 4153 2474 4198 Ubi
2499 4160 2579 4205 est,
2598 4155 2641 4199 in
2658 4155 2835 4201 mundos

1596 4233 1677 4278 Ubi
1701 4245 1798 4278 esse
1815 4245 1903 4276 non
1926 4231 2044 4279 vult,
2072 4230 2116 4272 in
2141 4227 2327 4272 inferno.
2357 4226 2439 4271 Ubi
2471 4239 2568 4272 esse
2595 4227 2835 4280 desiderat,

1595 4305 1638 4346 in
1669 4304 1793 4347 coelo.
1824 4301 1966 4346 Locus
1997 4300 2167 4354 itaque,
2200 4297 2245 4340 in
2276 4309 2363 4354 quo
2395 4296 2582 4350 fuimus,
2616 4302 2839 4354 peccatum

1597 4383 1678 4422 est.
1711 4376 1834 4429 Quod
1865 4374 2036 4432 quidem
2080 4372 2218 4415 tribus
2249 4369 2390 4414 modis
2422 4371 2465 4416 in
2494 4372 2620 4415 nobis
2651 4370 2762 4414 suit:
2792 4370 2837 4413 in

1598 4450 1726 4494 corde
1746 4482 1758 4502 ,
1791 4450 1835 4493 in
1866 4460 1943 4493 ore
1962 4479 1973 4501 ,
2007 4451 2049 4491 et
2090 4443 2135 4487 in
2176 4454 2371 4498 corpore.
2416 4443 2591 4490 Duobus
2623 4444 2761 4488 modis
2792 4441 2839 4486 itt
