2924 4588
117 30 195 87 ssi

797 8 1120 92 saltuosas.
1151 67 1200 76 -
1237 41 1291 88 tu
1321 41 1747 99 cuncuucisioNe
1773 45 1976 90 nomini.

2603 50 2687 94 582

115 137 294 184 statum,
322 138 364 175 ct
384 130 525 188 poenis
561 130 605 175 in
640 130 733 187 ipsa
758 135 961 188 corporis
991 133 1224 179 afflictione
1254 135 1367 178 miil-
1388 140 1426 187 Λ
1445 134 1711 187 sanctitatis,
1736 148 1832 191 quie
1864 136 1907 179 in
1930 133 2076 178 anima
2091 139 2187 189 est,
2213 133 2413 177 custodia
2438 138 2479 177 et
2496 133 2688 180 defensio

115 211 295 249 etat-nn.
992 243 994 245 ,

174 275 280 321 Xlll.
313 276 523 328 Quartum
549 288 651 320 vero
673 275 912 333 disciplinae
931 289 1067 333 genus
1091 277 1145 322 ad
1161 278 1364 322 tentatio-

70 406 72 409 ἵ
115 363 192 394 nes
212 351 413 406 pertinet,
441 363 535 404 quae
561 350 687 394 nobis
719 350 1012 394 indesinenter
1031 351 1223 397 molestae
1245 359 1360 397 sunt.

115 425 166 467 Et
184 426 290 468 bene
301 424 397 467 dico
412 424 703 468 indesinenter
714 425 921 469 molestas
939 425 1063 469 nobis
1081 427 1336 470 tentationes
1349 443 1359 470 ε

0 499 21 512 ·“
72 550 74 554 .
112 495 213 551 quia
236 495 406 538 tertiatio
423 502 484 538 est
503 496 588 539 vita
609 494 786 540 hominis
810 509 932 551 super
956 503 1109 541 terram
1137 497 1234 555 (Iob
1279 511 1371 552 vn,

79 623 82 624 ⁷
113 565 174 624 1).
199 565 321 625 Hanc
344 565 490 622 itaque
526 567 812 612 tentationum
840 567 1106 620 instantiam,
1133 569 1362 624 quemdam

68 629 70 632 ’
110 650 199 680 non
226 637 381 694 *minus
409 637 569 680 bonum
591 649 720 694 quam
746 645 919 682 acutum
943 639 1126 683 dixerim
1149 641 1358 684 cultrum:

111 720 197 764 quo
219 709 332 751 mala
354 715 397 752 et
414 708 665 770 reproba-in
687 709 814 754 'nobis
838 709 1114 766 superfluitas
1133 712 1364 756 circumci-

11 764 15 770 ’
68 816 70 818 ,
110 782 250 826 denda
271 789 351 827 est.
376 781 471 838 ipsa
501 794 710 840 namque,
728 783 789 827 vde
809 783 1013 850 instantia
1036 785 1190 842 loquor
1221 791 1364 830 tenta⁴

110 858 474 910 tionum,.'nutrix
511 864 578 902 est
600 857 884 903 huniilitatis:
912 858 1135 908 humilitas
1167 854 1287 912 vero,
1312 865 1362 903 ut

95 932 250 985 scitis,
276 929 378 977 vitia
401 931 576 988 perimit
597 936 640 975 et
662 932 874 975 annihilat
896 946 907 986 ;
931 931 1114 977 virtutes
1132 945 1234 977 vero
1260 933 1360 977 sun-

110 1003 184 1046 dat
205 1010 249 1048 et
268 1003 469 1050 fundatas
492 1010 744 1049 conservat:
773 1005 875 1048 dum
898 1005 1014 1049 enim
1038 1005 1163 1049 fortis
1185 1006 1361 1049 bumili-

110 1079 241 1120 tatem
262 1074 461 1125 nostram
485 1077 667 1120 tentatio
690 1076 900 1131 concutit,
924 1075 977 1120 ad
1001 1078 1223 1134 propriam
1251 1091 1361 1134 quo-

0 1135 11 1156 ²
74 1171 78 1174 ·
109 1149 206 1205 que·
233 1154 417 1194 mentem
439 1182 449 1202 ‚
479 1157 678 1193 nostram
715 1149 1004 1204 cognitionem
1038 1150 1222 1195 reducit.
1257 1151 1360 1204 Quae

1446 208 1669 252 humilitas
1681 213 1774 252 est:
1798 213 1842 253 et
1866 208 1948 251 idci
2142 206 2255 250 iliud
2267 207 2372 250 mibi
2389 207 2558 252 videtur
2574 221 2686 261 csse,

1445 280 1618 338 auferre
1634 281 1689 335 ab
1706 281 1849 332 anima
1871 280 2160 325 humilitatem
2176 312 2188 332 ,
2211 286 2340 336 quam
2358 291 2382 322 a
2403 271 2577 322 civitate
2595 293 2692 323 mu-

1443 367 1539 407 rum
1555 386 1578 412 ,h
1610 367 1639 406 a,
1656 356 1784 407 vinea
1820 352 2052 398 maceriam
2070 386 2081 404 ,
2109 353 2161 397 ab
2194 352 2319 397 horto
2343 365 2504 409 sepem.
2539 352 2691 397 Videte

1444 434 1604 483 quanta
1624 428 1726 470 mali
1746 439 1877 471 causa
1893 458 1906 476 ,
1930 426 2021 470 haec
2037 427 2091 470 de
2113 438 2198 482 qua
2222 419 2454 482 loquimur,
2478 426 2692 481 superbiat

1441 500 1613 544 vanitas
1637 505 1719 543 est.
1744 499 1853 542 Nam
1880 504 1926 542 ut
1947 499 2135 542 breviter
2154 500 2367 550 dicamus,
2402 498 2515 542 sicut
2547 498 2691 542 humi-

1441 571 1578 616 litatis
1595 571 1850 627 dissipatrix
1874 577 1940 614 est
1955 603 1965 622 ,
1991 571 2054 615 sic
2076 576 2121 615 et
2146 571 2384 622 universae,
2410 583 2507 626 quae
2528 571 2574 614 in
2594 569 2690 613 ani-

1441 655 1510 685 ma
1533 650 1599 688 cst
1614 675 1626 696 ,
1643 643 1831 688 velesse
1852 648 2022 699 potest,
2042 643 2284 687 sanctitatis
2306 644 2585 688 annihilatrix
2602 649 2686 688 est.

1442 715 1497 758 Ut
1517 718 1659 759 autem
1683 717 1798 761 scias
1822 716 1940 772 quod
1961 716 2204 760 remedium
2226 717 2407 772 geminae
2430 717 2542 772 pesti
2567 717 2686 768 huic,

1438 789 1639 838 videlicet
1669 788 1894 845 superfluae
1931 789 2110 833 vanitati
2167 797 2208 834 et
2239 802 2359 834 vanae
2404 789 2688 845 superfluitati

1438 861 1742 917 opponendum
1765 868 1859 913 est,
1878 861 2142 905 debilitatem
2157 873 2397 916 corporeae,
2412 873 2508 905 cum
2528 863 2686 916 evcnit,

1440 933 1703 977 infirmitatis
1739 933 1954 988 patienter
1978 932 2167 984 sustine;
2193 933 2433 976 molestiam
2468 933 2689 978 nihilomi-

1439 1019 1522 1049 nus
1541 1006 1759 1061 pulsantis
1780 1006 2031 1049 tentationis
2055 1006 2288 1062 prudenter
2311 1006 2498 1060 suscipe,
2523 1019 2603 1049 nec
2621 1006 2690 1050 di·

1439 1089 1536 1120 cam
1557 1072 1647 1132 iam
1666 1076 1719 1120 de
1740 1083 1800 1127 te,
1819 1078 1929 1132 quin
1951 1075 2139 1119 cultrum
2154 1077 2276 1119 valde
2292 1081 2466 1130 acutum
2488 1083 2530 1120 et
2544 1079 2686 1133 ipsum

1440 1147 1659 1203 geminum
1682 1147 1859 1199 habeas,
1893 1159 1981 1203 quo
2002 1147 2260 1204 periculosae
2283 1146 2412 1202 liujus
2437 1148 2686 1194 securitatis

109 1233 278 1265 cumtse
298 1221 383 1274 sibi
412 1233 501 1264 non
524 1233 656 1277 posse.
675 1221 869 1266 sufficere
900 1207 1114 1279 intelligit,
1137 1224 1206 1268 sui
1231 1219 1356 1280 pror·
1383 1211 1414 1257 Β
1438 1218 1776 1275 superfluitatem
1798 1218 2015 1263 abscidas.
2035 1218 2151 1262 Nam
2177 1231 2274 1262 cum
2296 1220 2564 1276 aegritudinis
2587 1231 2684 1263 mo-

108 1307 185 1339 sus
224 1294 425 1338 fiduciam
460 1295 638 1346 amittit,
669 1302 712 1339 et
748 1296 883 1339 solius
922 1307 970 1339 se
1006 1295 1256 1343 Conditoris
1287 1299 1355 1342 sui

109 1365 259 1420 gratiae
281 1365 525 1408 committit.
556 1363 716 1421 Sicque
743 1365 801 1418 fit,
828 1372 876 1408 ut
897 1365 999 1409 dum
1022 1367 1075 1411 de
1092 1370 1268 1425 proprio
1283 1382 1358 1413 ro-

84 1436 211 1483 -bore
243 1435 398 1487 diffidit
411 1441 489 1497 ,εἰ
519 1436 573 1480 de
609 1449 800 1493 superno
835 1439 1105 1483 solummodo
1141 1441 1356 1497 adjutorio

107 1508 300 1560 conlidit,
327 1510 384 1553 sit
406 1502 445 1553 ei
465 1509 908 1566 dispensator-insiste
923 1513 1174 1559 tentationis
1199 1522 1354 1569 tactus,

107 1586 260 1624 acutus
283 1580 458 1636 quidam
481 1581 697 1634 cultellus,
715 1595 800 1638 quo
818 1595 946 1627 omne
982 1584 1099 1640 quod
1138 1586 1184 1629 in
1206 1599 1256 1630 ea
1281 1600 1357 1631 su-

107 1651 317 1710 perfluum
347 1661 413 1698 est
428 1660 721 1710 resecetur.et
738 1656 955 1708 universa,
975 1653 1131 1713 quaein
1148 1671 1196 1702 ea
1213 1672 1358 1703 erum-

105 1738 208 1783 pere
233 1734 275 1772 et
313 1734 562 1773 excrescere
582 1729 751 1791 nititur,
776 1732 962 1776 carnalis
986 1732 1235 1778 inhonestas
1259 1734 1358 1778 abs·

106 1797 293 1842 cidatur.
814 1815 817 1817 ·

162 1867 271 1914 xlv.
311 1869 488 1930 Habetis
526 1871 670 1929 itaque
714 1874 1075 1931 quadripartitum
1116 1878 1358 1936 disciplinae

105 1953 262 1996 genus:
285 1945 487 1987 virtutem
509 1946 764 1990 voluntari-te
785 1954 828 1990 et
850 1948 1041 1993 honestae
1066 1954 1358 2007 paupertatis;

105 2012 366 2058 debilitatem
383 2027 602 2073 corporeae
624 2017 913 2074 intirinitatis;
941 2021 1355 2076 agoniamirruentis
1383 2070 1385 2072 ,

75 2098 78 2099 ’
105 2087 405 2143 adversitatis3
433 2091 675 2135 molestiam
696 2091 918 2150 fatigantis
936 2095 1206 2140 tentationis.
1233 2097 1356 2150 Quod

103 2163 310 2209 nimirum
343 2165 584 2222 disciplinae
618 2179 753 2222 genus
789 2168 1169 2224 quadripartitum,
1206 2184 1356 2227 quem-

105 2239 204 2283 dam
236 2239 418 2282 dixerim
439 2239 751 2294 quadrifarium
776 2242 988 2294 cultrum,
1037 2255 1123 2299 quo
1151 2256 1350 2289 resecare
1374 2273 1409 2320 C

104 2319 146 2356 et
162 2310 414 2355 abscindere
431 2310 637 2355 debemus
657 2312 866 2368 quidqu-id
899 2313 943 2356 in
966 2314 1091 2358 nobis
1115 2314 1354 2372 depreben-

103 2385 245 2428 dimus
279 2384 476 2436 nimium,
514 2392 558 2429 et
622 2385 905 2443 superfluum.
946 2387 1023 2432 Est
1052 2389 1271 2441 nimietas,
1309 2396 1353 2434 et

103 2456 378 2518 superfluitas
416 2457 680 2513 voluptatis,
716 2459 1113 2514 murmurationis,
1167 2461 1354 2517 turpitu-

103 2530 234 2587 dinis,
263 2535 305 2574 et
323 2530 413 2582 haec
430 2531 583 2587 triplex
608 2531 884 2588 superfluitas
909 2535 1050 2589 primo
1073 2534 1216 2578 cultro
1242 2535 1351 2581 abs*

57 2603 59 2605 ’
103 2603 320 2655 cinditur,
374 2603 568 2647 abscissa
611 2615 714 2647 vero
760 2603 1035 2649 destruitur:
1084 2592 1352 2662 paupertatis

103 2687 289 2731 namque
324 2677 464 2720 cultro
499 2677 724 2734 jugulatur
755 2678 980 2734 voluptas:
1020 2691 1115 2735 quae
1148 2681 1352 2740 nimirum

107 2746 230 2802 183
261 2753 490 2803 paupertas
522 2755 565 2792 et
606 2751 991 2795 murmurationem
1019 2753 1221 2807 expellit,
1246 2756 1350 2798 dum

102 2820 344 2863 voluntaria
369 2826 460 2871 est,
485 2827 528 2865 et
551 2822 863 2878 turpitudinem
881 2824 1081 2868 diminuit
1099 2825 1201 2869 dum
1223 2813 1353 2871 hone-

104 2898 168 2935 sta
207 2898 292 2937 est.
326 2892 402 2937 Est
441 2895 572 2937 etiam
607 2894 882 2951 superfluitas
919 2898 1112 2953 quaedam
1155 2898 1351 2955 deceptio

102 2965 226 3010 malae
264 2966 536 3020 securitatis,
567 2973 609 3012 et
645 2969 775 3013 elatio
814 2970 1011 3026 superbae
1043 2972 1259 3017 vanitatis.
1298 2962 1351 3016 Et

103 3039 286 3095 primam
319 3040 587 3085 nimietatem
620 3041 840 3086 secundus
869 3048 913 3086 et
946 3049 1128 3099 quartus
1151 3044 1350 3090 cultellus

55 3101 59 3109 ⁴
105 3112 314 3156 abscidit:
352 3114 593 3175 secundam¹
637 3127 741 3159 vero
779 3116 934 3161 tertius
969 3117 1014 3159 in
1058 3117 1240 3161 nihilum
1277 3119 1351 3162 dc·

105 3185 312 3229 struendo
347 3187 520 3243 redigit.
552 3187 661 3240 Quid
699 3189 987 3245 periculosius
1020 3191 1207 3234 animam
1242 3193 1351 3236 solet

103 3258 310 3304 seducere
331 3259 563 3302 humanam
579 3292 592 3311 ,
620 3273 750 3316 quam
773 3275 927 3306 secura
951 3263 1122 3307 vanitas
1138 3297 1148 3314 ,
1176 3271 1217 3307 et
1239 3277 1350 3309 vana

104 3332 340 3377 securitas?
362 3346 462 3377 nam
493 3334 692 3378 fallacem
713 3335 942 3391 quamdam
967 3338 1176 3381 securitas
1211 3338 1346 3382 auda-

103 3404 214 3447 ciam
240 3405 430 3449 infundit
445 3437 455 3457 ,
481 3419 576 3462 quae
597 3407 699 3450 dum
720 3407 803 3452 sibi
837 3408 1066 3452 sollicitam
1089 3410 1353 3466 circumspe-

103 3478 288 3521 ctionem
314 3479 380 3521 sui
405 3479 579 3530 adimit,
600 3479 808 3536 contingit
825 3481 1143 3533 miserabiliter,
1169 3487 1215 3524 ut
1233 3486 1352 3525 tanta

104 3561 200 3593 eam
240 3551 415 3595 caecitas
447 3551 631 3607 caligine
667 3553 898 3603 obscuret,
949 3559 995 3596 ut
1033 3566 1119 3609 quo
1156 3565 1349 3610 pergere,

105 3622 408 3676 quoveitinere
423 3623 621 3668 incedere
637 3623 818 3674 debeat,
835 3636 1014 3679 prorsus
1026 3625 1219 3680 ignoret:
1239 3627 1352 3670 unde
1420 3651 1422 3653 ·

105 3692 179 3745 sit,
205 3699 250 3737 ut
273 3695 518 3738 intentam
546 3708 857 3752 nonnunquam
896 3698 1113 3741 miseriam
1144 3705 1348 3753 proruat,

103 3771 319 3822 quatenus
335 3766 436 3815 dum
463 3768 545 3811 sibi
567 3768 652 3824 ipsi
690 3770 864 3820 absens,
889 3770 933 3812 in
955 3770 1076 3813 nullo
1100 3771 1182 3815 sibi
1200 3772 1352 3816 adesse

87 3837 92 3842 “
105 3845 308 3895 procurat
323 3871 334 3891 ,
356 3841 487 3885 etiam
503 3840 549 3884 in
578 3842 752 3898 quantis
776 3842 1024 3899 delinquat,
1046 3843 1137 3899 jam
1161 3856 1249 3888 non
1271 3844 1346 3890 de-

105 3912 355 3967 prodendat.

161 3983 253 4030 XV.
283 3984 395 4030 Ecce
427 3986 542 4042 quod
579 3989 879 4044 quantumque
909 3988 1070 4032 malum
1101 3989 1350 4044 hujusmodi

107 4057 318 4104 securitas
363 4065 582 4116 operatur.
632 4060 744 4112 Quid
792 4061 844 4105 de
889 4062 1080 4106 vanitate
1105 4062 1351 4107 dicemus?

106 4141 249 4173 nonne
270 4130 365 4186 ipsa
399 4130 584 4177 mentem
618 4146 747 4189 quam
772 4146 852 4176 suo
878 4146 1043 4178 veneno
1075 4136 1347 4191 corrumpit,

41 4209 43 4211 ’
108 4201 404 4246 in'elationem
442 4217 547 4248 mox
579 4198 790 4260 superblae
825 4208 972 4262 et·igit;
997 4219 1093 4262 quae
1129 4207 1230 4250 dum
1254 4219 1348 4251 eam

105 4271 267 4317 virtute
290 4287 403 4318 verae
437 4275 694 4321 humilitatis
732 4284 940 4329 evacuat,
965 4290 1043 4321 sua
1082 4278 1225 4323 statim
1254 4291 1350 4323 eam

107 4343 356 4396 detonsione
387 4360 435 4393 ac
471 4349 668 4394 custodia
713 4350 881 4411 privat?
915 4350 1125 4396 universae
1163 4363 1349 4411 namque

1437 1294 1563 1337 lestia
1595 1292 1818 1349 fatigaris,
1851 1304 1949 1337 cum
1983 1290 2245 1336 tentationis
2272 1293 2434 1349 impetu
2466 1293 2683 1348 pulsaris,

1435 1365 1605 1408 timoris
1644 1364 1687 1406 in
1724 1370 1767 1407 te
1801 1363 1995 1422 anxiet-as
2020 1367 2300 1418 procreatur;
2335 1368 2379 1407 et
2408 1364 2532 1407 malae
2554 1364 2686 1420 hujus

1437 1434 1687 1478 securitatis
1711 1434 1988 1490 praesumptio
2013 1435 2168 1490 procul
2198 1434 2395 1490 fugatur;
2422 1434 2571 1490 sicque
2604 1435 2687 1479 hoc

1438 1508 1609 1563 gemino
1630 1507 1871 1562 disciplinae
1893 1507 2035 1551 cultro
2048 1507 2324 1563 superfluitas
2346 1507 2429 1550 ista
2445 1513 2682 1566 resecatur.

1438 1580 1523 1625 Sed
1550 1587 1593 1625 et
1617 1581 1814 1638 agoniam
1831 1580 2126 1632 adversitatis,
2153 1593 2250 1624 cum
2274 1580 2475 1631 irruerit,
2500 1581 2686 1624 libenter

1436 1653 1721 1708 amplectere:
1749 1652 1840 1695 sive
1877 1653 2076 1696 videlicet
2101 1665 2198 1696 cum
2230 1653 2327 1708 quis
2357 1665 2432 1707 per
2453 1653 2684 1695 verborum

1435 1728 1479 1767 te
1501 1723 1786 1766 contumelias
1807 1722 2052 1778 injuriavit,
2072 1723 2137 1767 vel
2160 1735 2237 1779 per
2259 1723 2519 1769 ablationem
2542 1737 2685 1769 rerum

1438 1797 1671 1852 aporiavit:
1703 1804 1777 1843 aut
1813 1798 1999 1853 denique
2031 1809 2108 1853 per
2148 1797 2393 1854 angustiam
2427 1809 2565 1854 poenae
2587 1809 2664 1843 cor

1437 1881 1579 1926 poreae
1603 1870 1816 1915 afflixerit.
1842 1871 1895 1914 Et
1917 1871 2051 1914 babes
2074 1872 2116 1914 in
2141 1882 2270 1914 manu
2295 1871 2480 1914 cultrum
2505 1871 2684 1924 bonum,

1436 1955 1524 1998 quo
1546 1944 1748 1987 vanitatis
1768 1943 1969 1988 abscidas
1989 1943 2269 1999 superfluum.
2289 1942 2508 1999 Siquidem
2531 1944 2686 2000 triplex

1437 2016 1528 2059 haec
1552 2016 1793 2060 adversitas
1820 2017 1992 2061 irruens
2016 2028 2114 2060 cum
2147 2009 2362 2072 patienter>
2389 2021 2517 2071 atque
2541 2016 2660 2061 liumi
2683 2045 2685 2048 ψ

1435 2087 1533 2130 liter
1556 2088 1809 2144 suscipitur,
1837 2087 2060 2132 lenitatem
2094 2087 2282 2131 infundit
2307 2088 2439 2130 menti
2466 2087 2687 2132 Ιιιιιι]ἰ1ἰι-ῖ·,ιΥ

1435 2160 1507 2211 tis,
1527 2165 1569 2204 et
1591 2157 1855 2206 inflationem
1879 2160 2052 2216 perimit
2068 2160 2288 2204 vanitatis.
2314 2158 2379 2202 En
2403 2159 2609 2216 quantam
2633 2160 2680 2204 in

1435 2234 1578 2276 anima
1618 2234 1804 2276 bumana
1844 2232 2184 2290 superfluitatem
2220 2233 2565 2290 quadripartitus
2603 2233 2686 2277 iste

1434 2306 1673 2363 disciplinae
1704 2307 1905 2351 cultellus
1938 2306 2137 2351 abscidit.
2164 2305 2260 2349 Jam
2294 2306 2420 2350 nobis
2457 2305 2510 2350 de
2544 2307 2685 2350 cultro

1435 2379 1507 2422 illo
1529 2379 1790 2436 loquendum
1813 2384 1930 2424 esset
1947 2411 1958 2431 ,
1983 2391 2111 2435 quem
2135 2380 2512 2433 compunctionem
2539 2381 2685 2436 appel-

1434 2453 1642 2504 lavimus,
1667 2452 1752 2497 nisi
1774 2453 2005 2508 prolixitas
2029 2453 2264 2497 obsisteret
2288 2453 2503 2497 sermonis
2536 2454 2681 2508 liujus.

1432 2525 1479 2568 ln
1502 2527 1586 2571 hoc
1611 2527 1756 2583 itaque
1787 2539 1988 2570 sermone
2021 2526 2247 2582 sequenti,
2272 2526 2325 2570 de
2349 2539 2399 2570 eo
2439 2527 2681 2582 loquemur,

1433 2602 1478 2643 in
1501 2611 1589 2655 quo
1612 2600 1741 2644 etiam
1766 2600 1820 2644 de
1837 2599 2088 2642 nominibus
2111 2599 2232 2655 pueri
2249 2599 2380 2654 liuius
2407 2598 2681 2650 Emmanuel,

1432 2672 1629 2716 videlicet
1658 2679 1701 2716 et
1733 2671 1864 2724 Jesu,
1897 2673 2059 2729 aliquid
2094 2672 2211 2729 quod
2242 2672 2334 2728 ipse
2371 2672 2559 2724 dederit,
2595 2679 2684 2718 tra-

1431 2750 1550 2788 ctare
1574 2744 1880 2800 proponimus:
1913 2745 1966 2787 ad
1992 2742 2186 2800 ejtisdem
2221 2743 2388 2792 laudem
2408 2750 2450 2787 et
2474 2745 2653 2801 giarium
2668 2776 2681 2795 ,

1431 2817 1587 2873 quiest
1604 2829 1703 2858 cuin
1725 2815 1854 2861 Patre
1867 2821 1912 2860 et
1934 2814 2099 2872 Spiritu
2122 2805 2274 2860 sancto
2291 2815 2405 2860 Deus
2429 2816 2682 2861 benedictus

1432 2889 1667 2934 insaecula.
1688 2889 1841 2933 Amen.

1876 2960 2060 3005 SERMO
2096 2959 2204 3004 XLll
2217 2995 2227 3005 .

1630 3064 1737 3097 lum
1770 3065 1811 3096 ΙΝ
1841 3064 1911 3096 ΜΕ
1941 3059 2287 3096 clncuufflstoms
2318 3063 2483 3095 bonnm.

1431 3143 1492 3188 De
1520 3144 1811 3200 spiritualibus
1833 3143 1999 3194 cultris,
2029 3141 2176 3199 quibus
2207 3141 2400 3197 facienda
2421 3149 2480 3184 est
2506 3141 2682 3184 circum-

1485 3203 1588 3300 ιὲεἰὸ
1612 3201 1861 3299 ερίνὶἳααὶἰε,
1896 3206 1936 3244 et
1970 3198 2021 3242 de
2055 3199 2289 3242 nominibus
2314 3197 2470 3242 Christi
2504 3196 2606 3240 Jesu
2641 3206 2682 3246 ει

1527 3270 1718 3301 mmauue
1741 3290 1751 3300 .

1373 3338 1406 3380 D
1433 3345 1635 3391 Svsorsrs
1665 3358 1947 3391 sanuoms.—-
1959 3346 1978 3387 l
1990 3379 2000 3389 .
2015 3343 2369 3399 Compunctionis
2383 3355 2490 3386 usus
2505 3349 2546 3385 et
2561 3342 2681 3394 utili«

1488 3402 1908 3458 tas.—‘-2.Graphica
1931 3401 2174 3456 peccatoris
2198 3401 2304 3456 lapsi
2324 3400 2592 3454 etsurgentis
2605 3399 2682 3442 de·-

1486 3459 1744 3511 monstratio
1774 3459 1828 3504 ab
1857 3455 2484 3514 experientia.——5.Praeteriti
2505 3455 2679 3498 sceleris

1486 3514 1668 3558 dulcedo
1679 3515 1722 3557 in
1735 3519 2073 3570 praesentaneam
2084 3512 2263 3554 vertitur
2276 3510 2680 3554 amaritudinem——

1485 3569 1528 3614 t.
1547 3569 1607 3612 Ex
1619 3570 1784 3625 peccati
1799 3569 1993 3612 foeditate
2010 3567 2150 3609 oritur
2161 3580 2245 3609 non
2260 3567 2499 3609 moriturus
2519 3567 2680 3611 vermis

1488 3627 1842 3669 coiiscientiae.-
1864 3625 1905 3668 5.
1925 3623 2159 3666 Remordet
2177 3622 2443 3665 conscientia
2458 3634 2509 3664 ex
2529 3627 2678 3664 sancta

1486 3683 1774 3736 complurium
1790 3685 1952 3723 attenta
1967 3679 2367 3724 conversatione-
2387 3676 2428 3719 6.
2445 3676 2504 3719 Ex
2521 3677 2679 3733 gradus

1485 3737 1553 3780 vel
1575 3738 1739 3780 ordinis
1761 3735 1945 3792 professi
1967 3735 2197 3777 sanctitate
2211 3765 2222 3784 ,
2247 3740 2320 3775 aut
2342 3733 2680 3787 obligatione--

1488 3792 1528 3836 7.
1561 3791 1723 3836 Deinde
1747 3806 1799 3835 ex
1813 3790 2064 3833 iteratorum
2083 3790 2281 3844 lapsuum
2297 3789 2549 3844 frequentia.
2566 3812 2618 3819 -
2633 3788 2676 3832 8.

1483 3847 1694 3900 Post2haec
1717 3861 1768 3892 ex
1787 3858 1983 3902 personae
2000 3846 2174 3891 offensae
2199 3845 2404 3899 qualitate
2429 3859 2437 3886 ;
2464 3850 2567 3898 puta
2582 3842 2674 3893 Dei,

1486 3909 1532 3946 ut
1555 3903 1807 3949 amici—9.
1825 3901 2048 3945 Postremo
2060 3915 2112 3946 ex
2125 3901 2396 3944 considerata
2409 3899 2679 3942 districtione

1484 3958 1578 4008 Dei,
1590 3965 1636 4006 ut
1651 3958 2032 4012 severijudicis.-
2045 3959 2112 4001 10.
2126 3955 2439 4011 Rccapitulatio
2451 3955 2678 3996 circumci-

1485 4014 1620 4058 sionis
1646 4015 1835 4070 mysticm
1858 4025 1935 4068 per
1957 4012 2132 4056 effectus
2153 4009 2680 4073 εοῐιξςιοὶκιιυεμρ1[Αρ.ρ

1485 4070 1856 4124 peliationoniinis
1875 4068 1972 4111 Jesu
1998 4082 2083 4111 non
2097 4068 2287 4114 fortuita,
2303 4066 2679 4109 seddivinocensi-

1486 4129 1541 4170 lio
1558 4127 1736 4169 revelas.
1752 4149 1805 4155 —
1818 4123 2027 4167 ·12..l')avid
2041 4125 2093 4167 de
2104 4123 2272 4166 Goliath
2291 4121 2560 4176 triumphans
2574 4132 2678 4175 prae-

1486 4181 1739 4237 lusittypice
1757 4178 1967 4222 Salvatori
1992 4179 2092 4222 Jesu
2111 4178 2360 4222 Cbi·ist0.-—
2385 4176 2452 4218 15.
2473 4175 2597 4219 Jesus
2621 4187 2676 4218 ex

1485 4250 1536 4281 re.
1561 4249 1717 4282 nomen
1743 4235 1895 4286 hahet,
1924 4235 1965 4276 in
2002 4234 2130 4277 corde
2159 4234 2339 4289 jubilus,
2363 4233 2406 4275 in
2436 4243 2509 4274 ore
2535 4231 2671 4274 favus.

1483 4317 1538 4326 --
1552 4293 1619 4336 tt.
1634 4292 1802 4344 Qua=sit
1817 4291 2068 4347 synonymia
2083 4291 2302 4333 nominum
2321 4289 2420 4330 ‚lesu
2445 4291 2484 4329 et
2502 4287 2673 4328 Emma-

1484 4349 1600 4393 nuel.
1619 4348 1754 4392 -115.
1776 4346 1901 4391 Jcsus
1921 4346 2215 4395 salvationem,
2231 4342 2482 4388 Emmanuel
2499 4342 2695 4387 modum»

2481 4501 2502 4511 ρ
