2924 4588
1103 103 1274 149 Anam
1301 101 1896 150 rnAEuonsrnArsssts
2705 102 2789 153 5⁷⁶
2817 159 2821 161 .
2884 82 2889 103 ⁵
2917 68 2920 127 3

1594 193 1758 238 idcirco
1789 194 1910 249 prius
1942 192 2222 249 disciplinam
2242 193 2385 248 habe.
2426 200 2472 240 et
2505 201 2656 252 postea
2693 210 2790 245 eam

1544 268 1717 324 impone
1749 283 1761 321 ;
1801 273 1849 310 ut
1883 267 2025 323 possis
2049 267 2196 312 dicere
2222 273 2266 311 et
2302 272 2350 311 tu
2389 282 2402 313 ε
2449 267 2690 316 Imitatores
2711 272 2792 318 mei
2843 261 2847 266 ⁴
2894 271 2900 278 '

225 111 252 158 Β
419 140 426 149 .

220 112 436 256 egi-imre
454 158 699 254 inquietos,
722 193 939 238 consolari
966 193 1291 250 pusillanimes,
1315 196 1457 240 susci·
1479 183 1519 245 Ᾰ

222 287 320 330 pere
345 273 559 322 inllnnos,
583 270 751 327 patiens
771 280 866 313 esse
890 268 946 312 ad
968 259 1118 313 on‘mes
1140 271 1374 326 subjectos
1410 270 1464 314 Et

222 345 399 401 pulchre
410 344 450 387 ei
463 341 723 422 praeciqtur,
744 347 790 384 ut
805 339 989 396 primum
1010 340 1198 397 seipsum
1220 342 1462 398 exemplum

221 417 429 473 praebeat,
452 413 606 458 deinde
630 418 678 456 ut
707 413 922 469 inquietos
945 413 1149 470 corripiat
1182 413 1226 470 (1
1247 413 1389 458 Thess
1416 428 1459 461 v.

221 496 329 552 ss);
354 500 564 550 quatenus
591 492 804 548 praecedat
825 491 928 541 vita,
953 498 998 536 et
1022 492 1225 536 succedat
1247 492 1457 542 doctrina

219 566 493 621 Primumque
528 564 706 615 induat,
735 563 808 620 qui
845 564 931 608 vult
964 576 1061 609 esse
1085 565 1288 609 sacerdos
1310 577 1461 620 super-

218 641 450 690 humerale,
474 638 625 682 dcinde
649 638 858 683 rationale
884 638 1039 696 (Exod.
1067 652 1186 690 xxix,
1213 640 1257 696 5)
1275 671 1285 688 ,
1315 640 1460 682 illum-

217 725 299 768 que
324 712 528 762 imitetur,
560 711 633 766 qui
659 724 743 754 non
767 712 884 756 venit
904 711 1086 765 docere,
1121 719 1164 756 et
1188 711 1358 766 sacere3
1382 711 1458 756 sed

216 786 349 840 [acere
369 818 380 837 ‚
416 792 454 828 et
478 784 620 827 docere
639 784 749 840 (Act.
775 796 808 836 1,
844 785 884 840 1)
920 801 929 828 :
971 785 1045 841 qui
1069 783 1283 841 Propheta
1315 785 1457 829 dictus

215 863 306 908 est,
340 868 426 900 non
458 855 626 912 quidem
658 862 811 911 potens
838 867 1038 900 sermone
1073 864 1116 900 et
1163 869 1292 914 opere
1318 871 1329 910 ;
1380 857 1455 900 sed

215 939 378 986 opereet
392 944 574 975 sermone
597 931 713 988 (Luc.
740 943 856 981 xxiv,
888 930 970 989 19).
1004 930 1111 974 Nam
1139 937 1182 975 et
1218 932 1271 975 de
1295 936 1448 975 sancto

214 1004 348 1049 Esdra
379 1005 584 1061 scriptum
621 1011 685 1047 est
707 1020 716 1047 ε
743 1003 856 1060 quod
879 1004 1042 1058 paravit
1062 1017 1133 1047 cor
1153 1017 1291 1056 suum,
1323 1011 1366 1046 ut
1386 1005 1454 1046 in-

214 1079 428 1134 vestiqaret
451 1076 574 1133 leyem
598 1076 763 1119 Domini
785 1075 826 1132 (Ι
850 1075 953 1120 Esd.
973 1089 1051 1127 vu,
1079 1077 1148 1131 10)
1176 1092 1185 1120 z
1214 1083 1257 1120 et
1279 1089 1366 1120 non
1382 1077 1458 1120 do-

214 1156 346 1202 ceret,
365 1157 407 1194 et
438 1148 621 1202 faceret;
652 1150 724 1193 scd
749 1149 929 1204 faceret,
972 1156 1010 1191 et
1043 1148 1202 1192 doc-eret
1232 1149 1274 1191 in
1317 1147 1454 1192 Israel

211 1230 469 1277 proeceptum,
487 1221 741 1277 etjudiciwn
761 1221 926 1285 (ibid).¹
950 1221 1170 1273 Quatenus
1185 1228 1229 1264 et
1247 1222 1448 1277 praelatus

213 1301 357 1339 noster
379 1307 463 1339 non
484 1295 602 1351 prius
624 1295 836 1350 inquietos
854 1295 1078 1350 corripiat,
1109 1299 1151 1337 et
1179 1294 1452 1350 postmodum

213 1367 420 1411 bonorum
457 1368 642 1423 seipsum
678 1368 917 1422 exemplum
953 1368 1171 1422 praebeam
1205 1368 1280 1412 sed
1314 1368 1452 1423 primo

211 1441 404 1498 exemplo
441 1441 633 1485 intendat
664 1441 708 1483 in
734 1452 860 1495 opere
877 1471 888 1491 ,
926 1448 968 1483 et
994 1440 1147 1483 deinde
1170 1441 1450 1495 correptioni,

212 1516 255 1559 in
279 1527 475 1560 sermone
530 1515 581 1557 Et
605 1516 710 1558 bene
733 1516 848 1557 circa
868 1526 1017 1558 omnes
1046 1528 1056 1567 ;
1109 1519 1156 1556 ut
1180 1515 1291 1558 sicut
1313 1515 1453 1557 omni-

212 1589 293 1633 bus
307 1587 506 1644 praesidet
528 1588 572 1630 in
596 1587 813 1638 cathedra,
840 1587 903 1630 sic
927 1592 969 1630 et
991 1598 1142 1630 omnes
1167 1586 1450 1630 nihilominus

210 1666 368 1717 praeeat
387 1662 431 1703 in
453 1659 553 1703 vita.
591 1658 723 1715 igitur
746 1660 859 1702 circa
881 1671 1030 1703 omnes
1055 1660 1240 1714 seipsum
1267 1660 1452 1715 pras-beat

210 1733 416 1777 bonorum
440 1733 706 1788 exemplum;
734 1739 774 1775 et
795 1732 906 1774 sicut
929 1744 1075 1776 omnes
1089 1732 1291 1788 praecedit
1315 1734 1358 1775 in
1381 1745 1451 1776 or-

209 1804 323 1855 dine,
351 1804 407 1847 ita
425 1810 467 1848 et
488 1803 697 1860 praecedat
719 1805 761 1847 in
795 1805 1024 1849 sanctitate
1065 1821 1075 1849 ε
1114 1811 1161 1848 ut
1177 1806 1359 1861 qualiter
1385 1807 1448 1848 vi-

208 1888 308 1920 vere
329 1875 533 1927 debeant,
575 1889 624 1919 ex
650 1876 808 1932 praevio
845 1877 939 1932 ejus
973 1878 1170 1933 exemplo
1201 1878 1360 1923 subditi
1384 1878 1450 1921 di-

209 1956 347 1994 scant.
374 1948 492 2002 Quod
517 1950 630 1993 enim
646 1950 736 1994 llaec
750 1956 936 2006 quatuor
951 1949 994 1994 S.
1014 1951 1277 2007 Augustinus
1296 1954 1450 1997 asserit

208 2020 248 2065 ei
269 2020 423 2065 debere
445 2022 586 2066 inesse
606 2054 616 2074 ,
636 2034 735 2078 erga
763 2023 976 2079 inquietos
995 2024 1191 2069 videlicet
1213 2028 1450 2082 correptio-

208 2106 321 2144 nem,
348 2107 446 2150 erga
464 2096 756 2151 pusillanimes
769 2097 1122 2149 consolationem,
1142 2111 1242 2155 erga
1256 2099 1448 2143 infirmos

210 2167 521 2222 susceptionem
541 2198 553 2220 ,
595 2180 693 2224 erga
716 2181 865 2213 omnes
889 2171 1135 2224 patientiam
1156 2204 1167 2221 ,
1203 2185 1297 2228 quae
1319 2174 1448 2217 verba

208 2242 309 2281 sunt
328 2238 519 2295 Apostoli
541 2238 661 2283 Pauli
686 2239 727 2298 (1
745 2241 885 2285 Thess
903 2257 943 2292 v,
963 2243 1029 2298 14)
1055 2244 1276 2289 evidenter
1298 2252 1448 2291 osten-

1542 349 1686 392 estote,
1723 341 1831 384 sicut
1862 347 1902 383 et
1925 354 1998 396 eqo
2019 339 2178 384 Christi
2198 339 2376 396 (Philip.
2401 353 2468 395 m,
2491 341 2581 399 17).
2603 342 2714 390 Hinc
2734 344 2791 391 do
2815 350 2820 354 “

1542 415 1694 459 abbate
1723 420 1901 458 sanctus
1936 406 2197 459 Benedictus
2225 428 2236 459 ε
2273 414 2456 468 Omnia,
2492 416 2658 473 inquit,
2695 431 2794 476 quoe

1539 486 1754 541 discipulis
1770 486 1956 529 docuerit
1975 499 2063 530 esse
2087 487 2326 540 contraria,
2348 489 2393 531 in
2414 488 2503 532 suis
2528 489 2653 544 sactis
2667 490 2792 546 judi·-

1540 567 1599 602 σεε
1622 572 1705 602 non
1728 558 1902 615 aqenda.
1923 557 1986 602 Ne
2004 557 2217 611 videlicet,
2244 557 2282 602 si
2306 559 2429 604 aliter
2453 559 2620 613 fecerit,
2638 562 2714 606 tilii
2735 562 2786 610 Β.

1537 632 1618 677 Job
1640 633 1684 675 in
1704 632 1832 676 domo
1857 631 2001 675 fratris
2018 632 2293 688 primogeniti
2307 638 2491 678 mortem
2508 636 2787 684 convivantes

1540 704 1778 747 incurrant.
1823 702 1875 745 Et
1901 702 2175 759 disciplinam
2211 704 2322 747 halle
2355 705 2494 750 libens
2527 707 2714 764 habeas,
2739 715 2788 753 ut

1537 777 1791 820 metuendus
1815 775 2035 832 imponere
2053 788 2188 832 queas
2212 792 2221 821 ε
2247 778 2372 833 quia,
2406 779 2509 822 dum
2544 781 2788 828 voluntarie

1537 850 1808 905 temetipsum
1827 848 2031 893 subieris
2052 849 2292 904 disciplinae
2313 853 2593 909 constringis,
2618 854 2694 898 tibi
2719 855 2788 899 ni-

1535 924 1691 965 mirum
1715 934 1769 965 ne
1794 922 1836 965 in
1868 921 2144 978 suscipiendo
2177 922 2450 979 disciplinam
2485 927 2687 972 resistere
2709 940 2786 972 au·-

1535 998 1680 1047 deant,
1697 996 1826 1040 etiam
1845 996 1991 1039 timori
2010 996 2108 1041 aliis
2128 996 2233 1041 eris.
2258 997 2312 1041 Et
2332 1000 2531 1054 quamvis
2553 1005 2786 1058 utrumque

1535 1072 1590 1114 sit
1615 1069 1929 1121 necessarium,
1963 1074 2007 1114 et
2022 1069 2137 1125 quod
2155 1071 2285 1114 timor
2304 1072 2521 1128 inquietos
2542 1085 2619 1129 per
2639 1085 2785 1118 corre-

1535 1146 1723 1199 ptionem
1747 1143 1978 1193 deterreat,
1999 1149 2039 1186 et
2063 1155 2186 1187 amor
2205 1144 2503 1200 pusillanimes
2529 1159 2606 1202 per
2629 1159 2786 1193 conso-

1534 1218 1735 1260 lationem
1779 1218 2050 1269 demulceat,
2085 1217 2243 1260 Tamen
2265 1217 2359 1273 plus
2392 1232 2420 1261 a
2448 1218 2592 1272 vobis,
2625 1221 2783 1277 inquit,
2831 1236 2834 1240 ·
2887 1200 2893 1250 ἶ

1533 1290 1669 1332 amari
1691 1297 1872 1344 appetat,
1898 1302 2022 1344 quam
2039 1290 2195 1335 timeri.
2213 1290 2323 1344 Quia
2338 1292 2382 1335 in
2398 1296 2520 1335 tanta
2534 1292 2786 1338 infirmitate

1533 1364 1739 1419 temporis
1772 1364 1929 1418 liujus,
1975 1365 2186 1419 maiorem
2221 1366 2476 1421 plerumque
2515 1363 2705 1409 fructum
2738 1367 2784 1411 in

1531 1434 1750 1479 modernis
1782 1435 1989 1490 subiectis
2035 1436 2199 1480 invenit
2242 1448 2393 1488 amor,
2453 1449 2585 1494 quam
2631 1439 2780 1484 tinmr.

1531 1505 1715 1562 Semper,
1744 1508 1898 1565 inquit,
1922 1508 2128 1564 capitana,
2146 1521 2189 1551 se
2205 1520 2280 1564 pro
2296 1508 2407 1551 vobis
2425 1508 2509 1551 Deo
2524 1508 2782 1552 redditurum

1529 1593 1616 1623 esse
1635 1581 1853 1624 rationem.
1890 1579 1981 1625 Hoc
2001 1586 2163 1634 autem,
2179 1588 2230 1626 ut
2253 1582 2378 1638 longe
2401 1589 2500 1626 ante
2517 1594 2597 1627 nos
2617 1583 2781 1628 dictum

1529 1657 1595 1697 est
1614 1684 1625 1703 ,
1669 1665 1836 1709 semper
1858 1654 2050 1710 cogitare
2071 1653 2222 1708 debet,
2261 1655 2335 1710 qui
2359 1653 2494 1698 ,ludex
2522 1660 2588 1698 est
2618 1655 2783 1698 anima·

1529 1737 1641 1778 νιιιιι,
1667 1726 1782 1782 quod
1804 1739 1933 1782 super
1955 1739 2002 1770 se
2026 1726 2182 1770 babeat
2196 1724 2393 1770 Iudicem
2418 1725 2551 1771 Deum
2571 1731 2646 1770 :ut
2669 1726 2784 1784 regi-

1530 1798 1660 1842 minis
1703 1811 1851 1843 curam
1897 1805 2019 1843 tanto
2060 1798 2289 1844 sollicitius
2323 1805 2447 1855 agat,
2480 1806 2642 1855 quanto
2680 1799 2781 1844 red·

1530 1871 1723 1915 diturum
1771 1885 1818 1917 se
1873 1874 2041 1918 ratione
2093 1872 2207 1929 apud
2258 1872 2504 1918 districtum
2553 1871 2779 1928 Judicem,

1530 1957 1608 2000 pro
1656 1945 1739 1988 sibi
1786 1946 2061 1996 commissis,
2109 1944 2367 2002 profundius
2417 1950 2588 2001 pensat.
2645 1944 2781 1990 Valde

1528 2018 1642 2061 enim
1689 2018 1891 2062 sollicitat
1941 2018 1986 2061 in
2028 2017 2232 2074 operibus
2276 2017 2432 2069 bonis,
2487 2017 2526 2063 si
2569 2016 2698 2061 bomo
2734 2017 2780 2061 in

1528 2093 1727 2143 cunctis',
1768 2107 1864 2150 quse
1906 2094 2027 2151 agit,
2075 2106 2245 2150 semper
2289 2094 2451 2150 cogitat
2484 2093 2536 2138 de
2575 2094 2781 2139 extremis

1528 2168 1636 2220 suis,
1669 2168 1794 2223 juxta
1825 2169 1867 2212 id
1903 2168 2017 2224 quod
2052 2169 2342 2224 scriptumest
2368 2166 2541 2226 :(Eccli..
2568 2169 2738 2228 vin-40)
2764 2184 2777 2214 ι

1530 2241 1582 2285 In
1602 2241 1790 2285 omnibus
1809 2241 1999 2313 operibus
2023 2242 2104 2284 tuis
2126 2254 2354 2285 memorare
2375 2242 2601 2285 novissima
2624 2248 2712 2294 tua,
2738 2247 2779 2286 et

210 2310 286 2362 dit,
314 2311 452 2366 qualis
474 2323 570 2357 esse
592 2313 773 2357 debeat
765 2328 806 2357 m
823 2317 1092 2361 sermonibus
1113 2318 1444 2373 piaedicationis,
1468 2336 1500 2382 C
1527 2318 1570 2360 in
1592 2323 1791 2359 eternum
1815 2330 1896 2359 non
1919 2311 2124 2371 peccabis
2150 2314 2211 2359 De
2232 2315 2314 2359 ¹100
2329 2314 2373 2359 S
2380 2315 2670 2360 Benedictus:
2687 2314 2780 2360 Πε-

208 2388 251 2427 et
295 2381 433 2439 qualis
476 2385 521 2428 in
553 2386 789 2430 visceribus
834 2389 1163 2444 compassionis.
1209 2390 1315 2435 Nam
1358 2400 1447 2436 tota

209 2468 375 2501 summa
400 2469 514 2502 sanae
547 2468 589 2502 et
617 2460 854 2512 catholicae,
881 2475 976 2518 quae
1004 2470 1169 2518 spectat
1201 2466 1254 2508 ad
1285 2479 1444 2518 mores,

210 2529 521 2581 instructionis,
541 2532 740 2576 consistit
757 2535 800 2575 in
822 2535 964 2590 rigore
988 2537 1288 2590 correptionis,
1312 2543 1355 2580 et
1381 2537 1447 2581 son

210 2606 352 2646 mento
374 2603 695 2649 consolationis.
731 2604 837 2658 Quia
874 2613 915 2650 et
942 2607 1188 2651 misericors
1214 2608 1448 2652 Samarita-

209 2687 291 2719 nus
314 2675 398 2727 ille,
440 2676 483 2719 in
514 2677 761 2722 vulneribus
787 2679 915 2730 illius,
942 2680 1016 2735 qui
1038 2681 1091 2724 de
1110 2680 1348 2726 Jerusalem
1374 2682 1450 2727 de-

209 2749 436 2793 scenderat
459 2750 502 2794 in
532 2749 730 2802 Iericho,
764 2752 871 2796 nibil
902 2754 1019 2796 aliud
1042 2755 1198 2811 legitur
1220 2755 1446 2810 infudisse,

210 2821 296 2865 nisi
322 2823 456 2865 oleum
476 2854 487 2874 ,
521 2830 560 2868 et
583 2825 720 2868 vinum
742 2824 862 2882 (Luc.
891 2839 933 2878 x,
963 2827 1032 2883 34)
1074 2843 1082 2871 :
1109 2841 1189 2872 nec
1213 2829 1448 2887 quidquam

210 2893 324 2938 aliud
343 2895 483 2939 scriba
505 2897 657 2941 doctus
680 2899 722 2941 iu
747 2911 879 2954 regno
909 2901 1115 2944 coelorum
1140 2903 1375 2956 protulisse
1395 2902 1448 2947 de

210 2966 410 3011 thesauro
431 2979 524 3019 suo,
549 2970 633 3014 nisi
658 2983 760 3013 nova
779 3002 790 3022 ,
816 2980 852 3014 et
876 2978 1009 3014 vetera
1035 2971 1204 3028 (ΜαετΙι.
1230 2986 1305 3016 xin
1321 3007 1331 3025 ,
1358 2974 1446 3032 52).

212 3038 442 3095 Suscipere
475 3053 578 3085 vero
603 3042 794 3086 inlirmos
813 3078 823 3096 ,
854 3051 896 3087 et
929 3045 1085 3088 habere
1114 3045 1364 3101 patientiam
1395 3047 1448 3090 ad

210 3124 381 3165 omnes;
406 3113 547 3157 mollia
567 3121 609 3158 et
630 3116 775 3159 suavia
804 3129 912 3159 verce
949 3119 1261 3173 compassionis
1281 3120 1448 3164 viscera

211 3183 367 3229 babere
387 3191 466 3230 est.

267 3256 374 3301 xlv.
406 3257 679 3312 Disciplinam
711 3259 838 3302 libens
862 3260 1024 3314 habeat,
1052 3263 1291 3308 metuendus
1315 3266 1449 3321 impo-

208 3337 284 3375 nat
307 3363 319 3384 ‚
347 3337 387 3373 et
414 3333 598 3386 quamvis
626 3339 843 3387 utrumque
868 3335 922 3374 sit
961 3337 1237 3379 necessarium
1256 3368 1268 3388 ‚
1311 3344 1448 3381 tamen

1530 2402 1620 2431 mor
1636 2390 1705 2440 sit,
1729 2388 1867 2445 inquit
1892 2387 2038 2440 abbas,
2061 2387 2262 2432 doctrinm
2287 2401 2392 2440 sule,
2415 2397 2456 2437 et
2473 2387 2776 2444 discipulorum

1529 2461 1768 2505 obedientioe
1787 2474 1800 2511 ,·
1831 2462 1927 2517 quia
1952 2468 2220 2519 utrarumque
2241 2473 2381 2505 rerum
2405 2462 2447 2504 in
2471 2460 2680 2505 tremendo
2699 2460 2779 2507 Deo·

1520 2534 1683 2591 judicio
1707 2533 1900 2588 facienda
1922 2535 2001 2577 erit
2025 2533 2246 2577 discussio.
2282 2533 2478 2590 Sciatque
2496 2533 2626 2578 abbas
2644 2533 2776 2591 σαίρω

1526 2610 1707 2664 pastoris
1726 2607 1972 2658 incumbere,
1997 2606 2195 2664 quidquid
2213 2608 2255 2650 in
2274 2607 2413 2650 ovibus
2440 2607 2777 2663 Patrissamilias

1529 2683 1667 2726 minus
1691 2682 1887 2725 utilitatis
1916 2683 2097 2736 potuerit
2117 2681 2312 2726 invenire.
2349 2681 2401 2725 Et
2423 2688 2572 2737 postea.
2602 2697 2612 2726 ε
2641 2680 2775 2735 Sciat,

1529 2756 1644 2811 quod
1669 2756 1741 2811 qui
1769 2756 1957 2811 suscepit
1981 2755 2148 2798 animas
2172 2754 2397 2810 regendas,
2423 2761 2631 2811 praeparet
2652 2767 2700 2799 se
2721 2755 2776 2800 ad

1528 2829 1738 2872 rationem
1757 2827 2033 2872 reddendam.
2053 2826 2105 2869 Et
2120 2835 2329 2883 quantum
2349 2825 2530 2871 fratrum
2548 2839 2777 2873 numerum

1529 2902 1610 2946 sub
1633 2914 1711 2945 sua
1731 2901 1862 2957 308
1883 2914 1986 2945 cura
2011 2913 2058 2945 se
2081 2900 2239 2944 habere
2263 2900 2411 2944 scierit
2437 2915 2447 2945 2
2474 2907 2682 2957 agnoscat
2695 2913 2776 2958 pro

1529 2979 1663 3023 certo,
1701 2974 1801 3029 quia
1824 2973 1868 3016 in
1891 2973 1961 3016 die
1981 2971 2136 3028 judicii
2159 2973 2349 3027 ipsarum
2389 2974 2583 3016 omnium
2608 2972 2776 3018 anima·

1528 3060 1624 3090 rum
1653 3045 1833 3089 Domino
1867 3045 2115 3090 redditurus
2138 3051 2204 3090 est
2227 3045 2470 3100 rationem3
2511 3046 2606 3090 sine
2641 3045 2774 3091 dubio

1528 3120 1671 3163 addita
1698 3125 1740 3163 et
1763 3119 1914 3163 ailimae
1931 3131 2034 3163 suae.

1583 3193 1674 3237 XV.
1712 3192 1827 3237 Unde
1860 3200 1899 3237 et
1935 3206 2004 3236 vos
2026 3192 2157 3249 rnaqis
2191 3190 2413 3234 obediendo
2443 3204 2525 3234 nou
2547 3190 2681 3235 solum
2702 3203 2772 3236 ve-

1528 3269 1621 3311 stri.
1643 3266 1849 3310 sedetiam
1869 3266 1997 3320 ipsius
2015 3265 2284 3314 miseremini,
2304 3265 2374 3320 qui
2391 3265 2498 3307 inter
2519 3278 2587 3308 vos
2612 3270 2768 3321 quanto

1529 3343 1571 3384 in
1590 3341 1679 3383 loco
1701 3339 1904 3396 superiori
1921 3372 1931 3392 ,
1974 3346 2089 3382 tanto
2112 3339 2155 3381 in
2175 3337 2357 3393 periculo
2380 3338 2532 3393 utajori
2564 3344 2767 3384 versatur.

210 3401 303 3456 plus
327 3403 461 3445 ammi
480 3417 505 3446 a
528 3404 636 3447 vobis
661 3412 838 3459 appetat,
856 3419 980 3462 quam
1003 3409 1169 3459 timeri;
1202 3423 1361 3465 semper
1384 3426 1450 3454 co·
1471 3413 1507 3455 D
1532 3414 1703 3469 Utique,
1727 3414 1799 3459 ubi
1833 3412 2030 3469 superior
2054 3412 2193 3463 locus,
2229 3412 2289 3455 ibi
2324 3411 2562 3467 periculum
2595 3411 2766 3469 majus;

212 3472 347 3526 pitane
380 3487 422 3517 se
452 3486 525 3530 pro
556 3474 666 3518 vobis
694 3476 949 3519 redditurum
983 3492 1070 3521 esse
1106 3478 1192 3523 Deo
1227 3483 1443 3526 rationem.

215 3543 335 3588 Sicut
359 3546 403 3588 in
436 3548 689 3602 praecedenti
712 3561 836 3593 versu
862 3552 1055 3603 monuit,
1092 3553 1302 3596 bonorum
1327 3557 1446 3611 prius

212 3628 309 3660 esse
338 3619 576 3674 exemplum
602 3621 958 3675 prael·en‹lum,‘et
985 3630 1087 3666 tunc
1109 3623 1278 3669 demum
1304 3640 1447 3673 corre·

214 3688 398 3742 ptionem
419 3721 428 3740 ,
468 3697 593 3746 atque
618 3693 954 3737 consolationem
978 3694 1241 3740 inserendam
1268 3713 1278 3751 ;
1321 3699 1384 3743 sic
1406 3707 1447 3744 et

215 3759 260 3801 in
282 3758 366 3803 isto
395 3761 542 3815 J'ubet,
567 3769 613 3806 ut
637 3764 754 3819 prius
780 3766 1050 3823 disciplinam
1082 3768 1236 3813 babeat
1258 3802 1269 3821 ,
1295 3771 1447 3816 deinde

216 3836 263 3874 ut
285 3843 379 3875 eam
401 3834 497 3878 aliis
523 3835 725 3891 imponat.
747 3836 852 3882 Nam
868 3840 1081 3895 quomodo
1098 3842 1205 3887 alios
1226 3851 1446 3889 coarctare

217 3917 363 3951 secure
384 3909 567 3963 poterit,
604 3914 673 3967 qui
700 3915 887 3969 seipsum
912 3916 953 3959 in
979 3917 1138 3962 illicitis
1161 3919 1338 3963 dilatare
1362 3935 1445 3964 non

215 3979 458 4024 erubescit?
494 3983 574 4035 Qui
589 3984 806 4038 praedicas,
839 3987 1004 4043 inquit,
1040 4003 1120 4033 non
1145 3992 1442 4046 moeckandum,

216 4051 466 4097 moectiaris!
493 4054 574 4107 Qui
594 4056 697 4100 dicis
723 4072 801 4102 non
824 4059 1062 4117 furandum,
1091 4065 1248 4119 [uraris
1268 4068 1285 4108 ἶ)
1307 4066 1442 4123 (Rom.

215 4134 266 4176 n,
296 4124 373 4179 21,
404 4126 492 4183 22).
521 4128 702 4174 Laboret
740 4133 918 4187 proinde
948 4135 1149 4182 laborans
1191 4139 1333 4182 anima
1372 4146 1444 4183 tua

215 4193 328 4247 slbi;
366 4199 580 4253 compellit
614 4203 726 4244 enim
759 4210 800 4246 te
826 4217 874 4247 os
897 4212 1031 4249 tuum.
1072 4206 1143 4250 Sic
1172 4209 1215 4252 in
1247 4211 1442 4264 aedilicio,

214 4266 328 4322 quod
364 4269 468 4312 vidit
498 4269 542 4314 S.
579 4271 770 4318 Ezechiel
793 4308 806 4327 ,
842 4277 952 4320 labia
979 4292 1219 4324 mensarum
1242 4316 1252 4335 ‚
1278 4297 1371 4338 quae
1393 4285 1446 4329 de

213 4340 390 4394 quadris
412 4350 532 4396 erant
558 4345 769 4401 lapidibus
791 4355 1025 4395 exstructae
1044 4384 1054 4403 ,
1081 4354 1235 4398 rellexa
1264 4369 1339 4411 per
1361 4358 1442 4401 cir·

215 4421 377 4457 cunum
400 4413 658 4463 intrinsecus
683 4418 854 4464 suerunt
878 4422 1043 4479 (Ezcclae.
1064 4438 1134 4479 rt,
1157 4428 1248 4484 45).

1527 3488 1627 3543 quia
1651 3491 1811 3542 quanto
1834 3485 2058 3530 sublimior
2079 3484 2239 3540 gradus
2257 3516 2268 3535 ‚
2293 3495 2344 3527 eo
2368 3488 2410 3528 et
2433 3483 2604 3540 gravior
2619 3494 2766 3538 casus,
2838 3501 2842 3506 ·

1528 3565 1569 3603 ct
1589 3560 1683 3615 plus
1704 3558 1788 3602 crit
1815 3558 1870 3602 ab
1899 3570 1950 3602 eo
1972 3557 2228 3615 exigendum
2245 3589 2256 3609 ,
2281 3557 2351 3601 cui
2384 3557 2480 3613 plus
2501 3555 2627 3600 suerit
2648 3569 2770 3601 com·

1527 3634 1725 3676 missum.
1754 3629 1919 3675 idcirco
1947 3631 2244 3681 misereamur,
2270 3631 2443 3680 fratres,
2468 3643 2554 3673 non
2577 3636 2768 3676 tantum·
2831 3630 2835 3637 '

1527 3703 1655 3746 modo
1673 3703 1825 3755 nostri;
1839 3701 1913 3747 sed
1931 3707 1974 3746 et
1988 3702 2175 3753 illorum,
2194 3703 2311 3757 quia,
2330 3706 2377 3744 ut
2395 3700 2617 3758 Scriptura
2634 3703 2767 3749 dicit:

1530 3773 1693 3829 Exiyuo
1716 3773 1842 3815 datur
1873 3771 2187 3822 misericordia,·
2203 3772 2414 3828 judicium
2438 3781 2573 3816 autem
2589 3772 2768 3817 durissi-

1527 3859 1638 3888 mum
1680 3845 1742 3887 his
1783 3845 1854 3901 qui
1890 3850 2103 3899 praesunt,
2131 3844 2203 3899 fiet
2251 3843 2370 3901 (Sap.
2393 3857 2451 3896 vt,
2475 3843 2534 3902 7).
2564 3843 2617 3888 Et
2637 3845 2767 3890 mise-

1526 3932 1698 3964 reamur
1707 3917 1944 3962 obediendo
1957 3931 1969 3971 3
1988 3917 2090 3974 quia
2103 3929 2200 3961 cum
2216 3929 2366 3961 eorum
2379 3930 2529 3962 sumus
2541 3919 2770 3975 praeceptis

1525 3993 1775 4044 humiliter,
1814 3999 1856 4035 et
1887 3998 2109 4047 prompte,
2156 3990 2416 4043 efficaciter,
2464 4003 2513 4035 ac
2567 4003 2771 4047 perseve-
2830 4052 2837 4060 ·

1527 4071 1673 4109 ranter
1709 4064 1971 4115 obedientes,
1999 4064 2104 4119 ipsis
2141 4063 2343 4107 nimirum
2386 4075 2561 4108 causam
2593 4063 2762 4110 damus.

1525 4145 1568 4183 et
1613 4138 1882 4182 occasionem
1902 4170 1914 4189 ,
1959 4144 2088 4193 atque
2127 4136 2446 4190 confidentiam,
2493 4143 2539 4180 ut
2584 4143 2766 4181 tremen-

1526 4212 1626 4255 dum
1649 4211 1750 4254 illud
1778 4211 1967 4254 futurum
2007 4210 2081 4254 Dei
2106 4209 2318 4265 iudicium
2356 4210 2407 4254 de
2439 4209 2598 4265 fructu,
2637 4222 2762 4266 quem

1526 4296 1572 4327 sc
1611 4283 1722 4338 apud
1758 4294 1838 4327 nos
1870 4281 2011 4326 facere
2043 4281 2190 4325 vident
2225 4281 2488 4326 confidentes
2517 4288 2764 4337 exspectent

1525 4355 1782 4399 securiores.
1807 4354 2035 4410 Sequitur:
2056 4353 2188 4397 Donet
2205 4361 2342 4396 autem
2364 4354 2491 4406 Deus,
2512 4361 2555 4396 ut
2580 4353 2763 4397 observe-

1527 4429 1579 4473 tis
1611 4428 1698 4474 ltoec
1738 4429 1902 4482 omnia,
1947 4435 2143 4474 tammam
2179 4427 2411 4483 spiritualis
2441 4427 2761 4483 pulchritudinis

2820 3815 2829 3835 i

2880 932 2901 1078 l

2887 1078 2897 1122 5!

2893 1127 2899 1182 l
