2924 4588
261 107 374 156 1355

1267 74 1430 138 emm
1459 91 1810 138 coitsssroms

2722 100 2831 147 {359

260 209 336 246 aut
367 201 494 251 tibet,
522 196 739 248 autlieet;
774 189 853 238 sed
870 190 986 248 quod
1008 190 1066 234 lbi
1090 188 1261 233 fuerant
1282 185 1495 236 creditur,
1523 192 1559 233 A
1583 185 1767 241 gendum
1788 190 1855 229 est
1877 184 1930 228 de
1960 185 2124 240 pariete
2161 185 2420 244 interposito
2454 189 2568 234 inter
2603 200 2754 236 sancta
2787 200 2833 238 et
2870 183 2874 186 ’

261 261 385 331 quod
390 261 691 316 i5detni⁸velle
713 263 943 320 Iosephus,
971 264 1074 307 dum
1106 262 1166 304 ait
1193 261 1246 304 de
1275 259 1503 304 eversione

258 345 427 399 templi.
459 341 662 398 Latitudo
693 350 796 382 vene
832 333 1125 380 tabulatorum
1164 332 1370 387 differens
1386 335 1499 374 crat.

263 430 280 456 ε
308 415 565 459 Tabulatum
603 411 717 456 enim
754 413 870 466 quod
899 416 991 453 erat
1023 406 1172 451 subter
1195 394 1384 461 quinque
1424 415 1502 446 cu-

258 490 371 532 bitos
389 483 853 532 habehathtitudiniffi
882 488 923 526 et
948 480 1135 524 medium
1155 491 1229 522 sex
1254 477 1440 525 cubitos,
1456 481 1497 519 et

257 560 431 602 tertium
452 562 632 613 septem.
658 572 671 595 i
697 553 822 606 Quod
841 553 895 596 ad
921 547 1106 595 litteram
1121 550 1297 606 quidam
1323 548 1499 590 tradunt

255 629 433 679 sactum,
458 635 506 672 ut
529 629 571 670 in
589 626 890 681 superioribus
912 623 1120 666 tabulatis
1151 625 1393 670 manentes,
1414 627 1500 663 non

258 701 588 758 impedirentur,
620 700 673 743 ad
691 698 991 754 aspiciendum
1016 695 1216 745 inferius,
1245 705 1324 750 per
1353 694 1502 737 obsta-

256 774 401 817 culum
428 770 701 814 inleriorum.
729 768 938 812 Hebraeus
967 772 1113 810 tamen
1139 766 1244 810 dicit
1267 765 1354 808 tria
1375 766 1503 809 tabu·

256 847 339 889 lata
368 857 514 899 parem
557 842 765 886 habuisse
798 839 1092 893 latitudinem,
1136 844 1183 882 ut
1219 838 1256 881 si
1280 850 1304 880 a
1328 850 1503 882 summo

256 931 394 974 usque
414 918 470 960 ad
495 918 627 960 imum
647 914 865 970 plumbata
892 911 1159 957 caementarii
1192 911 1501 963 dimitteretur,

254 1004 402 1036 eorum
431 987 766 1046 perpenderetur
785 986 1026 1043 aequalitas.
1054 983 1362 1028 Verumtamen
1387 982 1498 1026 inle-

264 1066 355 1108 rius
386 1063 622 1107 tabulatum
648 1061 840 1118 quinque
870 1059 1114 1103 cubitorum
1156 1062 1249 1102 erat
1286 1058 1328 1100 in
1352 1057 1500 1100 latitu-

254 1141 369 1190 dine,
395 1136 583 1180 medium
611 1146 711 1179 vero
753 1144 846 1184 sex,
884 1134 983 1188 quia
1021 1144 1173 1176 murus
1208 1130 1407 1187 superior
1431 1141 1500 1172 ar-

254 1212 365 1255 ctior
381 1210 537 1260 sactus,
563 1208 687 1265 quasi
709 1219 785 1263 per
805 1205 997 1249 cubitum
1020 1210 1234 1249 retractus
1253 1207 1362 1247 erat.
1384 1201 1495 1246 Ulti-

252 1301 370 1332 mum
396 1298 495 1331 vero
519 1285 757 1328 tabulatum
798 1287 960 1338 septem
999 1280 1170 1324 cubitos
1211 1278 1398 1322 habebat
1422 1290 1500 1334 pro

252 1361 513 1405 retractione
530 1358 643 1403 muri
667 1356 867 1412 superius
891 1354 1093 1400 similiter
1106 1353 1286 1396 sactum.
1305 1350 1500 1395 Fuerunt

251 1434 324 1490 qui
345 1434 538 1477 dicerent
568 1429 750 1474 inferius
774 1428 1013 1473 tabulatum
1036 1430 1198 1483 'septem
1218 1426 1353 1470 fuisse
1377 1426 1500 1469 cubi-

252 1515 411 1555 torum,
446 1510 488 1548 et
520 1502 709 1546 medium
750 1514 842 1552 sex,
876 1507 922 1543 ut
961 1498 1233 1544 ascendendo
1257 1505 1501 1549 arctaretur

252 1577 442 1622 tabulata
468 1575 580 1618 sicut
598 1579 640 1618 et
660 1585 829 1617 murus.
855 1571 1144 1628 Etcorrigunt
1182 1570 1386 1621 litteram,
1420 1582 1500 1626 pro

256 1667 270 1694 ι
295 1651 460 1702 subter,
483 1665 497 1690 i
530 1647 745 1705 ponendo,
773 1659 920 1702 super.
946 1644 1022 1690 Vel
1039 1646 1170 1689 etiam
1196 1645 1360 1700 legunt,
1389 1659 1403 1684 ι
1424 1655 1500 1689 su·

250 1725 398 1776 bter,›
437 1724 646 1776 dicentes,
691 1721 966 1764 «tabulatum
1005 1719 1121 1775 quod
1163 1719 1312 1763 subter
1345 1723 1496 1768 c1·at,»

250 1812 335 1841 non
357 1800 468 1849 loeo,
495 1797 570 1841 sed
597 1807 793 1840 numero.
826 1793 947 1838 Sicut
966 1793 1080 1836 enim
1100 1793 1232 1835 altum
1254 1792 1431 1844 dicitur,
1454 1771 1501 1837 et

250 1871 528 1928 profundum,
574 1877 616 1914 et
651 1880 918 1925 supremum,
961 1867 1026 1911 sic
1067 1871 1109 1910 et
1145 1866 1296 1913 subter
1336 1866 1500 1910 dicitur

249 1945 362 1997 loco,
383 1943 500 2001 quod
528 1942 644 1986 inl'ra
668 1942 856 2000 positum
881 1946 974 1994 est;
1002 1938 1152 1984 subter
1173 1951 1276 1984 vero
1298 1951 1496 1994 numero,

248 2015 299 2059 ad
324 2014 440 2071 quod
466 2012 716 2058 ascenditur
758 2011 1092 2055 numerandum.
1120 2010 1220 2055 ttaec
1249 2017 1393 2056 autem
1431 2017 1521 2055 ta·-

249 2088 397 2131 bulata
427 2087 492 2131 sic
519 2091 643 2131 erant
679 2085 915 2141 conjuncta
945 2097 1085 2137 muro,
1121 2094 1165 2129 ut
1186 2084 1222 2133 ei
1250 2097 1337 2128 non
1362 2085 1499 2128 baere-

247 2167 362 2214 rent,
381 2160 423 2205 id
445 2167 512 2205 est
534 2171 661 2203 muro
687 2158 820 2202 infixa
856 2170 944 2202 non
967 2163 1129 2203 essent.
1157 2157 1325 2202 Trabes
1350 2165 1497 2202 tamen

247 2236 301 2280 de
340 2234 477 2279 muris
516 2231 852 2290 prominebant(
880 2230 1018 2276 Porro
1056 2232 1100 2276 in
1144 2232 1495 2277 extremitatibus

247 2308 462 2365 cuiusque
485 2306 683 2358 tabulati,
717 2313 763 2349 ut
786 2305 1114 2349 deambulantes
1140 2307 1195 2349 ab
1223 2306 1380 2361 injuria
1405 2307 1498 2364 lap-
1519 2335 1552 2380 C

247 2395 323 2428 sus
362 2380 728 2435 defenderent-un
769 2378 999 2424 aedilicavit
1032 2379 1258 2432 luriculas,
1286 2386 1495 2436 tanquam

249 2454 594 2511 appodiationes,
638 2465 734 2509 quae
776 2453 820 2496 in
859 2451 1041 2509 Regum,
1088 2467 1102 2493 ‹
1128 2452 1296 2496 latera»
1337 2466 1497 2498 vocan-

245 2529 434 2585 tur(l7),
455 2529 500 2572 in
528 2522 905 2584 Paralipomenon,
946 2525 1125 2575 cancelli
1151 2524 1220 2576 (ΙΙ
1239 2524 1388 2571 Paral.
1409 2529 1495 2585 ut),

244 2601 299 2645 de
331 2611 518 2656 quorum
557 2598 787 2642 altitudine
823 2599 1059 2649 nescimus,
1085 2597 1172 2640 nisi
1196 2595 1251 2641 de
1270 2603 1494 2654 supremo,

245 2670 362 2729 quod
385 2669 537 2714 habuit
559 2670 601 2713 in
630 2668 863 2712 altitudine
880 2668 1072 2726 quinque
1097 2669 1285 2714 cubitos.

430 2777 533 2822 Car.
560 2777 613 2822 X.
656 2778 712 2822 De
731 2786 882 2822 ornatu
901 2778 1114 2835 inferioris
1133 2779 1299 2826 domus.

299 2883 436 2929 Porro
478 2897 631 2928 murus
678 2885 902 2931 inlerioris
948 2887 1190 2932 mansionis
1230 2889 1495 2949 intrinsecus

243 2958 435 3015 undique
456 2965 635 3015 opertus
660 2964 754 3003 erat
768 2959 933 3003 tabulis
947 2960 1154 3014 cedrinis,
1177 2962 1374 3007 trabibus
1392 2975 1495 3008 vero

254 3031 405 3075 solarii
430 3030 556 3074 affixa
571 3037 695 3074 erant
717 3030 938 3087 laquearia
969 3032 1147 3076 cedrina
1170 3031 1270 3090 (ΙΙΙ
1287 3033 1386 3091 Rey.
1414 3035 1490 3093 vi).

244 3102 544 3147 Pavimentum
559 3114 663 3147 vero
684 3102 839 3147 domus
864 3110 1028 3147 tectum
1056 3107 1150 3149 crat
1191 3105 1349 3150 tabulis
1376 3107 1495 3151 abie-

245 3177 360 3235 gnis,
383 3176 576 3221 tabulata
608 3187 710 3221 vero
731 3171 933 3230 laterum,
970 3184 1012 3222 et
1038 3179 1258 3236 laquearia
1284 3181 1489 3234 trabium,

243 3260 287 3295 et
303 3251 551 3308 pavimenta
583 3249 742 3295 tabulis
766 3251 911 3296 aureis
942 3253 1252 3308 operiebantur
1274 3266 1374 3298 cum
1399 3255 1492 3298 cla⁴

242 3324 310 3369 vis
326 3325 485 3375 aureis,
512 3336 695 3379 quorum
733 3323 891 3379 singuli
916 3332 1042 3369 erant
1080 3327 1396 3384 quinquaginta
1431 3328 1492 3373 si-

1582 258 1822 300 oraculum.
1856 256 1976 300 Sicut
1998 259 2114 302 enim
2142 259 2186 302 in
2210 260 2492 304 tabernaculo
2517 262 2766 306 columnae
2754 277 2829 307 in·-

1582 328 1802 383 terpositae
1827 327 2018 381 suerunt,
2043 330 2207 385 quibus
2228 333 2552 387 appendebatur
2577 335 2734 387 vetum,
2763 337 2831 380 sic

1584 400 1868 455 interpositus
1904 407 1970 445 est
2013 401 2058 445 in
2100 405 2260 459 templo
2303 406 2445 459 paries
2485 406 2707 460 cedrinus,
2741 421 2832 453 non
2874 463 2878 465 4

1582 473 1820 516 ascendens
1846 473 1888 516 in
1919 474 2050 517 altum
2076 475 2171 519 nisi·
2187 488 2264 530 per
2284 478 2434 533 viginti
2467 479 2654 532 cubitos,
2679 479 2832 525 decem
2873 468 2877 470 ἡ

1583 545 1768 594 cubitos,
1798 545 1873 602 qui
1892 554 2160 602 supererant,
2187 562 2326 605 usque
2350 551 2404 594 ad
2441 551 2678 608 laquearia,
2717 555 2856 599 inta··

1583 622 1677 659 ctos
1703 617 1980 671 relinquens,
2008 625 2055 661 ut
2079 619 2224 663 sumus
2247 627 2488 665 aromatum
2512 626 2753 670 ascendens
2777 626 2835 672 de
2863 631 2865 633 ’

1583 690 1710 732 altari
1740 702 1818 745 per
1836 699 2083 746 aperturam
2110 685 2377 748 superiorem
2396 695 2532 741 libere
2567 699 2752 743 intraret
2787 701 2836 744 in
2870 685 2874 687 Δ

1582 763 1825 806 oraculum.
1862 763 1963 807 Erat
2004 770 2148 810 autem
2181 772 2301 811 totus
2342 770 2487 824 paries
2528 776 2672 815 tectus
2703 785 2832 826 auro,
2873 811 2875 814 ,

1582 834 1744 879 liabens
1765 830 2022 895 anaglypha,
2048 838 2271 882 cherubim
2291 846 2335 882 et
2360 841 2530 897 palmas
2577 844 2627 887 ad
2666 851 2831 888 motuni
2870 852 2875 878 θ

1583 908 1814 963 parietum.
1854 908 1964 951 Huic
2000 907 2153 965 parieti
2193 922 2430 967 appensum
2471 921 2565 958 erat
2601 917 2742 960 velum
2778 917 2837 962 de·
2864 911 2889 958 s

1582 985 1774 1034 quatuor
1787 980 2027 1032 coloribus,
2043 982 2113 1024 cui
2132 982 2293 1026 intexta
2317 991 2440 1027 erant
2458 986 2681 1030 cherubim
2701 995 2838 1033 tanta!
2854 1001 2861 1010 ²

1585 1052 1828 1103 tenuitatis,
1873 1059 1918 1095 ut
1954 1050 2133 1109 parietis
2159 1066 2247 1098 non
2283 1057 2563 1111 prohiberent
2587 1063 2830 1116 aspectumt
2870 1057 2879 1115 ’ζ

1583 1126 1709 1180 Quod
1742 1132 1880 1170 totum
1901 1128 2108 1183 parietem
2133 1119 2372 1185 operiens,
2395 1131 2505 1176 sorte
2529 1143 2667 1190 usque
2690 1134 2746 1178 ad
2767 1135 2831 1178 la·
2876 1192 2877 1195 J

1583 1201 1761 1260 quearia
1785 1200 2065 1255 ascendebat,
2086 1204 2203 1259 qnod
2229 1196 2387 1259 legitur
2410 1206 2451 1248 in
2471 1205 2702 1264 Evangelio
2726 1210 2838 1254 scis,
2876 1197 2881 1211 ²

1528 1265 1561 1308 Β
1582 1284 1678 1316 sum
1706 1271 1843 1318 fuisse
1864 1285 1888 1315 a
1913 1286 2086 1318 summo
2103 1285 2240 1330 usque
2263 1276 2464 1321 deorsum
2482 1278 2653 1335 (attauh.
2673 1283 2833 1339 iani).-
2860 1275 2874 1299 ¹

1583 1343 1868 1392 Deinteriori
1894 1346 2116 1390 schemate
2142 1349 2416 1403 superiorum
2441 1351 2715 1396 mansionum
2741 1363 2834 1399 non
2867 1357 2885 1373 ’·

1582 1416 1683 1473 legi,
1711 1417 1796 1462 nisi
1815 1418 1951 1474 quod,
1971 1418 2075 1462 dum
2093 1427 2470 1466 consummaretur
2487 1423 2732 1477 aedificium,
2753 1438 2836 1483 po·⁹
2863 1425 2890 1518 3

1583 1489 1696 1534 situs
1720 1499 1784 1535 est
1807 1492 1949 1548 lapis'
1938 1505 1981 1535 in
2003 1494 2160 1549 angulo
2184 1496 2414 1550 superiori,
2444 1506 2530 1542 non
2555 1498 2650 1543 sine
2677 1502 2832 1557 grandi

1583 1565 1781 1608 omnium
1810 1565 2119 1611 admiratione.
2139 1568 2247 1613 Cum
2271 1571 2385 1614 enim
2411 1564 2693 1628 aedificantes,
2718 1580 2762 1619 et
2785 1575 2835 1619 in

1580 1635 1863 1687 fundamento
1885 1645 1928 1684 et
1953 1640 1998 1684 in
2024 1653 2148 1685 muro
2172 1655 2273 1686 eum
2297 1645 2440 1689 locare
2458 1647 2716 1701 niterentur,
2740 1642 2886 1695 „03⁴³

1580 1718 1648 1754 est
1670 1710 1874 1756 iuventus
1897 1713 2019 1758 locus
2037 1715 2150 1768 ejus,
2177 1717 2347 1762 donec
2337 1732 2380 1761 in
2406 1720 2563 1776 angulo
2595 1723 2833 1778 superiori,
2883 1725 2885 1729 '

1580 1790 1623 1830 et
1658 1778 1905 1842 postremus
1948 1788 2162 1840 omnium,
2208 1784 2620 1836 convenientissime
2662 1797 2834 1850 positus
2866 1798 2882 1855 J

1579 1864 1664 1911 est,
1688 1860 1927 1903 secundum
1963 1862 2078 1917 quod
2118 1865 2373 1918 praedixerat
2397 1866 2547 1912 David.
2593 1869 2830 1926 «Lapidem
2855 1857 2883 1926 ἶ

1582 1944 1710 1988 quem
1746 1935 2090 1990 reprobatorum
2121 1939 2400 1995 {edilis-antes,
2420 1941 2490 1984 hie
2517 1941 2670 1992 lactus,
2699 1959 2713 1985 ι
2741 1951 2830 1989 etc.
2868 1940 2872 1946 “

1581 2004 1720 2063 (Paul.
1751 2006 1879 2064 xvn.)
1907 2007 1955 2052 ln
1985 2011 2234 2055 summitate
2270 2025 2374 2056 xero
2407 2016 2517 2057 muri
2557 2029 2632 2071 per
2676 2012 2881 2081 gyrunrJ

1581 2075 1703 2120 affixa
1722 2072 1847 2121 erant
1875 2091 2008 2126 aurea
2026 2094 2156 2125 verna
2181 2083 2234 2125 ad
2261 2084 2375 2127 homi
2383 2085 2450 2129 uis
2478 2099 2517 2128 n.
2524 2087 2824 2143 agnitudinem

1581 2155 1755 2206 propter
1780 2162 1882 2196 aves
1910 2153 2162 2210 abigendas,
2187 2162 2234 2198 ut
2262 2156 2459 2215 delonge
2498 2160 2826 2215 aspicientibus,
2863 2159 2866 2165 '

1579 2221 1704 2276 quasi
1730 2220 1839 2266 silva
1860 2234 1992 2267 aurea
2018 2223 2252 2271 videretur.
2276 2225 2358 2271 Per
2390 2242 2543 2286 gyrum
2576 2243 2680 2276 vero
2714 2234 2826 2277 muri

1580 2302 1675 2338 erat
1700 2294 1865 2340 labium
1890 2298 2099 2349 exterius.
2139 2311 2161 2341 a
2193 2313 2279 2357 quo
2306 2301 2602 2357 dependebant
2641 2307 2829 2361 grandes

1579 2379 1673 2412 uvae
1693 2379 1837 2413 aureae
1853 2382 1951 2414 cum
1977 2373 2193 2427 pampinis
2211 2374 2370 2426 aureis,
2397 2377 2503 2419 adeo
2522 2376 2825 2433 sabratae-,tica

1578 2445 1625 2483 ut
1650 2452 1825 2486 sursum
1849 2443 2161 2500 aspicientibus
2185 2448 2311 2502 quasi
2336 2449 2389 2491 ad
2411 2448 2550 2493 instar
2565 2451 2707 2496 avium
2731 2466 2828 2498 mo-

1577 2514 1669 2558 veri
1693 2527 1806 2572 saepe
1836 2516 2104 2563 viderentur.
2133 2519 2270 2564 Porro
2297 2521 2421 2577 juxta
2461 2528 2639 2578 terram,
2665 2526 2826 2571 ostium

1577 2588 1725 2633 lateris
1751 2590 1879 2633 medii
1918 2592 1962 2634 in
2001 2594 2164 2648 pariete
2204 2600 2297 2638 erat
2316 2594 2469 2640 domus
2488 2595 2667 2652 dextrae,
2687 2599 2730 2644 id
2759 2606 2826 2644 est

1577 2660 1899 2715 meridianam,
1923 2669 1966 2708 et
1992 2676 2069 2720 per
2101 2666 2322 2711 cochleam
2348 2670 2578 2716 testudinis
2614 2673 2825 2718 ascende-

1576 2734 1682 2777 bant
1704 2736 1747 2780 in
1763 2735 1956 2781 medium
1972 2739 2267 2791 coenaculum,
2288 2746 2331 2785 et
2350 2754 2372 2785 a
2395 2744 2538 2789 medio
2560 2744 2604 2790 in
2624 2748 2822 2802 tertium,

1576 2808 1658 2853 hoc
1695 2815 1761 2854 est
1793 2823 1872 2867 per
1914 2823 2144 2857 ascensum
2171 2819 2438 2870 tortuosum,
2478 2819 2552 2874 qui
2573 2819 2700 2877 vulgo
2721 2820 2824 2866 vitis

1576 2883 1754 2936 dicitur,
1783 2885 1857 2941 qui
1878 2885 2020 2930 sactus
2043 2893 2111 2931 est
2130 2887 2183 2930 ad
2208 2888 2536 2935 similitudinem
2560 2893 2746 2939 cochleae
2761 2903 2827 2939 te-

1576 2958 1777 3003 studinis.
1817 2957 2034 3015 Iosephus
2064 2963 2207 3004 tamen
2236 2960 2455 3006 'describit
2494 2976 2723 3009 ascensum
2758 2965 2824 3009 ra·

1574 3036 1690 3075 ctum
1730 3043 1808 3087 per
1846 3030 2038 3075 medium
2073 3031 2189 3076 muri
2220 3033 2538 3086 absconditum,
2581 3034 2751 3080 facilem
2779 3045 2822 3083 ct

1575 3117 1795 3157 securum,
1822 3105 1867 3148 in
1894 3110 2017 3160 parte
2043 3106 2159 3149 muri
2184 3108 2413 3152 exterioris
2431 3108 2713 3154 senestratum
2735 3111 2823 3155 suf-

1576 3177 1783 3221 ficienter.
1812 3175 1981 3220 Ostium
2009 3191 2112 3222 vero
2133 3191 2342 3226 aseensus
2367 3181 2528 3225 dicitur
2548 3183 2820 3240 tuissejuxta

1574 3255 1733 3294 terram
1784 3251 1828 3294 in
1873 3252 2043 3308 angulis
2077 3253 2371 3298 anterioribus
2412 3255 2642 3312 utriusque
2678 3258 2818 3303 muri.

1571 3321 1691 3366 Fecit
1717 3328 1860 3367 autem
1879 3324 1921 3366 in
1946 3324 2126 3368 introitu
2156 3326 2303 3382 templi
2330 3332 2478 3382 postes
2512 3327 2566 3371 de
2590 3329 2716 3386 lignis
2739 3331 2821 3374 oli-

248 3399 431 3450 clorum,
456 3399 654 3454 nihilque
685 3404 780 3442 erat
818 3398 862 3441 in
899 3399 970 3442 illa
994 3398 1191 3443 inferiori
1230 3407 1349 3456 parte
1380 3408 1490 3446 tcm-
1516 3412 1549 3454 ῃ
1571 3409 1722 3441 varum
1761 3398 2100 3455 quadrangulos,
2126 3405 2168 3442 et
2193 3401 2280 3443 duo
2314 3401 2422 3444 ostia
2458 3401 2511 3445 de
2549 3402 2678 3459 lignis
2700 3405 2820 3449 abie-

244 3472 322 3530 pli,
357 3470 474 3528 quod
513 3484 620 3515 auro
654 3484 742 3515 non
761 3477 999 3528 tegeretur,
1025 3472 1085 3515 ita
1107 3479 1154 3516 ut
1179 3474 1324 3518 vultus
1342 3475 1489 3531 ingre·

241 3544 452 3604 dientium
482 3545 642 3588 laceret
665 3545 762 3588 auri
776 3537 940 3589 lumine
966 3546 1256 3601 resplendere.
1283 3540 1420 3592 Porro
1444 3549 1490 3592 in

240 3618 444 3671 junctura
476 3617 721 3661 tabularum
748 3617 852 3661 l'ecit
873 3618 1131 3675 anaglypha,
1160 3617 1202 3662 id
1221 3626 1288 3664 est
1312 3622 1491 3665 caelatu-

243 3702 329 3739 ras,
354 3690 422 3733 rel
442 3696 695 3734 tornaturas
717 3691 761 3734 in
792 3690 1014 3746 juncturis
1039 3690 1307 3744 fabrefactis,
1347 3707 1401 3738 ne
1423 3694 1489 3738 lo·-

241 3774 320 3806 eus
341 3762 559 3819 juncturae
584 3761 849 3818 deprehendi
874 3770 1037 3820 posset.
1058 3762 1105 3807 ln
1127 3765 1270 3808 medio
1291 3771 1394 3811 v'ero
1417 3773 1485 3811 ta—

241 3835 352 3879 bulae
389 3841 514 3879 erant
565 3836 776 3891 imagines
812 3837 1126 3892 prominentes,
1175 3838 1398 3882 cherubim
1441 3846 1485 3885 et

241 3907 408 3961 palmae.
454 3906 555 3950 Haec
602 3907 776 3963 quidem
810 3908 855 3950 in
898 3908 1059 3952 tabulis
1105 3910 1294 3955 cedrinis
1338 3912 1485 3956 caelata

241 3982 380 4032 crant,
420 3977 496 4020 sed
522 3988 629 4020 auro
665 3982 794 4028 tecta,
832 3978 899 4021 vel
923 3978 966 4021 in
999 3980 1107 4035 ipsis
1129 3981 1290 4025 tabulis
1319 3984 1481 4029 aureis.

242 4045 475 4090 Graculum
500 4053 661 4097 autem.
681 4047 797 4101 quod
821 4047 980 4091 dicitur
999 4049 1157 4094 Sancta
1182 4056 1482 4107 sanctorum‘,

242 4120 430 4164 habebat
451 4119 603 4175 viginti
633 4122 803 4164 cubitos
828 4122 1125 4177 longitudinis,
1165 4130 1207 4168 et
1237 4126 1390 4182 viginti
1423 4127 1487 4170 la-

248 4191 463 4243 titudinis.
503 4199 547 4235 et
579 4192 756 4247 triginta
805 4193 1062 4238 altitudinis.
1096 4195 1143 4239 ln
1168 4198 1310 4243 littera
1340 4207 1484 4244 tamen

241 4261 439 4314 habetur,
461 4268 503 4305 et
525 4262 675 4317 viginti
698 4263 867 4308 cubitos
892 4265 1155 4319 altitudinis,
1181 4269 1297 4326 quod
1321 4270 1483 4314 intelli-

1570 3471 1667 3527 gnis
1688 3470 1962 3523 altrinsecus,
1991 3478 2034 3515 et
2058 3479 2291 3528 utrumqne
2312 3475 2473 3518 ostium
2505 3476 2662 3532 duplex
2705 3485 2816 3530 erat,

1570 3549 1614 3588 et
1635 3555 1681 3587 se
1702 3543 1888 3586 invicem
1912 3550 2065 3588 tenens
2082 3546 2447 3600 aperieliatur“·‘.
2472 3546 2525 3590 Et
2558 3549 2740 3606 sculpsit
2773 3551 2817 3595 in

1567 3615 1631 3659 eis
1672 3616 1914 3667 cherubim,
1951 3622 1996 3660 et
2038 3618 2222 3672 palmas,
2243 3625 2283 3661 et
2308 3617 2537 3664 caelaturas
2564 3620 2692 3666 valde
2707 3622 2816 3666 emi-

1573 3693 1746 3739 nentes,
1805 3694 1847 3731 ct
1882 3691 2051 3745 operuit
2088 3690 2232 3733 omnia
2281 3690 2452 3734 laminis
2492 3696 2636 3739 aureis
2687 3708 2817 3751 opere

1569 3761 1737 3818 quadro
1777 3761 1831 3804 ad
1858 3762 2066 3817 regulam.
2113 3761 2246 3806 Fores
2283 3763 2378 3808 istae
2411 3771 2543 3810 tantae
2575 3769 2815 3814 venustatis

1570 3840 1711 3886 erant,
1749 3834 1865 3891 quod
1888 3837 2018 3879 etiam
2043 3835 2178 3880 David
2202 3838 2466 3893 prophetans
2488 3838 2541 3883 de
2559 3841 2707 3898 templi
2739 3842 2814 3886 de-

1570 3908 1825 3958 structione,
1842 3919 1915 3952 eas
1936 3909 2192 3952 nominatim
2207 3911 2435 3966 expressit,
2464 3911 2636 3957 dicens:
2658 3929 2673 3955 ι
2691 3914 2816 3958 Exci-
2837 3908 2840 3920 ²

1568 3979 1726 4023 derunt
1745 3979 1903 4036 Januas
1929 3981 2026 4035 ejus
2050 3982 2094 4024 in
2117 3981 2304 4037 idipsum
2330 3982 2464 4040 (Paul.
2495 3984 2649 4042 axxnr)
2682 3999 2699 4027 ι
2739 3985 2810 4036 Et.

1570 4058 1616 4095 ut
1636 4051 1850 4108 Iosephus
1869 4053 1944 4106 ait,
1969 4065 2057 4097 non
2082 4063 2177 4097 erat
2199 4055 2246 4098 in
2266 4055 2331 4100 eis
2354 4056 2519 4112 lignum
2550 4058 2693 4114 maius
2717 4059 2812 4115 pal-

1564 4137 1653 4168 mo.
1693 4125 1816 4178 Quod
1857 4125 1969 4170 l'ortc
2008 4132 2186 4171 notatur
2215 4126 2262 4172 in
2294 4126 2478 4193 Regum,
2504 4141 2603 4174 cum
2622 4129 2804 4183 dicit-ur,
2843 4139 2872 4148 “

1568 4212 1582 4239 ι
1600 4210 1730 4254 opere
1747 4198 1916 4254 quadro
1934 4198 1987 4242 ad
2004 4200 2213 4256 regulam.
2235 4215 2251 4242 ι
2268 4200 2324 4244 Ει
2345 4207 2438 4246 erat
2457 4201 2640 4248 altitudo
2656 4206 2808 4248 earum
2850 4207 2856 4213 ’
2910 4202 2921 4215 ’·

1561 4270 1739 4328 triginta
1764 4271 2010 4319 cubitorum
2029 4273 2270 4317 secundnm
2297 4273 2569 4320 altitudinem
2587 4273 2807 4320 inferioris

297 4385 390 4445 (Π)
419 4385 496 4438 Vix
514 4391 721 4446 quantum
747 4385 802 4431 ad
818 4398 995 4433 sensum
1020 4389 1102 4435 tale
1126 4390 1228 4448 quid
1250 4392 1297 4437 in
1328 4392 1470 4437 Paral.
1493 4394 1697 4447 reperies.
