2924 4588
123 81 153 126 ³⁴
158 80 215 136 8)

833 79 1137 128 SERMONES.
1169 111 1227 118 -ν-
1255 85 1385 140 ΒΟΜ.
1416 84 1453 128 11
1481 74 1620 128 POST
1653 84 2003 133 EPtPnANlAM.

2626 97 2707 139 434

127 185 271 226 mente
303 178 531 236 cogitando
554 193 683 237 quam
717 181 760 224 ln
794 192 975 236 corpore
1008 178 1228 235 operando
1258 192 1368 224 com-
1400 185 1433 229 Α
1458 191 1583 235 pore;
1601 181 1728 223 tertia
1747 194 1847 224 vero
1870 196 1969 226 cum
1989 184 2112 243 plene
2135 186 2231 230 scio*
2255 199 2331 230 me
2348 199 2433 230 non
2467 199 2594 243 posse
2612 193 2707 233 sub·

125 253 266 303 mitto,
300 265 401 297 ecce
434 261 594 310 quanta
627 254 672 298 in
704 265 773 298 me
803 254 932 304 bona,
955 260 998 297 et
1030 254 1124 309 ipsa
1155 253 1199 296 in
1232 259 1374 297 mente

127 324 400 379 instabilitas,
430 331 473 371 et
499 326 543 369 in
568 338 750 382 corpore
774 325 984 382 fragilitas
1007 324 1206 369 offuscat.
1234 324 1376 369 Verba-

127 398 337 444 orationis
361 399 535 455 quidem
555 399 929 455 lingualoquitur,
958 398 1035 442 sed
1057 411 1179 443 mens
1202 410 1278 454 per
1302 398 1379 442 di·-

125 482 248 514 versa
272 476 476 526 vagatum
510 483 596 514 non
618 476 826 515 versatur·
839 470 883 514 in
916 470 1053 514 corde·
1069 468 1184 525 quod
1208 469 1373 525 proler-

123 550 196 586 tur
230 544 273 586 in
297 555 394 594 ore;
418 542 494 587 sed
527 542 808 600 perdentibus
829 543 873 586 in
904 555 972 586 me
998 542 1160 585 muscis
1183 541 1373 585 suavita·-

123 613 210 660 't‘em
232 615 442 671 unguenti
468 607 617 672 (Eccli.
635 629 676 669 x,
696 615 758 672 Ξ),
784 620 848 659 tot
866 626 997 671 super
1017 614 1226 658 cadavera
1248 615 1370 658 volu-

123 687 219 732 eres
258 687 552 738 descendunt.
589 695 636 732 ut
672 688 843 744 abigere
877 700 952 733 eas
989 686 1149 731 Abram
1188 692 1373 744 nequeat

123 757 242 818 (Geu-
261 775 332 812 xv,
353 760 422 818 tt)
438 778 449 814 ·,
467 767 509 806 et
531 749 644 818 quod
670 761 793 817 pejus
815 767 896 813 est,
922 760 1154 817 aliquando
1175 773 1256 804 nec
1279 761 1374 804 abi-

122 842 222 890 gere
257 839 396 877 curat.
422 833 561 878 Simili
586 834 714 878 modo
747 846 845 878 cum
867 834 1044 878 lectioni
1075 833 1246 886 insisto,
1273 847 1371 878 cum

121 919 171 951 os
193 908 301 952 seris
324 907 484 951 silentii
517 905 687 958 claudo,
713 907 872 951 misera
899 918 1022 951 mens
1044 907 1202 963 quietis
1233 907 1371 963 impa-

121 979 250 1030 tiens,
275 985 423 1035 utpote
440 981 612 1035 qarrula
635 988 674 1023 et
691 993 795 1036 vaga
818 978 961 1037 (Prov.
981 991 1062 1031 vit,
1091 979 1159 1037 10)
1176 1012 1187 1030 ,
1208 992 1287 1024 nec
1310 980 1373 1023 ibi.

121 1063 167 1094 se
190 1057 323 1094 totam
352 1052 405 1093 ad
435 1051 696 1095 intellectum
722 1052 900 1108 colligit,
925 1064 1005 1096 nec
1028 1052 1098 1095 hic
1121 1051 1174 1095 ad
1199 1052 1368 1108 plenam

121 1137 166 1170 se
198 1124 384 1182 quietem
417 1126 654 1181 componit.
688 1127 795 1169 Cum
834 1126 945 1169 bona
981 1125 1212 1182 aliquando
1247 1137 1368 1168 mens

115 1194 334 1242 fluctuans
359 1199 424 1241 vel
448 1200 635 1243 tenuiter
659 1198 869 1252 admittit;
893 1198 961 1242 vel
982 1210 1087 1250 non,
1111 1199 1179 1243 vel
1207 1197 1296 1249 vix,
1323 1198 1366 1242 in

118 1283 165 1315 se
187 1271 416 1315 elationem
440 1272 637 1327 reprimit
658 1287 667 1314 :
686 1284 783 1315 cum
805 1284 907 1316 vero
930 1273 1060 1324 mala,
1085 1284 1182 1316 sero
1203 1279 1245 1315 et
1279 1271 1365 1315 sor·

116 1346 245 1389 tassis
281 1357 369 1389 non
399 1346 505 1389 satis
538 1346 681 1401 gladio
713 1346 988 1401 semetipsam
1020 1346 1365 1402 compunctionis

116 1415 344 1472 transfigit.
374 1415 458 1460 Sed
484 1417 587 1472 quid
611 1417 671 1460 ire
686 1428 819 1461 conor
843 1429 918 1472 per
952 1417 1147 1473 singula?
1168 1416 1367 1461 Innume-

115 1487 275 1531 rabiles
300 1494 401 1532 sunt
421 1489 537 1532 enim
570 1488 710 1531 morbi
731 1488 841 1542 ejus.
866 1487 919 1530 Et
940 1500 966 1531 o
989 1494 1205 1544 qua-ntum
1231 1489 1366 1532 imbe-
1392 1535 1399 1541 ,

117 1562 213 1606 cille
236 1561 289 1606 ad
311 1574 420 1617 opus
444 1561 616 1605 virtutis
639 1563 821 1618 corpus!
848 1573 945 1604 nam
968 1562 1090 1605 velox
1113 1562 1168 1605 ad
1192 1575 1367 1606 somno-

44 1692 46 1694 ·
117 1634 306 1684 lentiam,
332 1634 386 1677 ad
409 1635 770 1690 gastrimargiam,
796 1633 850 1677 ad
885 1634 1122 1686 lasciviam,
1147 1633 1200 1677 ad
1233 1635 1367 1690 pigri-

114 1710 246 1762 tiam;
270 1709 444 1752 tardum
481 1714 625 1752 autem
649 1708 703 1752 ad
738 1707 924 1764 vigilias,
951 1706 1005 1750 ad
1040 1706 1364 1759 abstinentiam,

115 1779 169 1823 a]
192 1780 520 1832 continentiam,
545 1787 588 1824 et
612 1779 666 1824 ad
689 1780 983 1824 necessarium
1015 1792 1219 1822 manuum
1239 1791 1362 1835 opus.

113 1850 221 1895 Cum
245 1853 290 1895 in
313 1852 426 1896 bunc
449 1853 624 1896 modum
649 1853 862 1909 duplicem
887 1853 932 1895 in
956 1852 1174 1896 miseriam
1194 1853 1367 1897 investi-

112 1936 185 1980 go,
211 1925 255 1967 in
290 1924 389 1977 boe,
414 1924 458 1969 in
491 1938 578 1982 quo
603 1937 720 1969 nunc
746 1930 860 1968 statu
895 1938 1010 1978 sum,
1035 1931 1079 1969 et
1102 1926 1365 1983 investigans
1392 1974 1406 1983 ὤ

108 1995 401 2053 deprehendo,
448 1999 654 2044 nimirum
678 1998 803 2043 binas
821 2004 881 2055 ,et
904 1999 946 2042 in
988 1999 1070 2043 bae
1093 1999 1245 2056 hydria
1270 2012 1365 2045 mea

114 2070 318 2115 metretas
328 2101 334 2108 ..
342 2071 529 2115 invenio.

169 2135 274 2187 vlit.
307 2144 409 2188 Post
433 2145 521 2188 haec
546 2143 672 2188 video
705 2152 892 2201 quantae,
917 2147 1087 2202 qualive
1110 2155 1194 2190 tam
1231 2147 1366 2193 insta-

111 2214 210 2262 bilis
243 2230 372 2274 quam
405 2218 559 2262 debilis
583 2216 752 2274 paleam
775 2219 926 2272 ruinae,
952 2220 989 2263 si
1011 2231 1080 2263 me
1102 2233 1256 2264 manus
1278 2234 1366 2264 non

110 2291 325 2337 sustineat
363 2291 601 2335 clementiae
635 2292 806 2339 divinae.
843 2290 895 2334 Et
933 2297 1158 2336 metretam
1198 2295 1364 2338 tertiam

43 2358 47 2360 ’
111 2362 317 2421 adiungo.
353 2363 460 2408 Cum
480 2365 593 2408 enim
620 2369 682 2408 tot
705 2363 934 2420 generibus
952 2365 1253 2420 aegritudinum
1277 2371 1363 2409 tam

113 2435 157 2478 ln
180 2437 321 2479 anima
344 2449 473 2492 quam
507 2437 552 2479 in
576 2449 757 2493 corpore
789 2438 1054 2494 subJ‘aecam,
1080 2440 1159 2483 etsi
1184 2439 1364 2495 quibus-

111 2509 210 2554 dam
247 2510 355 2555 forte
387 2511 571 2554 necdum
606 2503 872 2567 subjaceam,
921 2525 1020 2556 cum
1054 2513 1109 2556 ad
1126 2525 1183 2558 -ea
1216 2520 1364 2559 tamen

112 2583 237 2642 plene
252 2584 491 2640 dispositus
515 2597 628 2637 sum,
646 2586 750 2642 quid
777 2587 930 2629 mirum
956 2587 994 2630 si
1019 2599 1086 2630 me
1109 2588 1364 2642 praevideam

112 2643 391 2701 incursurum
415 2663 457 2702 et
480 2658 696 2710 morbum,
720 2659 804 2702 nisi
830 2672 933 2703 cura
958 2672 1053 2703 eum
1081 2659 1232 2704 Medici
1255 2673 1365 2719 prae-

51 2749 60 2759 *-
112 2730 271 2780 veniat,
291 2735 332 2772 et
356 2735 552 2783 mortem,
577 2731 663 2774 nisi
686 2731 823 2786 ipsius
841 2744 934 2775 eam
958 2732 1152 2786 operatio
1171 2731 1365 2775 differat?

93 2788 168 2847 ‘kt
190 2804 512 2848 meditationem
538 2806 664 2848 islam
701 2811 924 2849 metretam
953 2806 1141 2861 intellige
1172 2806 1343 2850 tertiam

115 2876 166 2920 Et
189 2878 300 2921 bona
322 2878 494 2934 quidem
519 2884 699 2922 metreta
724 2878 830 2929 haec,
856 2890 951 2933 quae
974 2878 1191 2921 hominem
1214 2877 1364 2921 admo·-

112 2953 214 2996 dum
251 2953 293 2995 in
320 2953 492 3008 propria
528 2953 719 2996 continet
751 2965 980 3006 mensura;
1007 2965 1093 2996 non
1132 2960 1229 2998 eum
1266 2966 1363 3008 per-

113 3026 289 3070 mittens
313 3026 471 3069 elevari
503 3038 633 3082 super
662 3038 723 3076 se,
757 3025 832 3069 sed
860 3026 1078 3069 humiliter
1111 3026 1359 3077 instituens,

114 3103 161 3141 ut
186 3097 320 3142 solide
344 3099 472 3155 216
494 3098 705 3142 consistat
735 3098 779 3141 in
808 3111 869 3142 se.
893 3097 1000 3142 Nam
1027 3099 1244 3154 quomodo
1271 3099 1362 3154 jam

115 3169 368 3212 ambulatio
389 3168 557 3224 magnis
582 3174 624 3212 et
646 3168 916 3213 mirabilibus
934 3181 1064 3223 super
1087 3181 1150 3218 se,
1169 3169 1240 3224 qui
1267 3182 1363 3225 pro-

50 3270 52 3272 ψ
116 3242 271 3297 priam,
297 3253 380 3296 qua
405 3240 699 3284 clreumdatus
723 3247 806 3290 est,
830 3242 954 3297 plene
978 3242 1151 3284 intuens
1181 3240 1360 3283 infirmi-

101 3311 263 3364 ''tatem,
290 3313 394 3356 illud
417 3314 530 3357 beati
556 3312 636 3356 Job
657 3314 827 3369 cogitur
858 3314 1098 3357 exclamare
1120 3329 1129 3356 :
1152 3313 1255 3356 Ecce
1280 3327 1358 3356 non

1455 255 1625 305 sistere,
1651 261 1769 297 tanta
1793 268 1989 311 pressum
2023 259 2215 310 miseria,
2241 260 2405 316 absque
2438 267 2707 308 sustentante

1454 336 1523 369 me
1546 337 1675 369 ntanu
1698 326 1855 370 divinae
1878 328 2133 373 clementiae.

1509 395 1581 439 tx.
1613 394 1757 440 Tertia
1781 397 1854 439 illa
1877 397 2035 454 hydria-
2060 400 2282 444 meditatio
2303 407 2385 453 est,
2411 414 2540 459 quam
2573 410 2708 459 penes

1452 479 1522 513 me
1555 468 1710 519 babeo,
1735 481 1832 513 cum
1869 471 1924 514 de
1953 473 2144 524 occult-o,
2169 481 2214 518 et
2245 476 2299 519 de
2321 477 2519 521 districto
2539 476 2712 533 judicio

1453 541 1527 586 Dei
1550 542 1767 586 subtiliter
1790 555 1942 598 penso,
1968 558 2063 600 quae
2097 552 2139 589 et
2164 547 2255 602 ipsa
2290 560 2377 591 non
2402 550 2530 593 modo
2559 550 2715 600 binas‚-

1453 614 1530 658 sed
1557 621 1600 658 et
1623 614 1763 658 trinas
1796 622 2001 660 metretas
2034 619 2163 673 capit.
2190 619 2242 661 Et
2269 621 2408 676 prima
2436 629 2518 671 est,
2544 628 2642 665 eum
2679 635 2704 666 a

1452 685 1563 730 facie
1591 686 1877 731 districtionis
1899 688 1995 743 eius
2030 688 2285 741 formidans,
2310 697 2355 734 et
2382 705 2436 735 ne
2468 693 2578 736 forte
2610 693 2703 749 ipse

1450 759 1706 814 reprobatus
1730 760 1828 811 sim,
1853 761 1973 803 varia
2007 761 2230 806 hincinde
2263 776 2330 807 me
2361 764 2610 820 suspicione
2640 765 2702 810 se·-

1450 833 1584 884 riens,
1609 833 1736 876 anxie
1766 833 1914 884 timeo,
1939 846 1994 877 ne
2024 834 2112 876 ulla
2136 835 2238 878 velit
2272 848 2366 880 mea
2389 837 2502 880 mala
2535 837 2703 882 miseri-

1451 904 1609 948 cordiae
1629 917 1718 948 suae
1741 905 1951 949 munditia
1977 906 2167 957 abluere,
2190 908 2265 951 sed
2290 909 2340 950 ad
2379 921 2506 953 suum
2528 922 2578 953 ea
2613 922 2704 952 ma·-

1451 978 1518 1033 gis
1535 977 1749 1033 iudicium
1771 979 1948 1023 referre.
1977 979 2128 1027 Sciens
2153 982 2300 1037 utique
2323 989 2366 1025 et
2402 984 2582 1027 ultorem
2606 996 2702 1028 esse

1450 1051 1657 1107 gladium,
1689 1058 1732 1095 et
1762 1063 1859 1095 esse
1888 1052 2127 1107 iudicium,
2164 1054 2452 1110 cogitationes
2486 1055 2599 1110 apud
2635 1067 2704 1099 me

1450 1123 1588 1172 habeo
1609 1124 1772 1176 varias,
1800 1124 1845 1168 in
1868 1138 1952 1176 me,
1980 1133 2020 1169 et
2042 1131 2227 1170 mentem
2254 1128 2296 1170 in
2321 1127 2491 1172 diversa
2515 1134 2700 1184 raptam.

1450 1196 1599 1242 Timeo
1636 1199 1817 1241 multum
1858 1211 1913 1242 ue
1953 1199 2162 1253 scriptum
2203 1206 2427 1255 peccatum
2466 1214 2608 1244 meum
2649 1202 2704 1245 sit

1450 1270 1550 1314 stilo
1583 1269 1742 1321 ferreo,
1769 1271 1812 1313 in
1837 1283 1979 1326 ungue
2009 1272 2302 1324 adamantino,
2337 1274 2540 1329 vigilante
2573 1286 2707 1331 super

1450 1342 1680 1398 reprobum
1720 1356 1845 1387 suum
1883 1346 2158 1389 severissima
2191 1346 2566 1391 animadversione
2595 1348 2702 1402 justi

1444 1415 1596 1471 iudicii
1621 1415 1696 1460 Dei
1718 1432 1726 1458 :
1746 1422 1788 1460 et
1812 1417 1973 1471 quibus
1992 1416 2221 1473 adjuretur
2246 1419 2300 1461 ad
2329 1419 2702 1464 t·onden·÷1iandutn

1448 1500 1532 1539 me,
1567 1487 1742 1534 condita
1776 1489 1975 1533 habentis
2007 1491 2119 1545 apud
2154 1504 2200 1534 se
2235 1492 2398 1535 scelera
2430 1506 2541 1543 mea,
2568 1498 2609 1536 et
2642 1493 2703 1537 si·

1448 1566 1577 1617 gnata
1601 1562 1645 1604 in
1668 1562 1886 1606 thesauris
1905 1563 2014 1607 suis.
2042 1562 2239 1608 Secunda
2261 1566 2390 1607 etiam
2416 1572 2596 1608 metreta
2617 1571 2704 1615 est.

1447 1646 1502 1678 ne
1534 1634 1662 1686 bona,
1695 1636 1732 1679 si
1765 1647 1861 1691 quae
1895 1648 2020 1692 agere
2052 1637 2225 1688 videor,
2255 1645 2416 1682 aeterno
2451 1652 2519 1682 me
2554 1651 2701 1694 perse-

1447 1718 1585 1761 quens
1602 1697 1824 1757 odio‚1ion
1850 1713 2045 1763 acceptet
2068 1724 2077 1752 ε
2099 1708 2174 1753 sed
2191 1709 2319 1751 modo
2343 1709 2553 1765 quodam,
2569 1722 2703 1766 quan-

1447 1786 1538 1822 tum
1561 1779 1616 1823 ad
1639 1793 1686 1824 se
1708 1781 1882 1836 quidem
1899 1781 2020 1837 justo
2045 1780 2163 1839 (quia
2190 1782 2307 1826 aliud
2332 1782 2476 1827 dicere
2500 1794 2588 1826 non
2619 1796 2699 1827 au-

1447 1851 1544 1908 deo)
1569 1858 1778 1908 quantum
1803 1854 1855 1897 ad
1880 1866 1948 1898 me
1991 1855 2175 1898 terribili
2199 1862 2241 1900 et
2267 1856 2454 1906 oeculto,
2482 1857 2622 1911 ipsum
2644 1856 2700 1900 ad

1447 1926 1606 1968 malum
1645 1927 1872 1982 cooperari
1921 1926 2064 1971 saciat.
2104 1927 2229 1980 Nam,
2271 1930 2385 1972 sicut
2432 1929 2699 1985 diligentibus

1446 1997 1579 2041 Deum
1608 2000 1750 2042 omnia
1783 2007 2058 2054 cooperantur
2088 2002 2131 2044 in
2158 2002 2307 2044 bonum
2325 2033 2336 2052 ,
2362 2001 2426 2045 his
2459 2003 2531 2059 qui
2553 2016 2700 2046 secun-

1446 2069 1543 2112 dum
1566 2071 1822 2124 propositum
1845 2072 1980 2114 vocati
2013 2079 2110 2114 sunt
2143 2074 2279 2116 salicti
2304 2071 2442 2130 (Rom.
2468 2086 2564 2125 vui,
2590 2073 2662 2131 28)
2684 2091 2695 2119 ε

1448 2142 1510 2185 sic
1542 2143 1690 2186 dicunt
1722 2142 1914 2199 quidam,
1952 2145 2069 2200 quod
2101 2144 2348 2190 odientibus
2384 2145 2519 2190 Deum
2552 2148 2695 2190 omnia

1445 2223 1736 2269 cooperantur
1752 2215 1795 2258 in
1811 2216 1989 2268 malum,
2014 2217 2099 2267 liis,
2123 2225 2251 2274 prout
2268 2218 2545 2263 immobiliter
2569 2233 2696 2276 super

1389 2318 1420 2363 C
1443 2286 1560 2340 justa
1593 2299 1744 2330 eorum
1767 2289 2071 2344 reprobatione
2105 2289 2236 2333 lixum
2259 2297 2341 2343 est,
2366 2292 2409 2334 in
2438 2293 2695 2342 aeternitate,

1446 2358 1518 2413 qui
1549 2362 1720 2414 praevisi
1745 2368 1845 2404 sunt
1874 2361 2123 2407 damnandi.
2167 2361 2201 2406 Ο
2227 2376 2358 2420 opera
2393 2362 2468 2407 Dei
2503 2363 2696 2420 pavenda

1444 2438 1485 2474 ct
1505 2434 1745 2485 tremenda,
1767 2434 1811 2476 in
1833 2434 1990 2490 quibus
2010 2437 2215 2480 terribilis
2239 2444 2416 2493 apparet
2439 2450 2566 2494 super
2585 2437 2696 2485 filios

1443 2504 1693 2548 hominum}
1734 2507 1851 2563 quia,
1893 2514 1940 2551 ut
1976 2509 2036 2551 ait
2071 2509 2373 2561 Ecclesiastes,
2411 2523 2529 2553 nemo
2564 2518 2695 2565 potest

1443 2579 1646 2632 corriqeoe
1678 2591 1796 2634 quem
1830 2579 1910 2622 ille*
1933 2579 2163 2634 despexerit
2198 2580 2363 2635 (Eccle.
2407 2594 2490 2633 vn,
2520 2583 2615 2639 14).
2643 2583 2695 2625 Et

1439 2648 1562 2704 juxta
1586 2652 1842 2693 sententiam
1867 2652 1978 2695 beati
2001 2653 2080 2695 Job
2101 2669 2109 2695 :
2130 2654 2167 2696 si
2188 2653 2459 2705 destruxerit,
2489 2668 2605 2698 nemo
2633 2665 2703 2702 eet.

1441 2724 1511 2777 qui
1547 2723 1722 2771 oedisicec
1755 2722 1851 2781 (Iob
1884 2738 1942 2767 xn
1962 2757 1974 2776 ,
2010 2726 2078 2782 tt)
2102 2741 2112 2768 z
2136 2727 2173 2768 si
2209 2727 2436 2770 incluserit
2461 2728 2705 2778 nominem„

1443 2808 1569 2838 nemo
1590 2801 1656 2839 est
1679 2798 1752 2852 qui
1778 2799 1959 2853 aperiat.
1984 2797 2058 2842 Vae
2088 2799 2217 2843 mihil
2243 2805 2290 2842 ut
2313 2799 2366 2843 dc
2401 2801 2572 2844 duabus
2595 2801 2702 2844 istis

1443 2869 1636 2912 metretis
1669 2870 1811 2913 adhue
1843 2870 2019 2926 loquar,
2053 2871 2090 2914 si
2125 2883 2194 2914 me
2227 2872 2488 2928 reprobans,
2521 2878 2563 2916 et
2599 2873 2693 2916 ideo

1443 2954 1521 2984 nec
1544 2943 1656 2984 mala
1680 2955 1773 2986 mea
1797 2943 1984 2994 diluens,
2011 2956 2090 2987 nee
2115 2944 2229 2987 bona
2260 2953 2508 3000 acceptans,
2535 2946 2693 3005 ejicere

1442 3015 1643 3069 proponit
1667 3027 1690 3057 a
1712 3013 1824 3058 facie
1845 3016 2082 3059 clementiae
2107 3028 2210 3067 suae,
2233 3022 2402 3059 aeternae
2423 3030 2491 3060 me
2521 3030 2692 3073 quoque

1438 3088 1648 3131 oblivioni
1679 3089 1883 3133 tradens:
1904 3096 2050 3145 utpote
2080 3103 2157 3134 vas
2199 3091 2275 3134 irae
2305 3097 2450 3147 aptum
2479 3092 2523 3135 in
2559 3093 2699 3139 interf·-

1443 3161 1550 3204 itum
1576 3160 1712 3219 (Rom.
1739 3175 1800 3214 ix,
1818 3162 1907 3220 22).

1497 3234 1553 3277 X.
1588 3234 1767 3278 Meti-eta
1791 3236 1890 3279 buic-
1912 3236 2036 3280 tertia
2062 3242 2127 3281 est
2149 3238 2324 3293 hydriae,
2343 3252 2441 3282 cum
2467 3240 2518 3282 de
2541 3240 2686 3284 eodem

1443 3300 1585 3353 adhue
1616 3310 1781 3364 judicio
1817 3311 2028 3366 cogitans,
2063 3312 2208 3363 timeo,
2240 3326 2294 3356 ne
2335 3313 2442 3356 sorte
2480 3314 2701 3369 quidquid.

112 3392 175 3429 est
198 3386 404 3430 auxilium
427 3387 526 3429 milti
550 3389 592 3430 in
627 3401 689 3430 me
713 3385 808 3444 (Job
831 3399 902 3438 vl,
930 3389 1015 3444 15).
1042 3387 1163 3431 Unde
1184 3393 1226 3430 et
1246 3386 1362 3430 Psal-
1387 3385 1421 3425 D
1447 3382 1550 3424 mihi
1596 3383 1712 3434 iacit,
1755 3385 1867 3425 malo
1907 3396 2003 3428 meo
2039 3385 2167 3427 saciat
2200 3401 2210 3426 ι
2237 3385 2472 3439 disponens
2509 3385 2703 3429 adversa:

116 3459 259 3512 mista,
285 3460 338 3502 ad
376 3459 584 3503 orationis
624 3459 871 3515 praesidium
912 3460 1128 3503 humiliter
1166 3459 1288 3515 fugit,
1321 3465 1363 3503 et

118 3530 248 3574 dicit:
273 3530 366 3574 Non
385 3540 546 3574 avertas
561 3532 710 3586 faciem
733 3539 848 3576 tuam
868 3545 894 3575 a
913 3545 975 3574 me
992 3531 1128 3588 (Psal.
1148 3544 1279 3585 extu,
1301 3532 1357 3590 7).

118 3603 290 3648 Adddit
327 3613 369 3648 et
389 3593 564 3648 causam
602 3618 740 3662 qun-e
770 3613 878 3658 oret,
922 3619 975 3650 ne
1006 3612 1169 3649 avertat
1209 3604 1359 3650 faciem

117 3690 241 3720 suam
265 3690 288 3720 a
312 3691 401 3732 me;
425 3686 465 3721 et
488 3680 639 3722 sirnit'is
663 3692 749 3730 ero,
775 3680 930 3735 inquit,
955 3679 1294 3722 descendentibus
1316 3682 1360 3722 in

118 3749 256 3792 laeum
281 3749 436 3806 (ibim).
462 3751 551 3794 Hoc
573 3758 640 3795 est
662 3753 805 3796 dicere
827 3769 835 3795 :
859 3765 946 3795 non
979 3753 1209 3796 subtrahas
1242 3758 1361 3796 tuum

119 3833 146 3864 a
176 3836 243 3869 me
275 3825 498 3875 auxillum,
523 3827 641 3881 quia,
667 3827 760 3880 ipso
793 3826 1032 3876 subtracto,
1059 3827 1144 3868 illis
1178 3827 1221 3868 in
1245 3827 1363 3869 nullo

119 3896 345 3941 dissimilis
370 3910 459 3948 ero,
486 3900 560 3954 qui
595 3899 955 3954 concupiscentia}
979 3898 1137 3942 ictibus
1169 3900 1363 3954 percussi

123 3965 333 4025 proruunt
355 3971 400 4013 in
425 3977 662 4025 peecatum.
688 3971 794 4013 Nam
819 3972 902 4014 nisi
927 3978 991 4021 tu,
1018 3971 1212 4020 Domine,
1240 3968 1364 4025 adju-

123 4051 197 4084 ves
231 4053 315 4092 me,
341 4043 468 4096 paulo
504 4043 645 4085 minus
669 4042 807 4090 callet,
835 4048 876 4085 et
904 4042 1064 4084 cadens
1093 4050 1134 4086 et
1158 4043 1364 4086 habitabit

124 4110 171 4154 in
202 4111 371 4155 inferno
393 4112 536 4155 anima
575 4125 667 4155 mea
705 4112 843 4169 (Psal.
871 4126 992 4162 xcui,
1021 4114 1106 4170 Π).
1133 4114 1239 4158 Tres
1264 4127 1364 4169 ergo

125 4183 170 4227 in
202 4184 283 4228 bae
312 4184 462 4242 hydria.
494 4190 712 4236 metretae,
749 4191 838 4229 tres
869 4191 970 4229 sunt
999 4186 1047 4235 ,in
1086 4187 1168 4230 isto
1204 4187 1248 4229 in
1281 4200 1365 4241 quo

125 4269 239 4300 nunc
268 4269 364 4301 sum
387 4263 500 4301 statu
534 4258 818 4314 cogitationes
853 4261 960 4301 istm.
994 4257 1137 4300 Prima
1159 4265 1240 4308 cst,
1266 4271 1364 4301 cnm

125 4330 240 4384 apud
280 4342 347 4373 me
393 4331 564 4374 revolvo
612 4337 773 4386 quanta
822 4337 968 4374 nutem
1005 4330 1285 4374 instabilitate
1323 4332 1365 4374 in

128 4410 289 4454 mentm
315 4403 517 4453 secunda,
545 4410 702 4459 quauta
728 4404 957 4457 tragilitate
980 4396 1178 4459 aegrotem
1205 4404 1245 4445 in
1271 4416 1365 4445 cor-

1444 3465 1597 3500 contra
1635 3471 1702 3502 me
1743 3466 1827 3502 tam
1869 3459 1912 3501 in
1950 3462 2195 3515 prosperis,
2239 3461 2281 3503 in
2321 3462 2478 3516 quibus
2520 3461 2703 3513 favere„

1444 3544 1574 3586 <iiiam
1613 3532 1656 3574 in
1689 3532 1899 3582 adversis,
1932 3534 1974 3575 in
2010 3534 2164 3588 quibus
2198 3534 2339 3577 furere
2373 3534 2561 3587 videtur;
2589 3549 2687 3579 nain

1445 3615 1542 3644 cum
1572 3603 1761 3646 arrident
1787 3617 2007 3659 prospera,
2036 3606 2164 3648 timeo
2187 3618 2257 3656 ne,
2283 3607 2375 3661 ipso
2401 3608 2569 3651 occulte
2600 3609 2690 3651 dis-

1445 3683 1644 3730 ponente,
1672 3676 1768 3720 ideo
1794 3678 2028 3727 arrideant,
2054 3685 2100 3720 ut
2123 3680 2332 3721 irrideant
2352 3694 2362 3722 ε
2382 3688 2595 3736 quatenus
2625 3683 2691 3726 vi-

1444 3748 1596 3789 delieet
1619 3748 1791 3791 illorum
1816 3750 1959 3799 lallax,
1986 3755 2034 3791 ut
2058 3751 2114 3792 ita
2133 3750 2330 3800 dixeritii,
2359 3752 2529 3804 arrisio,
2555 3753 2689 3796 beno-

1447 3833 1568 3871 rum,
1590 3823 1735 3876 siquae
1759 3823 2005 3877 temporalis
2030 3825 2085 3865 sit
2108 3824 2356 3876 retribuum
2383 3826 2591 3869 malorum
2616 3819 2689 3868 auss

1446 3903 1547 3945 tem,
1572 3909 1666 3950 quae
1688 3896 1785 3946 feci,
1811 3904 1970 3939 aterna
1993 3896 2224 3940 damnatio.
2244 3897 2352 3940 Cum
2378 3906 2516 3939 autom
2543 3899 2680 3941 furunt

1448 3970 1645 4014 adversa.
1671 3981 1805 4024 paveo
1827 3983 1881 4012 nc
1908 3976 2071 4011 tantum
2098 3970 2221 4012 initia
2242 3970 2439 4012 dolorum
2467 3973 2552 4013 sint
2578 3972 2679 4020 brec,

1447 4053 1542 4082 nam
1571 4040 1666 4082 linis
1688 4053 1835 4084 eorum
1863 4042 1955 4084 sine
1989 4043 2085 4090 line,
2111 4047 2312 4089 aeternus,
2340 4041 2683 4091 interminabilis,

1445 4119 1485 4155 ct
1519 4113 1766 4157 indeficiens
1800 4114 2008 4164 desectus,
2043 4121 2083 4156 et
2117 4126 2234 4156 mors
2264 4115 2421 4157 vitalis,
2458 4114 2603 4167 inique
2640 4119 2683 4155 ut

1446 4186 1498 4228 de
1533 4186 1668 4230 beatis
1690 4187 1863 4241 quidum
1897 4189 1987 4228 ait:
2021 4187 2068 4229 Si
2091 4187 2254 4242 quando
2277 4188 2384 4229 ridet
2418 4186 2516 4228 milii
2550 4187 2704 4239 Herm„

1447 4272 1527 4299 non
1561 4259 1680 4301 credo
1705 4261 1770 4300 ei:
1788 4266 1826 4301 et
1851 4260 1885 4300 si
1903 4259 2067 4314 quando
2096 4274 2158 4302 me
2176 4260 2299 4314 [erint
2316 4293 2327 4311 ‚
2348 4260 2432 4302 scio
2460 4260 2683 4313 quoniam,

1448 4342 1538 4369 cnm
1564 4328 1778 4384 expleverit
1801 4330 1842 4371 ἱη
1866 4343 1927 4372 me
1953 4330 2200 4372 zfolimtatem
2226 4343 2344 4371 suam
2385 4337 2423 4371 et
2449 4330 2532 4370 alia
2565 4330 2685 4369 simi-

1450 4402 1507 4443 lia
1540 4409 1690 4454 prcrseo
1716 4411 1814 4444 sune
1836 4402 1873 4445 ei
1903 4401 1997 4457 (Job
2026 4415 2151 4453 xxiii,
2179 4402 2258 4451 Η).
2282 4400 2458 4450 Idcirco,
2481 4401 2686 4443 siuenerit
