2924 4588
203 155 279 202 sat
537 178 565 212 0

204 248 332 302 Signa
360 244 529 288 movent
552 246 777 296 proceres.
787 239 863 279 rex
880 229 1072 290 praecipit
1089 240 1207 294 arma
1223 225 1383 283 parari,

203 320 376 362 Transit
411 322 456 361 et
492 313 544 357 ad
580 311 774 368 Ligures,
813 307 971 374 quibus
1011 302 1194 347 amodo
1236 299 1336 344 vult·
1361 298 1441 341 do·
1467 367 1469 370 Α

566 403 599 431 .
1247 370 1442 429 [minari.

257 461 341 505 Sed
368 457 635 502 Desiderium
660 452 803 510 praelia
822 452 915 498 dira
946 449 1074 507 parit.

197 537 386 589 Campus
404 530 515 587 apud
533 528 710 584 Ligures
732 526 936 570 blattaria
953 523 1036 568 rite
1051 526 1246 570 vocatur,

203 605 292 648 Rex
327 604 398 647 ubi
417 600 691 658 congreditur
712 631 725 651 ,
753 598 954 655 Ligurum
978 606 1080 651 pars
1112 593 1223 638 vieta
1251 590 1438 646 sugatur,

257 678 328 720 Sic
350 675 559 719 Desidet-ii
587 673 711 728 copia
732 677 851 726 terga
876 668 1007 713 dedit.

199 750 283 793 Pro
307 761 410 792 nece
431 747 679 795 multorum,
705 755 800 800 quae
824 742 935 785 facta
958 739 1037 783 ruit
1059 738 1335 795 populorum,

202 822 546 866 Dicitur-illorum
572 818 774 861 Mortaria
794 827 950 859 nontcn
974 823 1190 869 agrorum.

254 895 355 948 Quae
372 892 692 950 peregrinorum
710 895 792 933 stat
806 888 934 931 modo
955 884 1116 942 grande
1143 882 1299 927 sorum.

199 966 320 1012 Tunc
342 966 427 1010 duo
449 964 637 1010 consocii
657 962 822 1006 meritis
844 963 1017 1015 vitaque
1029 956 1162 1008 beati,

198 1039 317 1082 Amis
333 1044 375 1081 et
395 1036 579 1080 Amilius
602 1035 727 1090 parili
749 1040 852 1078 sunt
872 1038 1010 1076 marte
1034 1029 1194 1080 necati,

252 1109 432 1153 Carolus
452 1109 521 1152 his
544 1107 695 1150 tribuit
721 1105 849 1162 digna
872 1104 1069 1160 sepulcra
1088 1100 1214 1146 satis.

198 1181 376 1226 Obsidet
396 1180 607 1236 egregiam
633 1178 758 1222 modo
782 1191 855 1222 rex
879 1189 977 1220 cum
999 1187 1098 1232 rege
1125 1173 1319 1230 Papiam,

199 1254 249 1298 Et
266 1254 387 1309 jubct
403 1259 448 1295 ut
466 1252 619 1308 gladiis
650 1250 911 1293 Francorum
935 1247 1106 1293 subdita
1133 1246 1220 1297 liat,

254 1326 419 1370 Reddat
436 1331 478 1368 et
497 1323 699 1367 Ecclesiae
724 1334 818 1378 quae
846 1321 956 1364 male
980 1324 1103 1376 rapta
1122 1324 1252 1363 tenet.

201 1400 313 1445 Urbs
337 1399 465 1444 nimis
485 1397 660 1440 obsessa
679 1395 810 1446 dolet,
840 1393 937 1450 igne
959 1392 1155 1448 fameque
1182 1401 1397 1447 repressa.

200 1472 386 1529 Vulnere
412 1469 579 1515 defessa
606 1467 845 1511 Loinbarda
873 1463 1072 1521 superbia
1090 1468 1247 1514 cessat,

255 1546 305 1588 Et
328 1545 425 1588 licet
450 1543 599 1598 invita,
624 1542 769 1586 clausa
788 1539 995 1583 remansit
1016 1538 1091 1582 ita.

201 1621 290 1664 Dux
318 1621 375 1664 ibi
403 1618 624 1663 mirandus
643 1618 778 1661 tenuit
805 1615 958 1660 vexilla
983 1611 1221 1664 uelandus,

201 1694 275 1738 Sic
313 1700 354 1737 et
378 1691 590 1736 oliverius
616 1690 734 1734 socia
756 1689 968 1745 probitate
991 1686 1222 1738 notandus,

258 1763 344 1808 Hos
361 1776 439 1819 pro
466 1775 565 1819 rege
582 1762 714 1806 duces
737 1768 840 1805 tunc
862 1761 1049 1803 habuere
1062 1765 1230 1806 truces..

201 1836 356 1881 Visitat
386 1838 547 1879 interea
569 1834 715 1890 regina
740 1833 929 1889 potentia
955 1831 1149 1880 Rolnam,

199 1910 286 1954 Nec
316 1909 444 1953 modo
473 1908 711 1952 Caesaream
730 1906 864 1951 voluit
886 1911 1060 1961 captare
1079 1914 1301 1952 coronam,

263 1982 382 2034 Orat,
401 1980 513 2026 etad
536 1980 715 2038 Ligures
732 1979 852 2035 signa
866 1990 1038 2023 reversa
1061 1978 1222 2022 volant.

198 2054 380 2099 Carolus
411 2051 593 2104 ltaliam,
617 2056 843 2109 postquam
866 2050 1069 2096 remeavit
1091 2048 1146 2093 ab
1167 2046 1282 2092 Urbe

204 2127 358 2172 Visitat
378 2133 420 2172 et
450 2132 640 2183 superat,
660 2125 849 2181 fiscoque
866 2125 1043 2172 subesse
1060 2127 1278 2180 perurget,

254 2199 409 2259 Reddit
431 2198 680 2244 etecciesiis
703 2197 859 2252 praedia
885 2197 1012 2253 digna
1035 2196 1143 2241 suis.

203 2271 293 2316 Rex
309 2271 572 2322 Desiderius,
590 2282 718 2327 quem
739 2275 876 2316 marte
897 2269 1136 2314 recluserat
1159 2266 1292 2316 intus,

202 2344 405 2389 Traditur
419 2346 569 2389 exsilio
592 2346 753 2400 pariter
770 2355 865 2386 cum
883 2343 1066 2398 conjuge
1091 2341 1277 2391 vinctus,

257 2417 393 2472 Cujus
408 2416 662 2473 Aquisgrani
684 2427 857 2459 carcere
873 2415 958 2458 vita
984 2414 1112 2458 cadit.

204 2488 313 2533 num
336 2489 602 2533 Desiderium
627 2500 765 2545 regem
784 2500 857 2532 rex
882 2487 1062 2533 Carolus
1088 2486 1226 2543 angit.

205 2564 317 2608 Ante
337 2563 592 2607 ducentenis
615 2568 658 2606 et
681 2562 870 2618 quinque
888 2559 1120 2604 fluentibus
1138 2559 1281 2610 annis,

267 2633 371 2678 itala
388 2632 643 2678 Lombardis
665 2631 836 2678 subdita
856 2637 971 2679 terra
991 2631 1087 2678 suit.

211 2775 398 2821 Historia
421 2773 767 2827 [tonabat-dorum,
786 2775 857 2831 qui
875 2775 992 2831 prius
1026 2772 1164 2844 Virtuti
1183 2771 1450 2818 vocabantur.

268 2922 358 2966 Duo
375 2923 507 2968 duces
523 2920 862 2967 Lombardorum
881 2921 934 2977 ab
947 2919 1089 2965 insuia
1101 2919 1345 2964 Scatinavia
1365 2917 1456 2963 l'ue·

215 3004 330 3047 runt,
371 2996 504 3039 llibor
533 2995 696 3040 scilicet
719 3002 762 3040 et
784 2995 966 3052 Hangio,
991 3005 1175 3051 quorum
1205 2997 1344 3037 mater
1377 2990 1458 3039 tuit

214 3067 443 3119 cambam,
470 3065 807 3123 sapientissima.
846 3063 918 3109 isti
943 3070 1046 3108 tunc
1076 3062 1255 3121 egressi,
1291 3063 1335 3106 in
1357 3062 1458 3106 fini-

214 3141 295 3184 bus
314 3138 473 3184 Oceani
499 3131 647 3189 maris,
669 3138 750 3183 sub
772 3150 879 3196 rupe
899 3150 994 3195 quoe
1017 3143 1197 3181 vocatur
1220 3136 1457 3188 altissima,

218 3218 381 3269 septem
414 3212 529 3256 viros
560 3225 585 3255 a
615 3211 877 3269 longissimis
901 3211 1169 3267 temporibus
1192 3210 1250 3254 ibi
1275 3211 1456 3268 positos,

219 3285 440 3331 inveniunt
461 3285 741 3336 dormientes,
763 3282 957 3327 Romano
981 3295 1098 3328 more
1121 3285 1308 3340 pretiose
1330 3284 1461 3330 vesti·

219 3367 306 3412 tos,
330 3365 372 3403 et
402 3365 487 3402 tam
528 3357 722 3403 vestibus
760 3371 889 3415 quam
928 3370 1110 3415 corpore
1156 3359 1457 3416 incorruptos:

1114 131 1406 183 confirmat
1435 123 1830 190 vtrssnmssxsls

1463 227 1501 272 Α
1522 219 1619 276 gius
1637 214 1891 266 disceditur,
1922 215 2045 256 tanto
2069 220 2133 256 sot
2160 220 2252 266 ipsc
2271 215 2398 254 terrae
2419 207 2602 252 vicinior
2636 221 2765 267 appa.

2670 119 2756 168 932

1521 299 1604 344 ret.
1626 299 1670 337 et
1695 293 1858 336 umbrae
1881 290 2096 346 longiores
2122 292 2395 333 excrescunt.

1576 364 1824 416 Lombardi,
1859 374 1882 406 a
1911 361 2192 406 Scantinavia
2219 364 2427 404 exeuntes
2458 369 2556 402 cum
2586 356 2769 404 ducibus

1521 438 1799 494 supradietis,
1838 436 1882 479 in
1915 425 2088 492 regione
2112 432 2320 489 Scor-iuga
2344 432 2593 489 aliquandiu
2615 443 2771 477 conse·

1520 510 1692 553 derunt.
1716 506 1792 550 Illo
1809 514 2003 563 tempore
2021 503 2337 549 Ambrietasius
2356 503 2441 547 dux
2462 499 2768 556 vandalorum,

1521 583 1687 628 vicinas
1720 593 1915 638 quasque
1948 579 2194 637 provincias
2223 578 2347 621 bellis
2377 576 2613 632 premebat.
2648 572 2772 620 Unde

1523 656 1670 699 multis
1713 655 1817 698 elati
1861 653 2073 701 victoriis,
2097 652 2275 695 nuntios
2294 649 2348 693 ad
2372 647 2552 693 Vinulos
2575 648 2768 700 mittunt,

1523 735 1569 773 ut
1587 730 1650 772 vel
1674 726 1880 770 Vandalis
1897 726 2062 770 tributa
2084 724 2348 781 persolvant,
2370 728 2445 766 aut
2464 735 2510 767 se
2528 729 2774 780 praeparent
2845 731 2848 734 ·

1522 802 1574 845 ad
1596 802 1806 845 bellorum
1829 804 2063 844 certamen.
2090 797 2163 841 Sic
2174 796 2308 842 Hibor
2331 801 2372 839 et
2395 795 2531 852 Angio
2549 794 2679 840 duces
2697 792 2773 839 Vi-

1522 876 1742 924 nulorum,
1780 873 1908 919 simul
1935 884 2033 918 cum
2058 870 2274 916 Gambara
2314 875 2452 913 matre
2486 880 2580 920 sua,
2609 867 2773 913 delibe-

1523 954 1637 1001 rant,
1663 947 1819 992 melius
1845 958 1942 992 esse
1965 945 2099 990 armis
2122 945 2232 988 tueri
2257 943 2515 994 libertatem,
2541 954 2671 1000 quiam
2693 942 2771 987 tri·
2817 983 2820 986 ,
2842 951 2843 954 ’

1522 1025 1726 1068 buterum
1756 1019 1971 1066 solutione
1994 1018 2242 1063 libertatem
2265 1016 2445 1062 foedare.
2482 1014 2771 1073 Mandantque

1522 1094 1730 1138 Vandalis
1765 1105 1843 1150 per
1873 1092 2056 1150 legatos,
2091 1095 2359 1149 pugnaturos
2394 1101 2442 1135 se
2476 1091 2619 1145 potius
2640 1101 2770 1146 quam
2843 1101 2850 1153 {

1524 1166 1777 1211 servituros.
2807 1158 2810 1162 ’

1578 1236 1728 1281 Refert
1760 1234 1972 1278 Toclacus
2014 1232 2387 1290 historiographus
2411 1231 2679 1290 antiquitatis
2709 1230 2772 1274 sa-

1469 1299 1503 1343 Β
1524 1309 1670 1355 hulam
1690 1306 1985 1358 ridiculosam,
2004 1306 2121 1362 quod
2134 1303 2316 1349 Vandali
2339 1304 2591 1371 accedentes
2614 1303 2666 1348 ad
2679 1302 2772 1347 idc-

1526 1383 1616 1427 lum
1644 1394 1769 1427 suum
1794 1379 1975 1433 Godam,
1998 1378 2226 1424 victoriam
2250 1378 2303 1422 de
2326 1377 2496 1421 Vinulis
2522 1378 2770 1434 postulave-
2811 1371 2814 1375 ’
2852 1379 2854 1383 ’

1526 1455 1630 1501 rint.
1653 1454 1812 1512 lneque
1833 1452 2106 1511 responderit
2129 1464 2176 1497 se
2200 1452 2286 1497 illis
2305 1451 2530 1497 victoriam
2552 1452 2770 1502 daturum.
2853 1459 2855 1463 ⁴

1525 1527 1698 1586 quando
1728 1526 1915 1583 primum
1939 1525 2152 1571 orientem
2182 1523 2316 1570 solem
2348 1524 2662 1583 conspexisset.
2690 1522 2774 1569 no.-

1527 1600 1610 1646 l'ert
1639 1607 1819 1646 econtra
1839 1598 2099 1644 Gambaram
2136 1597 2190 1644 ad
2221 1597 2346 1643 deam
2378 1599 2553 1644 nomine
2582 1596 2772 1650 Feriam,

1527 1686 1704 1720 uxorem
1734 1673 1902 1719 scilicet
1920 1671 2101 1726 Godam,
2123 1679 2228 1718 tunc
2249 1668 2504 1725 accessisse,
2525 1679 2566 1716 et
2591 1684 2670 1730 pro
2707 1670 2776 1715 Vi-

1527 1746 1645 1793 nulis
1663 1746 1891 1792 victoriam
1911 1745 1967 1791 ab
1987 1757 2037 1790 ea
2060 1746 2321 1802 postulasse,
2345 1745 2624 1802 eamdemque
2650 1744 2774 1790 deam

1527 1820 1698 1865 Feriam
1719 1819 1952 1865 consilium
1979 1817 2168 1870 dedisse,
2198 1825 2246 1863 ut
2282 1817 2487 1863 mulieres
2515 1814 2774 1877 ‘Vinulornm

1528 1892 1674 1937 crines
1697 1903 1801 1937 suos
1831 1891 2068 1936 dissolutos
2101 1896 2201 1935 ante
2224 1890 2378 1936 faciem
2402 1903 2526 1942 suam
2549 1896 2775 1947 ponerent,
2851 1942 2854 1947 .

1528 1971 1572 2010 et
1595 1965 1738 2024 primo
1758 1976 1885 2010 mane
1907 1975 2006 2010 cum
2031 1964 2138 2009 viris
2162 1962 2382 2017 adessent,
2407 1975 2591 2021 seseque
2613 1963 2779 2020 pariter
2854 1962 2856 1967 '

1528 2038 1737 2085 videndas
1770 2050 1926 2084 versus
1962 2036 2214 2090 fenestram,
2238 2049 2315 2094 per
2356 2049 2485 2093 quam
2514 2034 2678 2080 Godam
2700 2046 2780 2083 aas

1529 2113 1759 2170 aspiceret,
1788 2111 2034 2157 collocaret.
2060 2109 2183 2161 Quod
2208 2117 2252 2154 et
2276 2109 2435 2154 sactum
2459 2110 2518 2153 ita
2553 2098 2687 2155 fuisse
2705 2119 2778 2155 ree

1530 2185 1683 2231 fertur.
1707 2185 1827 2240 Quos
1842 2178 1941 2230 cum
1954 2184 2119 2230 Godam
2142 2183 2275 2228 solem
2297 2182 2507 2230 orientem
2527 2171 2779 2239 inspiciens.

1527 2259 1707 2304 vidisset
1728 2258 1873 2304 dixit:
1905 2274 1918 2300 ι
1951 2258 2032 2312 Qui
2056 2263 2156 2302 sunt
2177 2256 2219 2301 hi
2243 2255 2538 2314 Longinum?
2567 2271 2581 2297 »
2605 2253 2780 2300 Cuidea
2850 2255 2867 2313 3
2906 2242 2908 2246 ’

1469 2358 1508 2408 c
1530 2327 1676 2380 Feria'
1696 2331 1935 2390 respondit,
1975 2331 2124 2376 dicens
2152 2347 2162 2375 ε
2193 2345 2208 2372 c
2239 2329 2311 2381 Ut,
2338 2329 2496 2387 quibus
2515 2331 2608 2386 ipse
2626 2340 2782 2373 nomen

1531 2406 1754 2458 tribueret,
1804 2405 2030 2452 victoriam
2077 2406 2206 2453 etiam
2233 2419 2238 2422 ·
2261 2403 2539 2448 condonaret.
2572 2418 2588 2444 ι
2637 2401 2784 2459 ltaque
2867 2460 2869 2466 .

1531 2478 1715 2531 Vinulis,
1749 2479 1863 2524 sicut
1885 2477 2023 2528 aiunt,
2063 2476 2128 2522 sic
2158 2476 2382 2520 victoriam
2415 2474 2646 2520 concessit.
2685 2472 2784 2520 llaec

1530 2551 1702 2610 quidem
1724 2551 1919 2597 fabulosa
1945 2551 2059 2596 dicta
2082 2551 2297 2595 videntur.

1590 2625 1747 2670 Verum
1781 2633 1922 2671 autem
1951 2637 2109 2670 nomen
2131 2623 2471 2670 Lombardorum
2495 2630 2579 2679 est,
2602 2636 2626 2668 a
2656 2625 2785 2681 longa
2863 2635 2867 2644 ¹·

1532 2701 1682 2752 barba,
1721 2699 1838 2745 ferro
1861 2699 2040 2752 intacta,
2072 2697 2379 2755 Langobardos
2401 2698 2575 2743 eosdem
2604 2695 2787 2742 vinulos

1534 2774 1756 2831 appellari.
1788 2772 1835 2818 ln
1877 2774 2022 2831 lingua
2061 2773 2177 2817 enim
2206 2770 2463 2822 vinulorum
2496 2771 2611 2827 tany,
2649 2768 2694 2816 id
2717 2773 2787 2814 est
2862 2760 2865 2805 ἑ

1535 2849 1683 2904 tanqu,-
1707 2846 1818 2899 bart,
1856 2846 1900 2891 id
1927 2851 1994 2891 est
2015 2845 2162 2898 barba,
2184 2845 2507 2902 interpretatur.
2532 2841 2685 2887 Votam
2708 2853 2788 2886 eu·
2865 2894 2869 2899 ,

1537 2927 1624 2966 tem
1653 2919 1830 2977 quidam
1860 2916 2045 2963 Gotham
2068 2917 2238 2974 adjecta
2268 2918 2414 2962 littera
2437 2916 2654 2961 dixerunt.
2691 2914 2788 2973 lpse

1536 2998 1608 3039 est
1642 2991 1853 3051 qni-apud
1876 2990 2093 3037 Romanos
2116 2991 2276 3036 dieitur
2311 2979 2566 3043 Mercurius,
2600 2995 2645 3036 et
2666 2994 2787 3035 ‘tunc

1538 3066 1592 3111 ab
1621 3066 1837 3111 universis
1870 3063 2114 3116 Germanis,
2147 3069 2196 3108 ut
2227 3064 2340 3109 Deus
2362 3062 2639 3116 adorabatur,
2673 3061 2788 3108 unde

1538 3151 1677 3195 usque
1712 3138 1859 3191 bodie,
1881 3136 1989 3183 Goth
2026 3138 2070 3182 in
2113 3135 2402 3188 Theutonico.
2437 3135 2590 3181 Latine
2626 3134 2786 3191 dieitur
2863 3185 2869 3196 Ι

1539 3210 1670 3254 Deus.
1704 3208 1848 3254 Vinuli
1884 3210 2016 3267 igitur
2034 3207 2164 3254 etiam
2186 3208 2314 3254 hodie
2334 3207 2606 3266 Langobardi
2627 3207 2788 3262 dicun·
2865 3198 2871 3250 ἒ

1542 3292 1628 3331 tur.
2209 3300 2214 3309 “

1597 3355 1842 3417 Commisso
1863 3358 1993 3417 igitur
2014 3356 2158 3402 decies
2186 3369 2282 3402 cum
2306 3355 2512 3401 Vandalis
2547 3354 2710 3413 praelio.
2745 3362 2788 3401 et

218 3434 272 3477 dc
303 3432 460 3489 quibus
492 3442 591 3475 eum
623 3443 754 3474 unum
788 3429 962 3487 quidam
995 3430 1191 3475 vestibus
1223 3431 1463 3488 exspoliare
1486 3434 1522 3478 D
1544 3443 1623 3489 pro
1638 3431 1835 3477 libertate
1857 3431 2167 3477 contendentes
2185 3430 2330 3476 Vinuli
2351 3432 2540 3482 victores
2563 3430 2685 3476 liunt.
2706 3429 2787 3484 Qut

219 3510 444 3556 tentasset,
468 3503 687 3560 tangentis
716 3515 792 3548 eos
820 3515 972 3547 manus
1006 3503 1204 3559 protinus
1225 3509 1459 3557 aruerunt:

220 3583 395 3635 propter
431 3575 548 3633 quod
571 3576 642 3620 alii
665 3588 815 3620 omnes
838 3574 1022 3631 amplius
1044 3587 1119 3620 eos
1141 3576 1350 3632 attingere
1377 3588 1463 3619 non

221 3654 512 3695 tentaverunt.
546 3649 687 3694 Locus
708 3659 849 3694 autem
872 3650 958 3703 ille,
983 3656 1026 3694 et
1048 3649 1139 3707 ipsa
1160 3646 1397 3710 provincia.
1423 3658 1466 3695 et

224 3723 371 3780 populi
396 3723 474 3775 illi,
510 3722 658 3767 Vinuii‘
678 3732 904 3774 vocantur,
931 3731 974 3769 et
997 3724 1143 3770 crudis
1162 3725 1369 3770 carnibus
1393 3739 1467 3770 ve·-

225 3803 419 3850 scuntur‚
440 3805 481 3841 et
511 3798 762 3853 sanguinem
786 3798 956 3851 bibunt,
983 3800 1096 3850 sicut
1118 3796 1307 3843 Historia
1339 3797 1467 3843 Lom-

225 3868 459 3913 bardorum
483 3876 682 3914 testatur.
716 3869 873 3914 erudis
899 3875 1027 3913 etiam
1061 3877 1102 3915 et
1130 3870 1313 3928 hispidis
1335 3871 1467 3916 coriis

227 3943 479 3992 bestiarum,
505 3942 629 3999 quasi
651 3943 790 3987 cervis
813 3944 1111 3988 consimilibus
1134 3931 1398 3996 induuntur;
1423 3950 1466 3989 et

226 4027 447 4070 nunquam
476 4016 571 4059 sine
596 4016 700 4059 arcu
717 4022 856 4065 tenso,
878 4023 919 4060 et
938 4017 1031 4060 sine
1053 4017 1222 4073 sagittis
1246 4008 1466 4062 incedunt.

226 4087 354 4132 Omni
373 4093 565 4145 ternpore
587 4090 707 4133 nives
731 4090 906 4141 habent,
943 4096 985 4139 et
1007 4091 1051 4139 in
1074 4090 1332 4146 quibusdam
1363 4090 1470 4135 locis

227 4173 379 4205 eorum
418 4169 612 4218 tempore
649 4164 798 4207 aestivo
823 4163 916 4207 dies
940 4164 1057 4207 clara
1086 4163 1134 4208 in
1164 4163 1306 4208 medio
1329 4164 1470 4211 noctis

231 4239 388 4284 nostra
413 4235 607 4287 liabetur,
632 4241 678 4283 et·
696 4236 820 4291 quasi
843 4241 944 4279 tunc
964 4238 1056 4279 sine
1079 4236 1278 4282 noctibus
1299 4249 1395 4281 esse
1413 4239 1473 4280 vi·

230 4307 400 4350 dentur.
430 4307 539 4350 Dum
558 4305 672 4363 apud
698 4318 778 4356 nos
800 4313 867 4352 est
882 4309 1138 4362 solstitium,
1164 4310 1228 4354 soi
1251 4315 1394 4355 tamen
1411 4310 1471 4355 ibi

232 4390 319 4424 non
342 4379 525 4425 videtur.
551 4381 649 4426 Dies
667 4382 727 4426 ibi
751 4382 938 4427 minores
961 4388 1062 4427 sunt
1084 4395 1212 4440 quam
1237 4384 1337 4429 alibi
1359 4400 1370 4428 :
1396 4384 1472 4430 sed

234 4459 382 4496 noctes
404 4455 638 4510 longiores,
655 4456 754 4513 quia
774 4455 940 4503 scilieet
959 4463 1122 4514 quanto
1143 4457 1202 4502 ihi
1219 4471 1243 4501 a
1268 4459 1356 4504 sole
1375 4459 1472 4506 lon-

1543 3515 1695 3560 magna
1719 3503 1996 3562 postmodum
2020 3502 2132 3548 l'a'me
2152 3505 2310 3556 coacti,
2329 3505 2373 3548 in
2395 3502 2543 3549 eadem
2567 3502 2788 3560 provincia

1545 3577 1707 3630 Scoria,
1735 3577 1879 3622 animo
1903 3584 2003 3623 sunt
2026 3577 2305 3622 consternati.
2327 3575 2490 3634 De-qua
2504 3577 2786 3634 egredientes.
2850 3602 2870 3619 -,

1544 3650 1646 3694 dum
1666 3651 1708 3694 in
1735 3650 1971 3708 Moringam
1995 3650 2260 3708 provinciam
2284 3651 2473 3695 transire
2494 3649 2785 3707 disponerent,

1544 3724 1737 3782 Assipidi
1758 3736 1907 3769 eorum
1922 3723 2004 3768 iter
2022 3723 2279 3781 impediunt,
2290 3723 2559 3781 denegantes·
2572 3725 2637 3768 eis
2653 3730 2788 3768 unns-

1549 3801 1657 3843 itum
1695 3811 1772 3857 per
1800 3799 2009 3844 terminos
2043 3812 2162 3844 suos.
2208 3798 2344 3845 Porro
2385 3811 2483 3845 cum
2519 3799 2787 3857 Langobardi

1546 3886 1725 3930 magnas
1756 3873 1945 3916 hostium
1979 3871 2130 3932 copias
2151 3878 2394 3937 cernerent,
2430 3878 2474 3920 et
2501 3885 2581 3931 pro
2611 3883 2789 3919 suorum
2864 3905 2867 3907 Α

1548 3947 1763 4003 paucitate
1785 3958 1884 3990 cum
1908 3935 1992 3990 illis
2015 3945 2219 4003 congredi
2243 3959 2329 3990 non
2368 3945 2592 3998 auderent,
2615 3943 2789 3992 tandem

1549 4020 1784 4069 necessitas
1808 4014 2037 4065 consilium
2059 4008 2644 4064 adinvenit.·Simulaverunt
2672 4017 2788 4066 enim
2859 4025 2870 4074 i

1551 4092 1821 4149 Langobardi
1846 4105 1894 4138 se
1916 4092 1960 4138 in
1984 4093 2140 4149 castris
2157 4086 2429 4138 suis'babere
2458 4090 2785 4148 cynocephalos,

1552 4166 1592 4210 iu·
1616 4165 1682 4211 e'st
1705 4167 1901 4214 hemines
1922 4167 2078 4227 canina
2098 4167 2238 4223 capita
2262 4166 2482 4211 habentes.
2509 4165 2626 4218 Quos
2657 4165 2787 4212 etiam
2863 4149 2869 4181 ¹

1552 4239 1771 4296 divulgant
1807 4239 1928 4300 apud,
1955 4240 2102 4286 hostes
2135 4240 2414 4294 pertinaciter
2450 4239 2594 4295 praelia
2621 4249 2786 4295 gerere.
2865 4240 2869 4287 ξ

1551 4311 1786 4354 humanum
1821 4311 2074 4368 sanguinein
2097 4310 2269 4366 bibere3
2298 4313 2427 4368 'atque
2455 4310 2492 4356 si
2516 4311 2682 4355 hostem
2703 4321 2790 4352 non

1552 4383 1719 4439 possint
1742 4379 1966 4446 attingere,
1990 4383 2210 4441 proprium
2243 4385 2499 4440 sanguinem
2523 4390 2687 4439 potare.
2706 4381 2790 4427 llis
2873 4439 2874 4451 ἵ

1553 4456 1699 4500 hostes
1722 4455 1892 4509 auditis,
1924 4457 2171 4513 credu'ique
2208 4456 2361 4509 effecti,
2387 4456 2542 4500 bellum
2569 4455 2682 4511 quod
2711 4453 2775 4496 in-
