2924 4588
261 80 354 152 ,Μ
546 85 575 120 ,

274 202 472 240 tractum.
498 192 580 237 Sed
597 192 684 234 haec
705 169 900 232 de⁰nobis
922 179 1136 246 dicentes,
1169 180 1240 236 qui
1267 179 1495 233 loquimur,
1524 175 1554 218 Α

274 277 315 312 et
335 267 388 311 de
408 266 526 312 vobis
548 263 619 339 qui
638 260 792 303 auditis
806 290 817 307 ‚
848 258 927 299 hoc
945 256 1072 299 etiam
1095 253 1305 302 addimus,
1323 250 1422 304 quia
1451 247 1494 288 in

277 351 360 379 nno
375 336 604 389 eodemque
640 331 712 373 Dei
744 329 898 379 verbo,
920 326 1056 380 magis
1088 323 1221 379 tangit
1260 319 1496 377 periculum
1574 317 1656 359 bus
1690 313 1811 358 iestis
1849 323 1901 355 ex
1931 320 2050 353 more
2082 304 2255 352 recitari
2293 305 2459 356 solent,
2483 307 2621 362 magis
2656 317 2711 351 ex
2740 302 2830 356 usti
2878 325 2879 343 ι

279 412 461 464 lnguam
482 411 687 454 nostram,
704 412 828 456 quam
849 410 993 449 aurem
1012 401 1212 439 vestram.

332 478 396 522 tv.
433 477 514 519 Vos
535 475 646 518 enim
666 485 715 516 eo
757 471 951 514 securius
986 480 1071 524 quo
1099 465 1302 510 humilius
1327 462 1497 510 auditis,

279 563 355 592 nos
377 561 474 592 vero
491 559 540 590 eo
564 544 843 601 periculosius
867 543 908 584 in
932 551 1128 585 sermone
1152 537 1318 581 Domini
1335 534 1500 578 incedi-2

278 634 396 669 inus,
421 629 506 673 quo
536 616 759 660 elationem
781 626 876 669 quae
908 614 1019 655 inter
1049 616 1200 654 caetera
1240 608 1344 650 vitia
1367 606 1503 661 magis

277 692 419 748 grati-„e
443 689 611 731 inimica
633 692 724 735 est,
746 684 966 728 molestius
986 694 1064 725 nos
1085 680 1357 725 infestantem
1374 677 1521 728 habe-¹

280 775 388 806 unns.
409 760 512 803 Nam
543 757 767 814 aliquando
788 756 893 799 bene
920 754 1078 809 aliquid
1102 753 1245 797 dicere
1263 750 1502 799 studemus,

281 842 323 875 ut
347 833 492 881 vobis,
517 830 587 886 qui
610 827 767 871 auditis
801 827 1069 882 placeamu83
1106 824 1174 871 vel
1208 821 1283 880 [al.
1303 821 1395 886 qui}
1425 819 1507 869 etsi

278 910 384 947 torte
398 904 560 959 placere
571 912 654 944 non
665 900 840 942 multum
853 902 1119 952 exoptamus,
1131 895 1356 951 displicere
1367 901 1507 937 tamen

283 974 570 1018 formidamus.
610 968 846 1026 Aliquando
881 968 1144 1011 delectamur
1174 962 1260 1023 [at.
1277 962 1508 1020 delectari]

282 1046 457 1101 turpiter
483 1046 525 1088 in
546 1043 684 1095 laude,
705 1053 832 1097 quam
848 1039 1009 1084 offertis
1023 1039 1171 1091 nobis;
1195 1038 1294 1080 licet
1312 1050 1391 1081 nec
1414 1049 1511 1079 cor-

283 1120 350 1169 de,
375 1131 449 1162 nce
468 1130 541 1160 ore
562 1115 738 1172 quasita
770 1113 898 1158 suerit
934 1125 958 1155 a
981 1112 1119 1156 nobis,
1146 1110 1198 1153 Et
1227 1110 1399 1166 quidem
1419 1109 1512 1165 pla·

283 1204 378 1234 cere
399 1189 525 1237 velle,
550 1192 592 1231 et
619 1180 843 1241 displicere
873 1184 1006 1234 nolle,
1035 1195 1120 1225 non
1154 1193 1321 1238 semper
1351 1181 1508 1224 malum

1123 89 1299 134 ..tuam
1329 76 1916 130 PRAEMONSTRATENSts

2723 58 2823 120 ist

1576 184 1685 227 quos
1723 168 1958 225 saepissime
1978 162 2145 220 experti
2178 172 2358 212 sumus,
2376 159 2469 216 »qui
2493 170 2592 204 cum
2632 141 2830 215 maximo,>

1577 242 1751 287 fastidio
1773 236 2017 295 suscipiunt
2038 234 2216 280 verbum
2234 233 2279 276 in
2301 232 2602 285 sermonibus,
2623 233 2699 300 qui
2727 224 2835 279 die·
2878 268 2879 290 ι

1577 395 1807 446 praesentes
1831 398 1877 429 se
1892 382 2110 433 exhibent,
2131 391 2261 437 quam
2283 391 2337 431 ex
2359 377 2529 432 all'ectu;
2549 378 2648 436 pius
2669 391 2828 438 exspe-
2877 391 2879 419 ι

1578 467 1744 504 ιῑειιιῑθε
1768 464 1810 502 et
1832 455 2124 500 desiderantes
2149 452 2275 496 linem
2292 485 2303 505 ,
2342 463 2471 507 quam
2494 451 2681 508 aliquam
2717 453 2761 497 d
2795 452 2813 465 ·

1579 534 1795 582 derantes‚
1819 529 1885 573 vel
1907 527 2157 583 colligentes
2180 524 2263 569 sibi
2285 523 2612 573 aedificationem
2628 525 2812 582 spiritua
2834 554 2837 559 -

1580 606 1679 648 lem.
1713 601 1812 655 Non
1837 600 1977 649 solum
2001 603 2142 643 autem
2163 629 2176 650 ,
2200 597 2276 644 sed
2299 596 2401 640 dum
2434 603 2612 653 propter
2643 589 2830 655 discipl*

1582 686 1679 725 nam
1709 670 1876 716 ordinis
1903 669 1973 714 vel
1997 669 2284 726 corporaliter
2317 668 2470 712 abesse
2505 680 2594 711 non
2630 656 2831 724 possunt*

1585 741 1825 799 pernicioso
1858 738 2019 784 fastidii
2061 738 2253 795 pondere
2284 737 2478 794 gravati,
2527 739 2840 784 contrahent

1585 816 1718 860 facies
1738 815 1849 858 intra
1870 812 2060 867 caputia,
2093 810 2221 867 quasi
2245 822 2323 867 per
2344 810 2608 862 maturitatis
2645 810 2815 860 frenum
2830 823 2840 849 ’-

1586 889 1807 935 oculorum
1823 886 2046 929 lasciviam
2068 884 2335 935 cohibentes,
2351 883 2480 928 inerti
2501 884 2750 929 dormitioni
2765 885 2776 894 '
2793 889 2835 935 οἰ

1587 961 1764 1007 sistunt.
1799 957 1910 1001 Sunt
1930 967 2034 1001 vero
2062 956 2136 999 alii
2159 956 2234 1012 qui
2254 955 2438 1000 libenter
2453 955 2626 1013 quidem
2656 956 2757 1000 audi
2813 944 2835 957 ³

1587 1045 1683 1090 quae
1705 1032 1923 1082 dicuntur,
1948 1028 2025 1074 sed
2040 1028 2149 1072 nihil
2170 1028 2343 1090 penitus
2366 1029 2606 1085 approbant
2627 1028 2712 1073 nisi
2727 1041 2756 1073 n
2799 1046 2804 1053 ·
2824 1035 2838 1085 I¹

1587 1113 1631 1152 et
1652 1105 1844 1149 inaudita
1865 1103 2080 1147 dicantur.
2106 1100 2299 1158 Denique
2319 1100 2460 1145 solent
2482 1100 2605 1145 linito
2623 1095 2839 1148 sermone

1590 1184 1633 1223 et
1655 1180 1691 1222 si
1711 1176 1820 1221 sorte
1843 1175 1985 1219 verbis
2006 1179 2111 1217 tunc
2135 1185 2223 1216 non
2244 1180 2430 1230 possunt
2451 1175 2542 1218 oris
2560 1205 2572 1226 ,
2606 1174 2674 1218 vel
2696 1166 2839 1219 verb*

283 1268 349 1307 est
366 1294 377 1311 ,
402 1261 474 1304 sed
498 1262 646 1303 beatus
668 1257 804 1313 quiin
839 1262 1018 1311 utroque
1039 1254 1098 1297 illi
1123 1254 1203 1298 soli
1237 1253 1388 1309 quaerit
1420 1252 1510 1306 pla-
1533 1242 1567 1291 Β
1590 1252 1840 1308 digitorum,
1865 1249 2024 1305 aliqua,
2044 1248 2108 1292 uti
2132 1248 2444 1304 ipsimultoties
2459 1246 2834 1304 deprehendimus

285 1346 381 1376 cere
417 1332 485 1375 cui
510 1332 619 1374 sicut
654 1329 820 1384 placere
858 1326 1088 1383 optimum,
1118 1328 1175 1368 ita
1212 1330 1256 1369 et
1286 1323 1515 1378 displicere

285 1406 512 1458 pessimum
547 1408 626 1446 est.
653 1399 758 1443 lltud
781 1405 920 1443 autem
957 1399 1129 1442 tertium
1166 1395 1280 1452 qnod
1315 1395 1439 1451 posui
1472 1394 1514 1436 in

286 1476 410 1518 lande
447 1475 642 1518 videlicet
676 1485 762 1517 non
795 1472 1001 1528 quaesita,
1044 1471 1119 1515 sed
1158 1470 1213 1513 ab
1249 1468 1517 1513 auditoribus

286 1546 425 1588 oblata
449 1545 664 1595 delectari,
688 1544 842 1586 malum
858 1555 952 1586 esse
973 1555 1057 1585 non
1082 1553 1312 1596 possumus
1330 1539 1513 1583 diffiteri.

340 1617 448 1669 Quin
470 1614 708 1673 [a1.quod]‚
733 1627 906 1659 necesse
923 1614 1142 1663 habemus,
1169 1626 1264 1663 nos,
1282 1612 1354 1669 qui
1379 1613 1517 1667 loqui-

286 1702 406 1739 mur,
433 1702 528 1732 cum
553 1690 605 1731 ab
627 1701 677 1732 eo
699 1687 806 1730 sorte
834 1686 1040 1730 fuerimus
1065 1685 1313 1740 intercepti,
1349 1691 1394 1727 ut
1417 1690 1517 1729 ante

285 1763 378 1817 cius
395 1762 561 1812 oculos,
581 1762 648 1803 cui
675 1758 753 1804 soli
773 1771 867 1803 esse
888 1759 1010 1803 debet
1028 1759 1163 1802 honor
1184 1764 1224 1800 et
1239 1758 1389 1813 gloria,
1409 1768 1516 1800 con-

285 1834 396 1876 versi
421 1833 471 1875 ad
492 1845 565 1876 cor
600 1839 795 1876 nostrum
814 1862 826 1883 ,
848 1831 1013 1874 crebris
1046 1831 1244 1872 lamentis
1282 1835 1513 1885 tergamus.

285 1902 451 1946 lnssrma
474 1903 682 1959 siquidem
709 1915 856 1954 mens,
880 1903 1028 1947 suavia
1056 1902 1193 1944 laudis
1218 1901 1346 1945 verba
1380 1901 1518 1945 liben-

283 1981 351 2019 ter
365 1981 407 2019 et
430 1976 661 2031 gaudenter
682 1974 876 2031 suscipit.
895 1987 989 2030 quae
1006 1974 1133 2018 etiam
1156 1975 1407 2030 plerumque
1421 2006 1433 2025 ‚
1472 1979 1516 2018 et

285 2059 380 2091 eum
400 2046 504 2089 nihil
526 2046 722 2091 fortassis
753 2047 940 2090 exterius
956 2052 998 2090 et
1028 2046 1081 2088 ad
1108 2045 1276 2090 laudem
1295 2046 1518 2101 pertinens

287 2117 421 2169 audit,
443 2117 549 2161 bene
579 2130 603 2159 a
631 2130 676 2161 se
697 2118 810 2161 dicta
844 2118 887 2161 in
911 2120 1078 2161 occulto
1106 2115 1218 2173 apud
1245 2130 1291 2161 se
1319 2118 1514 2170 revolvit,
1595 2124 1863 2179 reliquerunt
1899 2120 2196 2177 praecedentes
2219 2132 2300 2164 nos
2331 2119 2534 2166 doctores
2558 2117 2712 2168 sancti.
2735 2116 2830 2162 rrae
2867 2095 2871 2137 Ι

286 2193 328 2231 et
345 2189 438 2232 aliis
461 2201 533 2245 per
556 2188 705 2243 stiaee
725 2194 827 2232 nota
845 2189 1101 2245 recogitans,
1119 2190 1518 2245 illisqueliaecvalde

1592 1324 1698 1373 etin
1720 1323 1833 1366 hunc
1860 1321 2035 1365 modum
2061 1320 2242 1365 invicem
2265 1319 2463 1365 conferre
2489 1319 2738 1377 frequenter
2767 1333 2822 1363 a·

1594 1395 1798 1440 divimus.
1848 1393 2000 1437 Nonne
2050 1393 2319 1450 Augustinus
2334 1424 2345 1443 ,
2402 1403 2546 1436 nonne
2591 1387 2798 1448 Gregoriu
2825 1405 2835 1422 ι·-

1593 1479 1736 1512 nonne
1759 1467 1829 1511 alii
1852 1467 2051 1511 doctores
2078 1466 2169 1510 haec
2187 1465 2338 1510 eadem
2361 1464 2535 1509 dicunt?
2555 1475 2652 1520 quae
2683 1466 2798 1520 passi
2819 1467 2823 1474 '

1593 1538 1637 1591 in
1662 1540 1784 1584 libris
1805 1539 2032 1583 doctorum
2055 1537 2224 1582 furatus
2247 1537 2499 1587 memoriter
2529 1535 2734 1587 retinuit,
2755 1536 2782 1578 h
2807 1553 2838 1574 >-

1595 1613 1719 1658 nobis
1747 1625 1823 1669 pro
1846 1624 2046 1656 sermone
2073 1611 2291 1661 recitavit,
2308 1621 2360 1653 ac
2382 1609 2417 1652 si
2442 1613 2486 1654 ct
2502 1621 2582 1654 nos
2596 1622 2682 1652 non
2708 1621 2762 1665 po
2795 1642 2799 1645 .
2823 1600 2826 1604 ’

1594 1700 1691 1732 mus
1712 1686 1795 1730 ista
1818 1685 1981 1736 videre,
2004 1690 2050 1727 ut
2070 1684 2165 1740 ipse
2185 1696 2235 1727 ea
2259 1682 2382 1733 vidit,
2407 1689 2536 1738 atquc
2557 1682 2749 1738 collegit.

1650 1757 1719 1802 vt.
1753 1756 1852 1800 Hoec
1881 1768 1964 1799 vox
1997 1767 2148 1799 eornm
2182 1754 2423 1798 nolentium
2462 1753 2703 1808 attendere.
2738 1753 2835 1806 Qut

1590 1831 1714 1887 juxta
1736 1828 1957 1874 Comicum
1976 1843 1989 1871 't
2015 1826 2135 1871 Nihil
2155 1833 2219 1870 est
2230 1825 2388 1870 dictum
2411 1825 2520 1883 quod
2546 1835 2668 1870 antea
2690 1838 2771 1868 ιιυιι
2796 1839 2832 1868 s

1594 1904 1766 1958 dictum,
1807 1903 1922 1953 Ηώς,
1947 1903 2139 1959 inquam,
2156 1912 2242 1944 mx
2260 1900 2450 1954 iliorum,
2479 1911 2529 1942 ac
2554 1899 2593 1950 si
2618 1911 2697 1942 nos
2725 1897 2829 1956 quid

1593 1989 1723 2034 quam
1743 1976 1886 2021 dicere
1922 1976 1989 2019 vei
2019 1975 2210 2018 sciamus
2228 2006 2239 2025 ‚
2266 1974 2333 2018 vel
2359 1973 2595 2018 debeamus
2617 1971 2732 2029 quod
2763 1983 2811 2028 n
2833 1991 2839 2004 ι

2867 1946 2872 1979 l

1594 2049 1812 2100 dixerunt,
1849 2053 1890 2096 et
1914 2048 1959 2091 in
1982 2047 2158 2103 seriptis
2182 2047 2277 2098 suis
2308 2046 2363 2090 ad
2381 2046 2622 2090 doctrinam
2655 2050 2835 2090 nostran
2866 2023 2872 2058 ⁸

1597 2196 1742 2240 sertim
1766 2206 1866 2247 cum
1888 2192 2110 2251 praecipiat
2131 2191 2256 2236 nobis
2268 2190 2517 2241 Psalmista,
2542 2194 2592 2233 ut
2613 2191 2654 2232 in
2670 2189 2815 2233 eccles·

287 2263 452 2315 placere
470 2262 550 2304 sibi
574 2263 848 2313 renuntians,
868 2261 1030 2317 privata
1046 2263 1228 2318 quadam
1249 2264 1359 2320 apud
1377 2276 1423 2308 se
1444 2265 1516 2307 lae-
1561 2306 1568 2318 ,
1598 2265 1880 2314 benedicamus
1902 2265 2077 2309 Domino
2103 2265 2152 2308 de
2179 2263 2362 2320 foralibus
2388 2263 2524 2307 Israel
2554 2261 2692 2320 (Psal.
2715 2272 2835 2307 axvi!
2866 2237 2871 2289 ἶ

288 2334 379 2377 titia
400 2334 577 2378 inaniter
597 2335 829 2379 hilarescit.
852 2334 920 2387 Et,
944 2347 1042 2379 cum
1065 2348 1143 2381 nec
1166 2337 1247 2379 ista
1270 2338 1363 2380 sine
1380 2338 1514 2393 gravi,

288 2407 397 2462 apud
416 2419 475 2457 se,
500 2407 623 2462 culpa
646 2419 766 2451 mens
783 2418 953 2451 versare
967 2409 1117 2464 possit,
1141 2408 1243 2464 quid
1261 2409 1381 2466 dejeo
1398 2410 1518 2460 dice-

288 2490 398 2527 mus,
423 2478 546 2532 cujus
571 2491 622 2522 ex
653 2477 912 2522 abundantia
938 2480 1082 2523 cordis
1105 2493 1152 2523 os
1181 2482 1358 2536 loquens
1376 2490 1522 2538 aperte

284 2549 485 2604 jactando
510 2563 555 2593 se
567 2547 682 2605 (Luc.
708 2562 766 2600 rt,
791 2550 878 2609 45).
898 2563 992 2609 quae
1004 2552 1090 2607 jam
1111 2554 1523 2608 protulit,creberri·

290 2634 356 2665 nie
386 2623 536 2676 repetit
566 2621 774 2677 profunde
804 2624 988 2680 cogitata
1016 2640 1026 2666 :
1062 2624 1196 2669 nitide
1226 2638 1396 2683 quoque
1428 2634 1523 2671 tur-

292 2691 464 2747 pissimo
500 2699 542 2736 et
581 2693 833 2740 inanissimo
882 2698 1135 2751 arrogantia}
1173 2705 1301 2741 vento
1350 2699 1521 2746 inflatus

290 2766 444 2809 asserit
482 2766 677 2820 prolata?
708 2765 782 2811 ille
824 2779 994 2824 quoqne
1029 2771 1213 2824 qualiter
1258 2772 1518 2826 irridendus,

288 2837 469 2891 ‹pialuer
480 2837 805 2883 subsannandus
824 2844 904 2890 est,
926 2834 1182 2896 qui'laudem
1200 2843 1328 2887 corde
1350 2845 1521 2900 quidem

290 2919 507 2963 «putemus,
543 2919 616 2950 ore
642 2913 780 2952 autem
815 2909 938 2965 quasi
982 2908 1180 2967 sug'ens,
1206 2914 1315 2957 nihil
1349 2917 1521 2972 penitus

292 2980 430 3023 valere
453 2979 658 3034 quidquid
685 2979 868 3032 dixerit,
895 2985 1170 3039 conqueritur
1193 3000 1204 3038 ;
1229 2988 1354 3031 malle
1388 3001 1434 3032 se
1451 2994 1520 3033 ta-

291 3053 434 3096 cuisse
451 3065 576 3106 quam
601 3054 662 3096 sic
685 3052 871 3097 locutum
888 3055 1020 3099 fuisse
1037 3059 1204 3102 asserit.
1226 3058 1286 3101 Ad
1312 3060 1392 3103 hoc
1405 3066 1522 3107 totus

294 3123 336 3165 in
360 3123 438 3165 hac
459 3124 551 3177 ejus
569 3124 776 3167 exteriore
797 3126 1069 3171 accusatione
1095 3128 1334 3181 intendens,
1356 3136 1403 3173 ut
1416 3132 1523 3178 alios

293 3196 345 3239 ad
370 3195 531 3238 laudem
569 3208 686 3238 suam
713 3197 893 3247 excitet,
912 3207 1121 3252 quatenus
1153 3202 1253 3244 dum
1282 3211 1366 3246 tam
1397 3205 1523 3249 anxie

293 3280 367 3313 ore
379 3280 475 3310 eum
498 3270 697 3323 conqueri
722 3271 915 3322 audiunt,
940 3277 981 3315 et
1013 3279 1176 3328 turpem
1207 3275 1349 3319 inanis
1378 3277 1523 3333 gloriae

1595 2339 1685 2398 27).
1710 2338 1762 2381 Et
1782 2339 1991 2383 divinitus
2006 2336 2205 2394 percussi
2233 2340 2335 2379 sunt
2365 2335 2438 2378 nni
2462 2334 2609 2378 Aaron
2625 2334 2668 2378 in
2688 2334 2812 2379 Levit
2845 2334 2847 2347 ²

1599 2425 1650 2457 co
1674 2412 1821 2469 (Lot-it.
1844 2425 1888 2463 x,
1915 2410 1985 2469 l);
2012 2422 2091 2469 pro
2110 2422 2162 2456 eo
2186 2408 2302 2466 quod
2335 2409 2476 2464 ignem
2507 2407 2695 2451 alienum
2727 2407 2831 2452 otttu
2854 2459 2855 2462 Ἴ

1599 2485 1763 2536 lerunt,
1790 2485 1903 2541 quod
1925 2484 1990 2528 eis
2010 2486 2271 2539 praeceptum
2299 2493 2386 2525 non
2412 2485 2520 2524 erat.
2555 2479 2722 2533 Quibus
2744 2481 2844 2526 isto

1600 2557 1764 2602 similes
1793 2556 1997 2609 dixerim,
2028 2554 2114 2600 nisi
2131 2552 2382 2598 carnalibus
2405 2552 2506 2611 istis
2526 2549 2754 2607 Israelitis,
2781 2565 2824 2608 q¹
2840 2558 2854 2599 ,Γ

1599 2629 1868 2675 fastidientes
1894 2640 2052 2674 manna
2070 2658 2082 2680 ,
2107 2626 2233 2671 cibos
2248 2657 2260 2678 ,
2294 2631 2344 2669 ut
2366 2626 2489 2668 scitis
2506 2655 2518 2678 ,
2552 2623 2778 2673 desidet-ab

1602 2702 1881 2759 AEgyptiacos
1897 2699 2048 2759 (Num.
2085 2712 2180 2752 xxi,
2214 2698 2276 2755 5).
2323 2697 2410 2742 Sed
2444 2709 2542 2754 quae
2563 2695 2701 2743 fuerit
2727 2708 2834 2753 poen

2862 2531 2868 2562 l

2863 2606 2867 2630 ι

2862 2671 2867 2705 l

1602 2774 1771 2818 illorum
1790 2807 1800 2826 ,
1827 2774 1863 2819 si
1885 2774 1929 2817 hi
1953 2773 2180 2830 diligenter
2203 2769 2493 2822 attenderent,
2522 2769 2643 2820 talia,
2665 2773 2715 2812 ut
2739 2744 2866 2829 aris]

1600 2851 1709 2896 ποτ,
1733 2857 1820 2890 non
1843 2846 2054 2891 dicerent.

1663 2918 1752 2965 vn.
1782 2918 1884 2963 illos
1899 2924 2066 2970 autem,
2108 2930 2193 2977 qna
2218 2917 2558 2970 subsannatione
2589 2923 2631 2961 et
2654 2914 2865 2991 ἰιϊίεἰιυ(ι

1597 2992 1847 3054 judicabitis
1871 2991 2108 3047 tangendos
2131 3022 2141 3043 ‚
2168 2992 2243 3048 qui
2267 3003 2366 3035 eum
2390 2990 2568 3034 omnino
2588 2989 2761 3034 «nullum
2787 3001 2854 3051 v„

1603 3064 1831 3110 admodum
1851 3062 2068 3105 modicum
2079 3062 2238 3107 habent
2254 3062 2299 3105 in
2316 3061 2543 3117 Scriptura
2561 3050 2861 3109 moliamini

1603 3137 1794 3180 habitum
1819 3135 1871 3178 ad
1907 3145 1981 3177 eos
2013 3144 2257 3177 sermonem
2298 3132 2472 3189 penitus
2502 3135 2737 3192 respuurt,
2759 3130 2863 3190 ’1ιῆ-

1604 3213 1720 3252 totus
1742 3207 1787 3250 in
1802 3205 1946 3250 verbis
1985 3202 2151 3247 Latinis
2168 3237 2180 3261 ,
2212 3207 2256 3248 et
2276 3204 2392 3260 quod
2415 3203 2557 3262 magis
2587 3195 2814 3257 irridenti
2831 3167 2864 3218 '²⁸

1603 3286 1697 3331 est,
1723 3278 1810 3323 nisi
1846 3275 2105 3335 quibusdam
2139 3276 2286 3325 verbis
2327 3276 2551 3339 pomposis
2585 3282 2629 3320 et
2669 3273 2782 3322 insol
2861 3287 2864 3336 t1

294 3339 522 3395 appetitum
538 3371 549 3389 ,
573 3340 645 3395 qni
667 3339 709 3382 in
732 3338 858 3383 corde
881 3347 966 3384 tam
989 3343 1255 3399 impatienter
1281 3353 1514 3401 exspectat,
1542 3359 1576 3402 1)
1598 3354 1879 3410 persolvatur.
1898 3350 2025 3399 Bene,
2046 3350 2261 3406 inquiunt,
2276 3354 2319 3394 et
2334 3354 2460 3393 acute
2475 3348 2612 3394 sensit
2622 3343 2863 3397 innuite.

294 3416 466 3466 tamque
496 3411 695 3455 ardenter
731 3413 914 3468 expetit,
946 3426 1033 3458 non
1067 3418 1362 3472 conspiciunt,
1400 3422 1520 3475 qnasi

295 3481 561 3525 consolantes
583 3482 690 3527 bene
707 3483 868 3527 dixisse
890 3492 1084 3529 asserant
1103 3518 1115 3537 ,
1139 3494 1181 3531 et
1200 3488 1298 3543 jure
1312 3502 1408 3533 eum
1439 3486 1525 3534 lau-

296 3551 477 3595 dandum
505 3565 581 3608 pro
610 3553 752 3597 verbis
771 3559 859 3600 tam
896 3555 1166 3600 laudabiliter
1203 3559 1379 3614 prolatis
1413 3561 1525 3605 affir-

280 3631 427 3685 ment.
468 3623 718 3670 Detestabile
740 3632 854 3670 certe
872 3627 1086 3682 jactantia:
1102 3643 1237 3685 genus
1257 3631 1310 3675 ad
1334 3631 1417 3677 boc
1438 3632 1524 3676 bu·

298 3696 459 3740 miliare
477 3702 533 3747 te,
556 3704 600 3739 ut
623 3699 781 3741 exaltes
796 3731 808 3749 ,
833 3705 875 3743 et
901 3700 1068 3745 laudem
1090 3714 1282 3758 quaerere
1305 3703 1521 3762 fugiendo.

352 3765 403 3810 V.
436 3765 532 3811 ilaec
555 3770 693 3818 mala,
716 3770 867 3813 fratres
886 3803 898 3821 ,
932 3778 976 3816 et
1006 3785 1101 3828 quae
1123 3775 1165 3817 in
1192 3774 1307 3819 hunc
1349 3775 1521 3821 modum

300 3843 424 3887 sunt,
450 3838 718 3892 loquentibus
754 3842 1036 3894 insidiantur,
1064 3856 1086 3885 a
1122 3845 1277 3901 quibus
1314 3858 1411 3898 vos,
1448 3849 1523 3904 qui

298 3906 484 3955 auditis.
524 3910 732 3953 immunes
770 3912 886 3955 estis.
917 3912 1023 3964 Quia
1066 3917 1109 3959 in
1146 3918 1313 3960 occulto
1356 3926 1523 3963 servata

300 3978 411 4036 apud
438 3991 516 4023 vos
538 3981 805 4035 pulchritudo
842 3985 1079 4030 devotionis
1111 3996 1262 4033 vestrae
1280 3990 1380 4035 dum
1402 3999 1520 4037 exte·

299 4051 390 4094 rius
409 4050 515 4101 visa.
535 4053 599 4094 vel
619 4052 758 4095 audita
782 4068 865 4098 non
890 4061 1153 4111 agnoscitur,
1171 4062 1366 4106 humanae
1397 4066 1525 4108 nimi·

299 4130 392 4163 rum
416 4119 554 4164 landis
586 4123 755 4175 pulvere
776 4137 860 4168 non
882 4127 1127 4174 offuscatur.
1154 4132 1234 4176 Sed
1268 4135 1378 4177 sicut
1401 4137 1526 4182 nobis

301 4189 353 4231 ab
374 4189 454 4234 bac
474 4193 708 4246 perniciosa
730 4196 814 4249 60
830 4199 1025 4243 elationis
1043 4210 1160 4255 peste
1177 4206 1410 4250 cavendum
1439 4215 1522 4259 est,

304 4262 359 4301 ita
392 4267 436 4303 et
466 4262 588 4306 vobis
619 4263 895 4310 nibilominus
933 4282 955 4310 a
982 4284 1167 4326 pessimo
1191 4281 1383 4321 cavetote
1420 4279 1526 4324 vitio

302 4330 490 4387 fastidii,
517 4336 856 4382 etctidositatis.
897 4338 1004 4384 Sunt
1044 4344 1155 4387 enirn
1199 4359 1324 4402 qnam
1360 4348 1519 4403 plures,

1604 3426 1678 3471 scd
1706 3422 1915 3481 quidquid
1942 3422 2051 3466 dixit
2072 3421 2218 3466 minus
2253 3426 2321 3466 est
2343 3420 2593 3477 probabile,
2624 3419 2714 3464 min
2756 3438 2815 3457 w·

1604 3496 1895 3552 acceptabile,
1932 3494 2036 3538 dum
2069 3505 2149 3537 sua
2186 3492 2407 3549 vulgarem
2441 3491 2554 3536 hanc
2582 3482 2743 3536 'locuti
2768 3485 2849 3540 02³0]

1602 3569 1838 3622 assumpsit
1859 3567 1903 3609 in
1925 3565 2190 3625 prolatione,
2223 3576 2321 3608 cum
2341 3563 2425 3620 ipsi
2455 3563 2797 3618 nihilomnino*
2815 3578 2841 3604 v.-

1602 3639 1795 3694 telligant
1817 3650 1868 3683 ex
1892 3637 2096 3681 omnibus
2130 3632 2489 3693 quae‘dicnntur‚
2513 3635 2596 3688 nisi
2618 3635 2803 3692 vulgari,
2843 3628 2846 3629 ⁷

1602 3711 1666 3755 eis
1700 3715 1986 3766 exponantur.
2021 3707 2111 3753 Vos
2130 3714 2274 3752 autem
2295 3740 2306 3759 ,
2342 3707 2524 3759 fratres,
2542 3718 2628 3752 non
2653 3708 2739 3760 sic,
2767 3635 2859 3769 ἃ

1602 3787 1718 3824 tanta
1743 3780 1947 3824 aviditate
1969 3779 2163 3825 esuriant
2195 3783 2361 3824 mentes
2383 3786 2537 3831 vestitu
2557 3779 2734 3823 verbum
2757 3765 2853 3834 Dei}

1602 3855 1821 3901 utiterum
1848 3851 1952 3895 illud
1988 3851 2208 3896 esuriatis
2236 3850 2319 3896 Sed
2349 3857 2391 3895 et
2430 3863 2598 3895 omnem
2625 3851 2667 3894 iu
2698 3840 2859 4052 code}

1600 3925 1731 3967 verbo
1754 3924 1936 3967 devitate
1969 3924 2258 3976 locutionem;
2289 3936 2384 3980 quae
2415 3936 2500 3967 non
2531 3923 2729 3968 aedificat.
2759 3921 2800 3969 Μ

1601 3993 1751 4050 gisque
1772 3992 1847 4050 [al.
1869 3994 2006 4050 inagis
2027 3992 2220 4052 quoque]
2243 3993 2464 4044 affectate,
2490 3999 2536 4037 ut
2561 3994 2603 4036 in
2627 3993 2782 4039 vobisi

1603 4067 1791 4110 buantur
1830 4065 1960 4109 corda
1981 4098 1992 4116 ‚
2033 4075 2163 4123 quam
2198 4053 2323 4110 v'obis
2354 4070 2677 4120 componantur·
2699 4056 2849 4129 verba&

1601 4132 1894 4181 Emundantes
1911 4138 2055 4193 itaque
2075 4149 2154 4182 vos
2175 4149 2199 4180 a
2222 4137 2399 4180 saecibus
2415 4138 2510 4181 istis
2529 4151 2538 4180 :
2556 4130 2852 4202 compatimit}

1601 4209 1790 4255 miseriis
1811 4210 1976 4254 nostris
1991 4209 2274 4254 multimodis.
2294 4209 2460 4254 Erectis
2479 4207 2676 4253 fidelibus
2692 4205 2849 4264 animis

1602 4282 1816 4341 suspirate
1847 4283 1902 4327 ad
1936 4283 2059 4328 illum
2093 4293 2174 4341 pro
2212 4282 2370 4336 nobis:
2405 4283 2480 4340 qui
2511 4288 2662 4328 nostra
2699 4282 2745 4327 in
2777 4274 2847 4333 bii

1601 4353 1820 4407 omnibns,
1846 4360 1941 4411 q'uze
1967 4354 2169 4412 superius
2184 4354 2308 4400 vobis
2328 4357 2623 4413 exposuimus,
2643 4362 2687 4399 et
2704 4355 2749 4399 in
2769 4351 2848 4396 cas

2877 365 2879 386 1

2877 426 2879 464 1
