2924 4588
24 61 38 89 ¹³
112 88 194 133 (ιτ

756 131 758 133 ,
805 83 1110 128 SERMONES.
1142 109 1197 115 —
1227 82 1358 126 DOM.
1390 79 1426 123 11
1456 80 1597 126 POST
1629 84 1979 133 ErtPnANlAM.

2601 92 2687 141 418

110 186 283 227 virtutis
296 184 338 224 et
362 178 542 222 arduum
567 177 749 221 viriliter
769 176 958 232 aggredi,
994 175 1257 219 laboriosum
1287 173 1352 217 vi·-
1378 178 1411 223 Α
1435 179 1482 215 ιιι
1505 179 1755 230 coaptetur;
1779 180 1822 219 et
1847 176 1902 219 ab
1936 177 2009 220 illo
2033 183 2258 232 coaptetur
2289 183 2336 220 ut
2364 178 2519 222 decora
2553 181 2623 230 sit.
2661 195 2684 228 3

111 253 260 304 detur,
291 251 392 308 quia
414 250 584 295 novitas
614 249 819 292 nimirum
847 254 1005 292 tenerae
1028 247 1231 291 abhorret
1253 258 1357 289 con-

111 326 337 379 versionis,
376 322 491 380 quod
529 323 657 379 longo
688 322 850 366 dudum
887 329 1097 379 tempore,
1116 321 1168 384 in
1203 332 1358 376 magno

111 401 260 444 habuit
273 400 374 445 odio
395 398 587 456 pravitas
608 397 858 441 inveteratae
891 395 1252 440 conversationis.
1271 393 1358 439 Sed

111 485 208 518 cum
235 478 465 528 utrumque
487 469 620 522 istud,
642 483 669 513 3
686 470 801 514 ιο310
818 481 864 514 se
881 469 1109 521 avertenti,
1133 480 1180 514 se
1196 467 1248 511 ad
1273 467 1359 511 'bo-

111 557 211 591 num
235 546 517 597 convertenti,
540 556 628 588 non
643 544 859 588 modicum
887 556 1015 600 grave
1031 549 1075 587 et
1093 543 1358 586 laboriosum

111 618 183 670 nit,
208 623 438 673 utrumque
451 617 492 660 ei
509 629 596 660 non
617 616 746 659 modo
767 615 1008 666 tolerabile,
1035 614 1166 659 sedet
1189 615 1359 659 levedi-

45 735 51 738 ,
110 690 209 735 vina
230 689 368 745 gratia
392 689 519 735 facit:
546 690 591 732 in
611 695 798 752 tantum,
822 695 870 732 ut
899 688 1016 745 quod
1039 689 1161 744 prius
1185 693 1359 743 tangere

58 801 67 806 ,
111 775 197 806 non
217 763 402 813 volebat,
420 763 510 817 jam
533 775 620 819 prae
644 763 821 812 amoris,
849 763 975 823 cujus
1019 762 1139 806 suavi
1164 762 1358 806 cruciatu

110 841 304 888 vexatur,
330 836 530 892 angustia
546 837 670 881 cibus
687 836 781 892 ejus
799 836 861 882 fit.
880 835 1030 881 Nonne
1054 849 1133 880 vos
1151 837 1243 880 haec
1267 840 1362 879 om·

112 907 180 950 nia
205 907 373 952 sentitis
395 907 438 951 in
455 907 606 952 vobis?
623 906 730 959 Quis
753 913 946 952 vestrum
976 914 1060 959 est,
1083 908 1155 964 qui
1177 907 1289 950 banc
1315 906 1357 950 in

109 993 158 1025 sc
180 992 269 1024 non
292 981 424 1024 sentit
448 982 731 1025 mutationem
776 981 962 1026 dextera>
986 982 1185 1026 Excetsi?
1218 981 1356 1039 (Psoi.

111 1067 256 1106 mxxvi,
276 1054 364 1111 11.)
391 1055 454 1098 Ex
489 1056 583 1110 ejus
609 1057 757 1112 utique
787 1056 922 1100 solius
954 1069 1131 1101 utunere
1166 1061 1248 1108 est,
1274 1069 1360 1112 quo

107 1128 196 1183 iam
230 1140 315 1174 000
355 1139 443 1173 uno
490 1129 576 1181 die,
616 1130 682 1173 vel
718 1129 885 1173 duobus
908 1161 919 1181 ,
967 1131 1044 1174 sed
1086 1130 1202 1173 omni
1251 1135 1361 1173 tem-

114 1214 219 1259 pore
245 1203 340 1246 vitae
357 1208 512 1247 restrae
529 1215 581 1247 eo
605 1215 754 1246 carere
775 1204 965 1259 penitus,
992 1215 1079 1246 non
1112 1202 1241 1246 modo
1273 1214 1360 1246 non

1436 256 1522 300 qno
1542 246 1629 289 lota
1651 253 1735 298 est,
1755 253 1802 290 ut
1824 249 1983 292 munda
2017 250 2094 302 sit3
2122 256 2164 293 et
2188 257 2403 306 reparata,
2438 258 2485 294 ut
2520 253 2686 310 integra

1438 319 1509 361 sit.
1536 317 1756 374 concepta
1779 319 1924 375 itaque
1946 321 2069 364 tirma
2095 335 2172 378 spe
2193 324 2344 375 veniae,
2368 323 2499 368 instet
2515 330 2558 369 et
2579 327 2688 370 insi-

1438 393 1522 434 stat
1540 403 1621 447 pro
1643 392 1927 447 acquisitione
1942 395 2106 448 gratiae,
2132 400 2224 439 oret
2248 396 2341 439 sine
2352 397 2687 451 intermissione,

1436 477 1565 519 puras
1585 463 1683 509 levet
1702 478 1851 509 manus
1874 468 2047 521 sinejra
2069 477 2106 509 et
2129 467 2441 523 disceptatione,
2465 478 2502 513 et
2531 471 2692 514 incum-

1439 537 1510 581 bat
1540 537 1894 583 observationibus
1925 540 1994 583 die
2026 555 2076 583 oc
2108 549 2225 584 nocte
2249 541 2292 598 (I
2309 543 2419 585 Tim.
2445 555 2492 596 ιι,
2518 545 2579 600 8).
2604 544 2692 589 Nec

1438 611 1673 654 verendum
1690 613 1782 667 jam
1808 612 1881 656 tali
1907 613 2060 657 animae
2082 615 2227 658 vultus
2247 628 2348 659 suos
2367 615 2420 659 ad
2443 618 2593 662 oculos
2630 623 2693 661 at-

1439 684 1588 728 tollere
1609 685 1848 741 maiestatis
1866 686 2007 730 illius:
2030 699 2129 730 cum
2172 688 2362 731 maculas
2396 688 2486 742 ⁴iam
2522 702 2690 741 omnes,

1439 758 1595 813 quilius
1609 758 1865 803 obscuratos
1879 760 2109 816 aliquando
2123 761 2404 806 circumferre
2422 763 2586 806 solebat
2601 765 2692 808 vul-

1439 835 1527 882 tus,
1554 830 1783 875 deterserit
1807 833 2059 887 magnitudo
2083 834 2254 889 pietatis
2277 835 2407 878 illius.
2432 835 2536 877 Nam
2556 837 2627 891 qui
2652 836 2692 880 ei

1441 915 1561 959 spem
1578 905 1714 948 venia».
1739 906 1934 961 inspirat,
1976 906 2069 962 ipse
2100 908 2228 950 etiam
2254 920 2347 951 eam
2375 908 2426 950 ad
2458 909 2693 964 deprecan-

1439 977 1540 1020 dum
1558 978 1739 1030 excitat,
1770 992 1970 1024 asserens
1989 994 2034 1024 se
2056 981 2222 1035 largum
2247 994 2343 1024 esse
2374 982 2427 1024 ad
2466 981 2693 1024 conseren-

1440 1050 1540 1094 dum
1561 1053 1740 1095 multum
1758 1084 1770 1104 ,
1795 1052 1868 1109 qui
1895 1066 1940 1097 se
1957 1055 2073 1109 pium
2098 1054 2290 1096 exhibuit
2320 1055 2694 1111 adgremittendum

1440 1132 1678 1181 peccatum.
1706 1124 1920 1170 litantem
1953 1127 2082 1182 digna
2115 1126 2171 1170 sit
2194 1127 2402 1182 accipere,
2421 1127 2538 1182 quod
2569 1127 2692 1182 petit,
2749 1127 2751 1130 ’

1441 1211 1620 1242 0606556
1641 1204 1707 1242 est
1732 1203 1779 1242 ut
1819 1203 1862 1241 in
1888 1211 2020 1255 opere
2061 1201 2306 1243 sanctitatis
2330 1200 2483 1243 devota
2507 1200 2588 1252 sit;
2618 1212 2694 1242 au-

50 1306 58 1309 -
109 1275 290 1318 multum
309 1286 455 1331 grave,
494 1275 570 1318 sed
596 1281 639 1318 et
673 1274 939 1319 levissimum
977 1276 1101 1320 vobis
1122 1281 1216 1327 est,
1241 1274 1357 1332 quod
1382 1264 1415 1306 Β
1437 1270 1526 1313 diat
1542 1271 1767 1317 Dominum
1787 1273 2124 1328 praecipientem,
2154 1279 2198 1315 ut
2223 1278 2264 1317 et
2295 1274 2384 1328 ipse
2409 1285 2502 1317 eam
2544 1285 2695 1318 conse·

110 1347 173 1391 vel
191 1359 330 1403 pauco
342 1346 502 1392 dudum
512 1353 701 1403 tempore
712 1348 999 1392 intermittere
1010 1355 1195 1392 nontam
1210 1361 1355 1405 grave,

108 1432 238 1476 quam
260 1420 527 1476 impossibile
551 1418 646 1464 suit.
679 1419 814 1476 Cujus
853 1429 1028 1476 putatur
1052 1435 1149 1468 esse
1184 1423 1360 1467 sortitu-

106 1485 236 1544 dinis,
259 1493 375 1549 quod
397 1505 560 1550 asperae
579 1493 679 1538 huic
702 1496 1021 1541 conversationi
1040 1503 1083 1540 et
1109 1497 1244 1548 durae,
1269 1500 1358 1538 tam

53 1619 56 1622 ἢ
105 1563 196 1621 jugi
221 1560 440 1611 intimetis
461 1565 685 1616 exercitio,
711 1567 839 1623 eujus
876 1569 1094 1625 quondam
1129 1570 1196 1613 vei
1220 1568 1357 1626 parti·

108 1637 249 1683 culam
272 1638 485 1682 modicam
504 1649 595 1682 uno
618 1639 704 1690 die,
723 1641 791 1683 vel
828 1642 956 1686 etiam
983 1643 1232 1697 contingere
1258 1643 1359 1684 hor-

47 1715 49 1718 ·
107 1709 198 1753 rori
215 1708 325 1755 suit:
349 1710 436 1755 nisi
450 1710 583 1760 illius,
603 1711 676 1766 qui
692 1710 900 1761 Dominus
916 1712 1076 1757 dicitur
1093 1712 1136 1755 in
1159 1712 1356 1764 Psalmis,

109 1783 437 1840 fortitetpotens
457 1783 594 1842 (Psal.
618 1795 747 1835 xxm,
773 1783 834 1842 8),
861 1785 903 1828 in
930 1797 1017 1841 quo
1041 1791 1084 1829 et
1110 1797 1188 1829 vos
1218 1785 1359 1832 facitis

109 1855 328 1908 virtutem,
351 1857 470 1912 ipsos
492 1857 544 1900 ad
564 1855 747 1899 nibilum
784 1857 1013 1902 ducentem
1046 1856 1247 1902 inimicos
1286 1871 1361 1902 ve-

109 1929 254 1973 stros?
275 1928 415 1987 (Psoi.
438 1942 545 1982 cvu,
566 1930 656 1988 tt.)
968 1927 970 1929 ’

163 2001 218 2047 X.
250 2002 327 2048 His
349 2004 494 2060 itaque
513 2004 654 2051 modis
679 2005 911 2067 discissam
932 2003 1142 2055 Dominus
1173 2005 1360 2049 animam

109 2085 277 2134 reparat
301 2094 310 2121 ε
337 2084 549 2135 praestans
571 2080 626 2130 ei,
653 2085 700 2122 ut
718 2085 761 2123 et
778 2092 801 2122 a
823 2080 941 2123 vitiis
966 2092 1012 2122 se
1036 2080 1271 2132 contineat,
1289 2091 1346 2122 ro-

110 2151 189 2196 bur
202 2153 404 2205 virtutis;
423 2158 465 2196 et
488 2158 534 2196 ut
559 2154 603 2197 in
625 2154 858 2204 virtutibus
880 2165 929 2196 se
950 2157 1165 2204 exerceat,
1212 2152 1361 2195 hilari-

106 2227 239 2268 tatem
256 2223 512 2268 devotionis.
539 2224 717 2281 Oportet
738 2225 844 2280 jam,
865 2231 962 2281 post
985 2224 1091 2274 haec,
1119 2229 1164 2266 ut
1187 2233 1230 2267 et
1261 2236 1361 2279 pro—

110 2295 237 2340 ximis
256 2296 506 2340 benevolam
532 2309 577 2342 se
599 2297 815 2347 exhibeat,
842 2300 884 2339 et
906 2296 951 2338 in
982 2297 1049 2351 pia
1069 2308 1115 2339 se
1162 2308 1272 2340 verae
1296 2296 1359 2339 di-

109 2367 304 2419 lectionis
324 2371 623 2426 compassione
647 2369 700 2412 ad
724 2369 832 2411 alios
851 2367 1072 2419 extendat,
1098 2368 1192 2412 sine
1222 2367 1359 2411 offen-

108 2444 229 2488 sione
252 2457 297 2488 se
320 2445 522 2500 praebeat,
563 2445 689 2488 etiam
715 2446 799 2494 his,
822 2442 895 2498 qui
921 2443 1027 2487 foris
1049 2449 1164 2490 sunt,
1209 2447 1254 2485 et
1275 2442 1358 2495 his,

108 2517 181 2571 qui
205 2517 323 2561 intus
344 2534 352 2560 :
379 2518 472 2561 sine
491 2517 752 2562 offendiculo
771 2530 941 2574 quoque
958 2517 1014 2560 sit
1030 2517 1146 2560 omni
1161 2515 1363 2560 Ecclesiae

110 2586 199 2632 Dei.
218 2588 301 2634 Per
318 2591 462 2633 omnia
471 2591 526 2634 ad
544 2593 786 2647 exemplum
796 2590 918 2634 Pauli
936 2589 1138 2634 omnibus
1162 2589 1329 2645 placeat
1348 2603 1358 2632 ι

111 2662 206 2706 Non
230 2677 417 2720 quoerens
431 2665 539 2721 quod
563 2665 643 2707 sibi
675 2666 777 2711 utile
806 2672 884 2717 est,
905 2663 975 2706 sed
1002 2663 1110 2719 quod
1138 2663 1296 2714 ntattis,
1318 2670 1362 2706 ιιι

108 2737 213 2780 salvi
234 2741 315 2780 sint
339 2736 382 2795 (I
405 2737 503 2782 Cor.
531 2752 573 2790 x,
594 2738 682 2796 55).
703 2738 800 2786 Non
824 2738 939 2795 quod
964 2749 1109 2789 suum,
1147 2735 1224 2780 sed
1246 2736 1362 2792 quod

109 2812 286 2855 alterius
309 2817 389 2863 cst,
410 2818 605 2868 quaerat;
627 2811 779 2857 effecta
802 2812 884 2858 sibi
922 2817 1128 2868 tanqua-m
1165 2821 1243 2854 vas
1267 2821 1358 2866 per-

108 2884 267 2937 ditum,
292 2891 338 2928 ιιι
364 2897 439 2929 vas
463 2886 661 2931 omnibus
684 2891 852 2941 gratum
876 2890 918 2928 et
940 2885 1042 2929 utile
1075 2883 1162 2928 fiat.
1201 2882 1251 2926 Et
1285 2884 1364 2928 bo·

110 2971 191 3002 nus
209 2960 380 3015 quidem
398 2961 496 3012 iste,
521 2971 608 3015 quo
640 2960 784 3003 anima
803 2958 1043 3014 reparanda
1065 2963 1147 3010 est,
1189 2957 1358 3000 modus.

109 3031 216 3075 Cum
239 3034 355 3076 enim
382 3045 498 3085 eum,
534 3033 579 3076 in
596 3033 665 3076 sui
682 3031 956 3088 reparatione
986 3030 1159 3086 accipit,
1187 3029 1232 3073 fit
1251 3029 1362 3073 mira

111 3106 155 3148 in
179 3119 243 3158 ea,
263 3111 305 3150 et
324 3107 366 3149 in
390 3106 471 3149 hac
494 3111 616 3162 parte
631 3106 814 3149 mutatio
832 3105 1019 3149 dexteroe
1040 3102 1227 3147 Excelsi.
1266 3102 1361 3146 «lam

111 3180 225 3222 enim
249 3192 294 3223 se
319 3180 555 3236 postponit,
577 3187 622 3223 ut
647 3180 755 3223 alios
776 3184 1024 3234 praeponat,
1056 3176 1132 3232 qui
1172 3188 1218 3220 sc
1235 3182 1362 3219 antea

110 3259 151 3295 et
175 3254 321 3298 illicite
343 3254 559 3310 diligebat,
586 3259 628 3297 et
651 3253 702 3297 de
717 3253 811 3297 aliis
824 3266 910 3296 non
932 3251 1127 3295 curabat.
1152 3249 1246 3294 Jam
1260 3263 1362 3295 vero

111 3331 319 3381 qnantum
343 3325 397 3374 ad
422 3338 483 3377 56,
500 3326 547 3368 in
570 3330 739 3368 tautum
763 3324 1000 3375 moderata,
1034 3329 1243 3379 qnantum
1261 3335 1361 3367 vero

1439 1352 1622 1400 quenter
1660 1346 1812 1389 audire
1859 1346 2059 1402 dignetur
2098 1345 2397 1400 deprecantem
2416 1378 2426 1389 .
2464 1344 2662 1402 Alioquin
2681 1378 2692 1398 ,

1435 1418 1563 1469 sciat,
1590 1418 1698 1474 quod
1729 1420 1766 1461 si
1784 1421 1930 1461 avertit
1953 1432 2096 1461 aim-em
2115 1432 2254 1470 suam,
2290 1431 2339 1460 ne
2363 1419 2508 1462 audiat
2545 1419 2690 1475 leqem,

1439 1493 1573 1535 oratio
1586 1493 1674 1547 ejus
1689 1493 1767 1535 erit
1784 1492 2051 1536 exsecrabilis
2070 1493 2213 1550 (Prov.
2234 1505 2388 1544 xxvnt,
2408 1492 2468 1548 4).

1495 1565 1585 1610 ΧΠ,
1618 1566 1701 1610 Sed
1724 1567 1829 1611 dicit
1852 1566 2051 1612 fortassis
2069 1568 2227 1624 aliquis
2242 1574 2431 1612 vestrum
2454 1583 2463 1610 :
2489 1567 2589 1624 quid
2604 1568 2694 1612 haec

1439 1638 1586 1681 omnia
1609 1639 1660 1683 ad
1685 1640 2002 1695 expositionem
2027 1641 2223 1683 miraculi
2270 1640 2383 1695 quod
2424 1640 2616 1684 exhibuit
2652 1641 2695 1683 in

1439 1714 1567 1756 tertia
1591 1713 1939 1758 manifestatione
1968 1725 2046 1756 sua
2072 1713 2279 1758 Dominus
2297 1712 2452 1757 Jesus?
2475 1714 2565 1757 Imo
2590 1714 2698 1757 mul-

1437 1791 1532 1829 tum
1550 1788 1638 1831 baec
1659 1787 1711 1831 ad
1727 1799 1842 1831 eam.
1868 1787 2019 1831 Nonne
2058 1788 2111 1831 de
2135 1788 2297 1844 nuptiis
2321 1800 2415 1844 quae
2434 1787 2561 1831 sactae
2595 1791 2702 1834 sunt

1439 1860 1485 1903 in
1509 1859 1625 1903 Cana
1650 1858 1849 1913 Galiiaeae‚
1874 1861 2007 1914 hunc,
2032 1874 2163 1917 quem
2186 1861 2453 1905 babemusin
2477 1861 2694 1914 manibus,

1439 1934 1625 1990 ingressi
1650 1946 1800 1979 sumus
1817 1935 2093 1978 sermonem?
2112 1933 2173 1977 Ut
2189 1940 2330 1979 autem
2356 1936 2539 1991 qualiter
2554 1935 2695 1979 anima

1440 2010 1628 2053 humana
1651 2021 1810 2066 sponsa
1830 2011 1966 2066 possit
1989 2008 2082 2054 (ieri
2120 2010 2236 2054 illius
2275 2011 2442 2066 sponsi,
2481 2011 2553 2067 qui
2581 2009 2695 2057 Deus

1439 2089 1522 2133 est,
1550 2083 1844 2136 ostendamuS,
1867 2083 1957 2126 haec
1977 2083 2120 2126 omnia
2142 2083 2431 2138 praelibamus.
2461 2082 2568 2128 Nam
2599 2083 2694 2130 sine

1442 2159 1509 2201 his
1531 2158 1700 2202 duabus
1718 2159 1929 2213 personis,
1955 2163 2002 2200 ut
2027 2158 2166 2209 scitis,
2210 2157 2377 2213 Sponso
2423 2158 2621 2203 videlicet
2654 2164 2700 2206 et

1443 2231 1627 2286 Sponsa,
1648 2232 1862 2275 celebrari
1890 2232 2138 2276 nullatenus
2161 2218 2323 2287 nuptiae
2346 2235 2541 2286 possunt.
2565 2229 2700 2287 Igitur

1382 2334 1413 2378 C
1443 2310 1536 2359 pest
1576 2305 1661 2348 haec
1705 2304 1893 2347 animam
1927 2316 2129 2360 capacem
2174 2303 2276 2348 facit
2303 2302 2358 2346 ad
2404 2303 2696 2359 accipiendum

1442 2375 1557 2430 quod
1570 2375 1703 2427 dedi-t,
1729 2375 1803 2431 qui
1828 2388 1922 2420 eam
1948 2376 2163 2432 primitus,
2186 2380 2230 2419 et
2248 2380 2294 2418 ut
2319 2380 2450 2431 petat,
2481 2376 2696 2428 devotam,

1442 2458 1482 2491 et
1499 2455 1546 2510 ut
1572 2449 1794 2505 percipere
1816 2456 2049 2500 mereatur,
2065 2449 2195 2493 eflicit
2214 2450 2403 2505 dignam.
2445 2448 2603 2492 Dilatat
2640 2449 2701 2494 si·

1442 2535 1524 2567 nus
1541 2523 1636 2578 eJus
1661 2522 1714 2564 ad
1735 2524 1899 2579 largam
1919 2523 2261 2567 benedictionem
2286 2535 2424 2575 snam,
2455 2530 2502 2565 ut
2519 2535 2592 2568 eos
2608 2523 2700 2579 ple-

1442 2609 1521 2641 nos
1538 2602 1728 2653 reportet
1749 2614 1759 2638 ;
1780 2598 1873 2653 ipso
1891 2597 2019 2640 dante
2059 2597 2230 2652 colliget
2261 2597 2369 2647 haec,
2397 2596 2613 2651 aperiente
2646 2607 2698 2639 eo

1443 2681 1618 2714 manum
1636 2681 1775 2721 suam,
1802 2673 1844 2711 et
1864 2669 1955 2711 haee
1979 2669 2226 2724 implebitur
2237 2669 2429 2711 bonitate
2443 2667 2582 2725 (Paul.
2598 2680 2696 2719 cut,

1441 2739 1529 2796 28).
1551 2738 1635 2784 Sed
1653 2745 1824 2796 oportet
1852 2745 1899 2783 ut
1932 2740 2048 2796 quod
2080 2740 2261 2796 accepit,
2287 2739 2488 2792 retineat,
2535 2746 2577 2783 et
2609 2751 2698 2783 non

1442 2826 1491 2857 ea
1510 2819 1671 2871 temere
1693 2813 1899 2865 effundat,
1927 2826 1981 2856 ne
2021 2820 2229 2857 evacuata
2262 2813 2501 2857 inanescat.
2529 2811 2698 2856 Divitiae

1443 2889 1543 2928 sunt
1565 2884 1732 2936 salutis,
1757 2898 1866 2940 quas
1883 2898 1933 2928 ex
1957 2885 2074 2940 larga
2090 2896 2220 2926 manu
2244 2882 2359 2927 illius
2377 2882 2610 2938 praedivitis
2625 2896 2698 2926 ac-

1442 2965 1589 3014 ceptas
1606 2958 1720 3015 apud
1738 2971 1786 3002 se
1809 2957 2086 3014 congregavit
2104 2972 2114 2999 :
2134 2956 2331 3009 consulo,
2358 2962 2404 2998 ut
2439 2956 2484 2998 in
2508 2961 2603 2998 tuto
2620 2969 2697 3001 cas

1441 3030 1536 3073 1000
1557 3036 1738 3086 reponat
1759 3045 1769 3073 z
1790 3041 1878 3072 non
1903 3041 1976 3073 eas
1997 3028 2200 3071 immittat
2217 3023 2268 3070 ¹in
2302 3028 2523 3072 sacculum
2547 3033 2698 3084 pertu-

1441 3115 1536 3147 sum
1561 3102 1682 3159 (Aqq.
1709 3114 1740 3154 1,
1767 3101 1827 3161 6),
1855 3115 1910 3147 ne
1933 3101 2234 3154 effundantur,
2261 3106 2303 3146 et
2323 3101 2483 3144 effusae*
2514 3101 2556 3143 in
2580 3100 2697 3144 nihi·-

1441 3177 1528 3219 lum
1565 3176 1834 3232 redigantur.
1872 3174 2169 3232 Repraesentet
2198 3186 2273 3219 eas
2305 3187 2434 3231 quam
2462 3186 2573 3230 saepe
2598 3180 2699 3219 ante

1442 3250 1590 3293 oeulos
1614 3261 1716 3293 suos
1733 3284 1743 3302 ,
1768 3255 1815 3293 ut
1860 3250 1968 3293 sciat
2001 3249 2036 3293 si
2061 3249 2163 3305 quid
2200 3247 2245 3291 in
2270 3244 2333 3291 eis
2357 3248 2422 3291 vel
2460 3245 2530 3290 sur
2553 3246 2696 3290 immi-

1442 3329 1562 3371 nuat,
1597 3323 1664 3367 vel
1696 3323 1812 3365 tinea
1853 3323 1943 3366 sive
1979 3322 2131 3378 rubigo
2170 3328 2419 3375 corrumpat
2442 3318 2611 3376 (Matth.
2632 3333 2691 3371 vi,

113 3399 164 3442 ad
186 3400 309 3454 alios,
327 3400 370 3453 in
393 3405 558 3442 tantum
585 3399 747 3443 intenta
768 3404 861 3443 est:
885 3404 931 3440 ut
952 3398 995 3440 in
1016 3397 1099 3449 his,
1120 3409 1214 3452 quae
1238 3396 1292 3439 ad
1314 3409 1361 3442 se
1387 3404 1420 3449 ι)
1442 3395 1530 3453 20).
1556 3394 1588 3437 F
1593 3409 1659 3447 ur,
1701 3403 1910 3451 concepta
1959 3408 2035 3450 per
2071 3394 2240 3437 laudem
2275 3394 2526 3444 humanam,
2561 3393 2695 3436 nimia

110 3475 339 3529 pertinent,
364 3474 593 3518 admodum
610 3485 757 3529 parca,
782 3480 824 3518 et
855 3473 962 3517 nulli
995 3473 1164 3528 penitus
1197 3473 1359 3529 impor-

111 3554 214 3592 tuna
233 3565 242 3592 ε
267 3550 313 3592 in
335 3539 543 3605 hisvero,
571 3562 666 3605 quae
687 3549 741 3592 ad
760 3549 885 3600 alios,
904 3561 991 3592 non
1011 3548 1227 3592 modicum
1242 3548 1360 3604 larga

111 3628 152 3664 et
175 3623 358 3667 sollicita
379 3623 450 3667 sit.
483 3622 596 3677 Quid
635 3624 763 3667 etiam
784 3623 873 3679 jam
907 3623 959 3666 de
983 3622 1052 3667 sui
1090 3622 1362 3678 reparatione

114 3702 324 3752 superest,
345 3697 433 3740 nisi
458 3702 506 3740 ut
549 3696 718 3741 firmam
751 3697 804 3740 de
848 3697 972 3739 venia
1010 3696 1138 3751 206
1162 3695 1359 3738 fiduciam

111 3770 218 3814 bene
236 3772 315 3814 sibi
342 3771 516 3815 conscia
534 3771 763 3827 concipiat,
783 3771 959 3825 speique
983 3768 1240 3813 certitudine
1259 3767 1361 3812 sub—

112 3844 228 3895 nixa,
254 3850 498 3900 postremos
513 3844 566 3886 ab
582 3856 634 3887 eo
649 3856 821 3886 errores
844 3856 949 3886 5005
971 3842 1095 3897 plene
1110 3843 1191 3885 sibi
1215 3841 1359 3885 Indul-

113 3921 180 3960 tos
207 3928 292 3959 non
313 3916 545 3967 discredat,
572 3928 595 3958 a
611 3928 696 3972 quo
716 3921 805 3958 tam
823 3915 865 3958 in
905 3915 1135 3966 ablutione,
1161 3927 1290 3971 quam
1317 3914 1360 3957 in

114 3991 382 4046 reparatione
403 4002 497 4042 sua,
515 3996 577 4033 tot
592 3991 781 4046 taliaque
797 3990 909 4034 dona
928 3990 1008 4034 sibi
1031 3996 1259 4046 prorogata
1274 4001 1362 4031 non

114 4062 418 4117 ignorati’Jam
448 4064 765 4120 quodammodo
787 4077 885 4108 eum
911 4064 1108 4115 Domino,
1134 4070 1176 4107 et
1213 4063 1258 4106 in
1280 4063 1361 4106 hac

113 4135 207 4179 luce
244 4138 443 4192 septima,
472 4149 602 4192 quam
641 4137 984 4182 benevolentiam
1019 4124 1226 4181 vocamus
1258 4148 1360 4192 erga

113 4208 348 4261 proximos,
376 4221 400 4252 a
430 4210 578 4254 labore
610 4223 691 4254 suo
729 4211 798 4266 pie
834 4210 1110 4266 requiescat;
1134 4216 1176 4253 et
1209 4210 1255 4253 in
1279 4210 1360 4252 hac

115 4281 309 4336 septima,
338 4293 433 4338 quae
455 4288 573 4326 certa
591 4288 771 4326 vocatur
793 4283 846 4326 de
885 4283 1010 4326 venia
1043 4282 1215 4334 fiducia,
1251 4294 1273 4324 3
1291 4294 1350 4326 se-

115 4354 262 4408 pulcro
285 4355 465 4398 tristitiae
487 4361 699 4412 resurgat.

170 4421 240 4472 XI.
274 4425 345 4472 Sic
367 4429 633 4482 lota-ianime,
674 4435 714 4474 et
745 4431 805 4474 sic
846 4435 1057 4486 reparata,
1084 4441 1260 4474 necesse
1293 4433 1358 4472 est

1444 3469 1590 3511 lautitia
1609 3475 1674 3512 est
1695 3484 1703 3511 ι
1731 3469 1887 3524 rubigo
1902 3480 2006 3511 vero
2028 3473 2266 3517 contracta,
2307 3477 2384 3522 per
2416 3465 2696 3510 detractatio-

1441 3553 1539 3584 nem
1580 3540 1655 3598 [al.
1691 3539 2030 3597 detractionem]
2073 3540 2322 3588 humanam,
2354 3538 2489 3580 nimia
2517 3537 2693 3582 tristitia

1441 3621 1521 3657 est.
1548 3613 1646 3657 Haec
1669 3614 1781 3656 mala
1802 3613 2019 3657 thesauris
2037 3613 2200 3656 nostris
2217 3610 2475 3655 insidiantur
2490 3643 2502 3663 ,
2520 3611 2697 3667 agitque

1442 3691 1672 3735 dissolutio
1697 3691 1872 3745 lactitiae,
1893 3703 1948 3734 ne
1970 3689 2128 3733 bonum
2159 3693 2353 3731 nostrum
2371 3699 2526 3742 purum
2546 3687 2618 3738 sit,
2651 3694 2693 3731 et

1441 3763 1683 3807 amaritudo
1710 3764 1912 3812 tristitiae,
1935 3773 1990 3805 ne
2005 3761 2296 3805 voluntarium
2327 3759 2396 3801 sit.
2418 3757 2515 3801 Ideo
2548 3757 2691 3802 videat

1440 3838 1656 3894 quomodo
1675 3836 1787 3892 apud
1813 3849 1858 3880 se
1882 3836 1982 3886 sint,
2009 3846 2102 3890 quae
2119 3834 2309 3889 accepit;
2329 3837 2370 3876 et
2398 3837 2444 3874 ut
2483 3831 2692 3874 mundum

1442 3923 1488 3955 se
1513 3910 1672 3954 animal
1695 3909 1862 3965 probet,
1883 3908 2024 3951 cibum
2043 3911 2214 3951 revocet
2237 3907 2281 3948 in
2303 3917 2371 3956 os,
2389 3917 2515 3961 quem
2548 3911 2692 3949 trans·

1441 3985 1559 4028 misit
1583 3984 1635 4029 ad
1657 3988 1865 4039 ventrem.
1889 3980 1981 4024 Jam
2007 3981 2194 4023 animam
2208 3989 2337 4035 quam
2354 3978 2416 4022 sic
2432 3977 2552 4020 vidos
2567 3990 2692 4020 oran-

1440 4063 1542 4110 tem,
1569 4061 1899 4113 promerentem,
1920 4054 2178 4110 capientem,
2202 4053 2471 4103 retinentem,
2493 4050 2597 4094 satis
2611 4061 2691 4107 ap-

1440 4136 1527 4172 tam
1553 4143 1649 4174 esse
1678 4127 1996 4185 pronuntiabis.
2041 4185 2043 4187 ι

1497 4201 1601 4245 Χ111.
1636 4202 1842 4258 Superest
1864 4200 1952 4255 jam
1979 4207 2025 4241 ut
2056 4201 2379 4241 consummetur
2398 4226 2409 4245 ,
2453 4193 2593 4247 cnjus,
2638 4196 2688 4236 ut

1440 4278 1543 4320 milii
1562 4278 1744 4328 videtur,
1775 4274 2090 4320 consummatio
2126 4274 2168 4314 in
2194 4270 2260 4314 his
2279 4270 2417 4312 tribus
2448 4268 2646 4310 consistit
2672 4281 2684 4310 t

1440 4351 1483 4392 in
1509 4354 1753 4404 contemptu
1780 4346 2070 4403 praesentium,
2089 4344 2132 4384 in
2151 4339 2363 4384 desiderio
2383 4349 2683 4393 supernorum,

1442 4429 1482 4468 et
1512 4425 1555 4467 in
1594 4423 1717 4479 plena
1748 4420 1977 4464 dilectione
2009 4414 2269 4460 conditoris.
2323 4410 2563 4454 Arbitre‘tur
2597 4408 2685 4463 jam
