2924 4588
156 193 266 236 {tvl
327 188 364 227 Ὃ
493 198 521 233 s

1147 171 1309 215 PE‘rtu
1337 159 1690 214 cottESToms

2591 159 2699 204 tiss
2756 122 2758 125 Ι

224 281 435 328 'Additio
464 281 503 323 1.
526 277 635 330 Quia
656 275 830 330 qimam
874 280 1030 319 uirum,
1049 265 1223 322 quidam
1247 265 1390 314 plures
1411 266 1450 312 A
1474 268 1589 304 mata
1609 264 1867 312 stactem,et
1887 257 2071 318 onycha,
2099 256 2327 312 galbanum
2353 252 2454 298 boni
2475 255 2634 307 odoris,
2659 261 2703 299 ct
2762 252 2766 261 '

157 370 251 402 esse
277 357 448 405 rebant,
473 351 567 395 ideo
590 349 752 394 dicunt,
775 343 985 399 quotquot
1002 347 1141 382 erant

157 430 257 473 Car.
280 423 442 470 vatt.
476 421 561 464 D?
581 413 875 472 compositione
919 411 1070 454 altaris
1112 408 1302 461 incensi,
1344 413 1384 450 et

659 487 749 530 loco
772 484 877 540 ejus.

214 567 315 610 Post
332 563 511 607 vestium
542 557 927 614 compositionem,
953 552 1122 597 loeutus
1145 555 1211 594 est
1240 548 1387 593 Domi·

160 652 242 682 nus
266 637 317 680 ad
339 635 512 691 Moysen
533 666 543 684 ,
565 631 617 674 de
644 630 773 673 modo
794 624 1133 672 consecrationis
1157 622 1320 673 Aaron,
1346 628 1390 665 et

161 712 343 756 tiliorum
361 708 470 762 ejus,
493 703 607 760 qnod
626 703 677 746 ad
703 702 838 757 ipsam
861 696 1227 742 consecrationem
1246 695 1388 738 distu-

161 784 305 833 limus,
325 780 376 824 de
400 779 524 822 altari
549 788 682 821 aureo
707 779 1031 831 prosequentes.
1068 769 1245 812 Factum
1273 768 1388 810 enim

160 861 252 898 erat
277 855 357 896 hoc
392 851 522 894 altare
562 850 612 893 de
653 848 779 904 lignis
811 846 954 898 setim,
994 842 1156 887 liabens
1198 841 1390 886 cubitum

163 924 455 981 longitudinis,
476 932 517 965 et
535 920 715 963 alterum
741 916 996 968 latitudiriiS‚
1018 917 1058 960 id
1086 922 1151 958 est
1177 913 1392 982 quadrum

159 1005 204 1042 et
219 998 327 1041 duos
346 995 541 1039 cubitos
531 1007 571 1036 m
593 991 840 1045 altitudine,
875 989 1163 1044 vestitumque
1178 994 1270 1030 erat
1287 996 1393 1030 auro

164 1068 411 1126 purissimo,
444 1078 606 1109 cornua
631 1063 815 1115 habens,
843 1071 887 1106 et
914 1061 1165 1106 craticulam
1199 1068 1393 1111 auream,

163 1149 207 1187 et
225 1149 412 1191 catenas,
433 1145 473 1181 et
497 1137 695 1189 annulos,
722 1143 765 1180 et
783 1141 928 1178 vectes
949 1145 1105 1176 aureos
1123 1133 1256 1176 instar
1281 1130 1396 1186 prio·

165 1214 226 1258 ris
243 1211 399 1268 (Exod.
435 1210 552 1263 xxx).
595 1207 748 1251 Utrum
782 1218 882 1250 vero
921 1205 1088 1248 arulam
1131 1202 1321 1254 liaberet,
1341 1211 1396 1244 an

165 1284 330 1327 cineres
368 1281 582 1335 exciperet
615 1286 747 1331 terra,
782 1276 1031 1334 ambiguum
1062 1282 1143 1318 est.
1183 1272 1397 1328 Josephus

1464 334 1566 378 thus
1587 331 1929 383 lucidissimum
1955 330 2135 390 vqualis
2166 326 2366 384 poiideris
2396 326 2701 380 eruntomnia,
2759 354 2762 358 ›

1463 414 1507 448 et
1544 404 1587 447 in
1623 401 1923 447 tenuissimum
1964 401 2181 456 pulverem
2208 398 2446 453 contundes
2469 410 2520 444 ea
2545 398 2706 455 (Exod.

1465 477 1586 533 xxx).
1615 492 1630 520 ι
1654 475 1831 533 onycha
1859 473 1995 519 fertur
2033 485 2129 517 esse
2154 473 2338 517 ostreola
2363 471 2540 528 parvula
2574 482 2711 516 suave
2748 471 2758 530 ²,-

1465 549 1693 600 redolens,
1735 547 2029 603 magnitudine
2063 543 2242 588 humani
2280 542 2453 599 unguis,
2490 541 2622 594 unde,
2661 551 2716 586 et>
2760 564 2762 566 v

1468 621 1634 677 onycha
1668 619 1842 681 dicitnr,
1871 617 1972 675 quia
2018 629 2130 672 onyx
2168 618 2314 661 (ἐι-3303
2352 618 2502 677 unquis
2533 615 2707 661 dicitur·
2741 643 2755 679 „J

1470 692 1642 736 Staeten
1663 698 1729 735 est
1751 690 1931 746 gummi,
1963 689 2076 744 quod
2108 688 2200 731 fluit
2225 687 2278 731 de
2311 688 2502 743 myrrha,
2528 687 2644 743 qnod
2665 695 2708 734 et
2770 747 2775 750 Ι

1469 764 1644 823 myrrha
1665 763 1837 807 dicitur.
1867 760 2108 805 Galbanum
2134 772 2236 803 vero
2257 771 2414 805 succus
2436 766 2502 804 est
2542 758 2708 816 ferula,
2763 787 2766 790 ‹

1470 846 1514 883 et
1536 837 1731 882 nascitur
1751 835 1941 893 in,Syria
1970 835 2206 889 optimum,
2234 834 2601 891 cartillaginosum
2626 834 2712 879 sei·
2762 830 2771 867 ’ἑ

1470 911 1587 962 licet,
1606 916 1649 954 et
1672 909 1817 953 minus
1840 903 2072 964 lignosum,
2093 907 2218 962 eujus
2241 906 2376 951 odore
2405 904 2610 964 sugantur
2628 918 2715 952 ser·

1471 990 1636 1040 pentes.
1677 981 1831 1032 Fet-ula
1868 992 2058 1036 quoque,
2083 994 2180 1037 quae
2199 990 2241 1025 et
2258 981 2528 1035 foeniculum,
2554 982 2596 1026 in
2621 994 2717 1039 gar·
2771 1003 2774 1006 ·

1474 1067 1584 1113 gano
1622 1053 1840 1108 nascitur,
1876 1053 2002 1110 cujus
2022 1066 2179 1098 succus
2218 1054 2345 1099 vilior
2365 1060 2447 1099 est.
2471 1055 2588 1099 Thus
2613 1066 2714 1101 vero
2791 1038 2794 1042 ⁵

1475 1128 1789 1173 lucidissimum
1829 1127 2058 1183 optimum,
2098 1127 2212 1183 quod
2259 1127 2500 1172 masculum
2539 1127 2714 1182 dieitur,

1475 1202 1576 1257 quia
1605 1200 1744 1245 instar
1769 1200 1946 1243 humani
1971 1200 2154 1244 testiculi
2181 1201 2415 1245 rotundum
2439 1207 2521 1246 est.
2547 1200 2717 1245 Dicitur

1476 1274 1606 1317 etiam
1633 1272 1846 1316 Libanum
1867 1283 1892 1315 a
1914 1271 2079 1316 Libano
2102 1280 2250 1317 monte
2270 1271 2455 1326 Arabiae,
2470 1273 2515 1318 in
2537 1285 2626 1331 quo
2641 1285 2720 1322 nti·->

164 1355 327 1400 addidit
355 1353 466 1409 qnod
493 1365 567 1408 per
590 1351 771 1407 angulos
791 1350 986 1406 singulos
1009 1358 1194 1391 coronas
1219 1357 1294 1390 sex
1316 1345 1395 1387 ha·
1422 1342 1455 1387 B
1478 1347 1615 1392 scitur
1635 1347 1767 1390 arbor
1791 1345 1951 1400 thuris,
1977 1345 2032 1390 ad
2057 1345 2196 1390 aceris
2219 1346 2471 1401 qualitatem
2494 1338 2717 1405 perplexo,

167 1428 295 1472 bebat
320 1439 369 1470 ex
389 1438 494 1469 auro
515 1424 763 1481 purissimo,
788 1421 905 1479 quod
930 1419 1206 1477 singulariter
1224 1416 1335 1461 sorte
1355 1416 1398 1458 in

169 1500 316 1544 Exodo
338 1499 496 1542 dictum
524 1504 603 1549 cst,
624 1496 681 1540 ita
707 1510 717 1540 :
741 1510 754 1536 ι
783 1493 1019 1550 Faciesque
1042 1494 1079 1536 ei
1098 1502 1303 1536 coronam
1320 1501 1400 1533 au·

168 1586 283 1618 ream
312 1584 386 1628 per
411 1583 561 1628 gyrum
587 1572 615 1613 ⁸.
643 1584 658 1610 ι
677 1569 767 1612 Hoc
808 1567 942 1613 altare
967 1565 1192 1610 dicebatur
1218 1563 1398 1615 incensi,

170 1645 236 1691 vel
269 1644 572 1703 thymiamatis,
596 1641 699 1699 quia
736 1639 920 1696 singulis
942 1638 1093 1684 diebus
1117 1649 1244 1682 mane
1265 1643 1308 1680 et
1330 1646 1400 1679 ve-

169 1731 293 1776 spere
313 1718 365 1763 ad
397 1703 749 1762 consumendum*
766 1716 869 1772 iuge
885 1711 1165 1766 sacrificium,
1188 1709 1304 1768 quod
1328 1710 1404 1754 lle-

170 1794 244 1838 bat
265 1792 317 1836 de
351 1791 519 1835 duobus
542 1790 682 1845 agnis,
706 1800 835 1843 super
856 1785 960 1830 illud
984 1785 1222 1843 thymiama
1249 1783 1402 1826 incen-

173 1865 368 1916 debatur,
399 1862 714 1907 sanctiticatum
740 1860 935 1904 Domino.
958 1856 1149 1903 Fuerunt
1165 1865 1308 1901 tamen
1329 1855 1403 1912 qui

172 1938 362 1982 dicerent
384 1948 508 1980 niane
531 1935 668 1979 solum
702 1934 945 1983 incensum,
970 1929 1013 1975 id
1035 1938 1101 1976 est
1125 1930 1226 1973 thus
1247 1940 1404 1983 super-

173 2008 349 2066 imponi,
375 2020 550 2064 vespere
586 2019 703 2059 vero,
731 2019 808 2063 pro
847 2005 1056 2062 dignitate
1094 2002 1295 2047 'sacrificii
1334 2013 1405 2045 ve-

174 2081 352 2137 spertini
381 2080 630 2135 thymiama.
654 2082 866 2122 Caeterum
892 2085 1046 2123 utrum
1067 2077 1151 2121 hoc
1179 2075 1313 2119 altare
1336 2086 1413 2122 33·ι

175 2155 367 2197 sctint:·a
388 2159 537 2197 sancta
573 2159 838 2203 sanctorum,
859 2162 912 2195 an
953 2150 995 2194 in
1020 2148 1270 2194 sanctuario
1304 2159 1405 2191 eum

174 2224 433 2268 candelabro
476 2231 518 2267 et
564 2236 728 2276 mensa,
769 2222 908 2266 sancti
960 2222 1157 2266 videntur
1191 2221 1404 2266 dubitare.

175 2295 264 2341 Nec
278 2305 343 2342 est
368 2298 603 2353 putandum
629 2296 671 2339 in
697 2296 875 2340 dubium
902 2294 1071 2339 senisse
1091 2294 1195 2351 quin
1224 2300 1339 2338 esset
1362 2294 1413 2338 in'

1478 1419 1705 1463 ctintorto
1738 1417 1913 1462 vimine.
1962 1415 2023 1458 Ex
2068 1416 2137 1461 his
2180 1425 2367 1473 quatuor
2412 1418 2538 1462 tiebat
2581 1418 2720 1474 pulvis

1479 1491 1772 1551 thymiamatis
1807 1491 1962 1544 sancti,
2002 1489 2308 1547 prohibuitque
2337 1491 2546 1536 Dominus
2591 1491 2719 1546 tahm

1457 1567 1571 1611 -lieri
1595 1565 1954 1621 compositionem
1985 1564 2030 1608 in
2081 1574 2186 1608 usus
2231 1564 2476 1617 hominum,
2519 1564 2635 1620 quod
2681 1563 2719 1608 si

1481 1641 1579 1698 quis
1598 1640 1738 1686 simile
1763 1639 1940 1692 faceret,
1967 1645 2015 1683 ut
2038 1636 2173 1683 odore
2195 1638 2291 1695 eius
2314 1637 2548 1692 frueretur,
2566 1639 2726 1695 periret

1481 1714 1535 1758 de
1559 1713 1732 1770 populis
1750 1710 2028 1768 suis(ibid.).
2071 1710 2173 1755 lude
2207 1718 2274 1755 est
2305 1711 2419 1768 quod
2463 1711 2506 1756 in
2534 1710 2724 1774 Ecclesia

1482 1797 1569 1828 non
1593 1785 1722 1829 datur
1744 1783 1856 1828 odor
1881 1782 2023 1828 thuri-s
2048 1781 2260 1826 benedicti
2293 1794 2458 1839 sponso
2476 1789 2522 1826 et
2536 1794 2728 1839 spons-v,

1484 1857 1585 1904 lude
1614 1858 1745 1903 etiam
1768 1857 1975 1915 estquod
2007 1857 2154 1902 oblato
2188 1857 2316 1901 thure
2347 1857 2574 1919 benedictn
2595 1869 2728 1914 super

1486 1932 1636 1983 altare,
1652 1931 1688 1976 si
1708 1930 1941 1976 descendat
1959 1930 2225 1975 thuribulum
2243 1929 2295 1975 ad
2316 1930 2495 1976 clericos
2509 1930 2552 1975 in
2571 1932 2727 1985 choro.

1485 2008 1553 2049 rel
1577 2005 1629 2049 ad
1658 2005 1809 2057 131303,
1836 2003 1954 2048 aliud
1979 2003 2080 2048 thus
2109 2003 2204 2048 sine
2235 2001 2531 2049 benedictione
2562 2007 2728 2062 poncii-

1487 2080 1589 2123 dum
1609 2086 1691 2131 est,
1712 2083 1756 2122 et
1779 2078 2030 2122 hominibus
2055 2077 2320 2122 offerendum
2340 2072 2341 2075 ’

1563 2152 1669 2196 Ωιι».
1693 2149 1842 2196 thx.
1870 2151 1933 2195 De
1959 2151 2216 2207 confectione
2242 2158 2401 2196 saitctoe.
2421 2143 2650 2207 unctionis.

1545 2222 1820 2281 Unguentum
1840 2223 1972 2268 etiam
1994 2224 2265 2269 sanetumde
2282 2231 2469 2286 quatuor
2486 2211 2612 2270 liebat
2631 2237 2731 2269 aro·
2816 2251 2823 2281 3

1489 2297 1694 2342 matibus
1709 2296 1868 2351 (Exod.
1883 2299 2009 2363 xxa).
2023 2296 2182 2342 Aroma
2201 2309 2304 2343 vero
2321 2296 2482 2342 dicitur
2502 2297 2735 2355 quodlibet
2787 2342 2790 2343 ⁷

178 2370 447 2423 sanctuar-im
471 2381 568 2413 cum
604 2369 809 2413 Hebraeus
846 2369 928 2412 hoc
951 2369 1090 2421 dicat,
1121 2373 1164 2411 et
1195 2365 1410 2422 losephus
1489 2371 1771 2430 pigmentum,
1780 2358 1968 2430 quode]
1973 2361 2048 2416 dre
2063 2384 2142 2418 suo
2158 2372 2428 2426 aerainsscit,
2450 2363 2730 2432 quasiaetio-

179 2444 322 2500 plane,
346 2450 389 2487 et
409 2456 448 2500 px
442 2444 544 2487 :ima
569 2443 726 2499 positio
768 2443 1033 2486 tabernaculi
1062 2441 1172 2485 laeta
1210 2453 1234 2485 a
1267 2440 1411 2497 Moyse
1431 2427 1464 2472 C
1493 2457 1579 2488 ma.
1619 2442 1914 2488 Sumebantur
1947 2443 2125 2501 quidem
2165 2443 2386 2500 quingenti
2407 2442 2504 2487 ‘sicli
2527 2442 2734 2507 virgulto-

181 2519 336 2572 innuit,
357 2518 438 2562 nisi
462 2518 562 2574 quia
591 2517 778 2569 Paulus,
806 2515 858 2559 ad
893 2515 1114 2569 Hebraeos
1141 2515 1412 2560 thuribulum

183 2591 303 2647 ponit
339 2603 518 2634 aureum
563 2591 675 2634 intra
711 2597 909 2632 sanctum
953 2596 1200 2634 sanctorum
1250 2589 1414 2633 solum·

183 2664 346 2707 modo“
367 2663 512 2720 (llebr.
531 2663 607 2715 ιιι),
625 2662 771 2707 Potuit
791 2675 886 2707 esse
909 2675 1012 2707 sane
1035 2661 1150 2718 quod
1175 2662 1217 2707 in
1242 2661 1414 2718 templo,

186 2735 258 2781 ubi
282 2737 428 2780 omnia
450 2736 651 2793 ampliata
671 2734 863 2786 luerunt,
884 2743 927 2779 et
947 2735 1249 2792 multiplicata,
1264 2742 1419 2792 praeter

185 2810 317 2853 altare
335 2822 531 2861 aureum,
547 2807 662 2865 quod
685 2816 777 2853 crat
804 2816 926 2853 extra
950 2809 1117 2863 velum,
1144 2809 1197 2853 ad
1217 2809 1331 2866 quod
1352 2808 1418 2852 bis

188 2882 230 2924 in
254 2882 321 2924 die
343 2882 631 2926 necessarium
655 2888 747 2925 erat
770 2883 953 2938 ingredi,
981 2887 1074 2925 erat
1096 2882 1418 2938 superadditum

190 2954 451 2998 thuribulum
478 2953 519 2996 in
545 2954 679 3005 aditu,
697 2953 740 2995 in
760 2966 846 3009 quo
870 2966 1066 2997 summus
1084 2954 1289 2998 sacerdos
1314 2966 1420 3010 pru-

190 3039 285 3079 nas,
311 3034 351 3069 et
393 3026 641 3082 thymiama,
684 3037 779 3079 quae
822 3037 967 3068 secum
1008 3022 1171 3069 serebat
1213 3024 1419 3077 adoleret,

191 3099 362 3155 quando
387 3100 438 3141 ad
460 3099 661 3141 interiora
683 3098 957 3154 contingebat
980 3097 1119 3154 ipsum
1147 3106 1387 3153 penetrare.

245 3171 270 3199 Ψ
317 3170 487 3214 Addieio
530 3170 570 3213 1.
611 3168 811 3222 Quaedam
857 3169 1086 3213 eminentia
1143 3170 1197 3214 ad
1249 3170 1422 3215 modum

194 3245 311 3290 iahsi.

250 3318 283 3335 '⁶
307 3316 478 3361 Additio
507 3325 552 3359 :2
574 3314 778 3368 {trigenos
802 3315 844 3359 in
871 3316 1044 3360 homilia
1067 3316 1126 3360 De
1143 3317 1423 3361 tabernaculo.

201 3408 215 3433 ι
239 3390 366 3433 fiunt
383 3398 583 3446 praeterea
602 3391 780 3446 quaefi-;:—
771 3430 777 3433 ,
785 3389 1091 3436 elaminibus
1104 3390 1320 3444 distincta,
1333 3403 1430 3447 quae

1493 2530 1590 2562 rum
1614 2530 1655 2575 px
1646 2517 1780 2572 rimae,
1801 2517 1845 2561 id
1877 2522 1943 2562 est
1965 2517 2193 2582 praeeipuae
2223 2517 2428 2575 myrrha).
2456 2514 2507 2563 Et
2531 2525 2734 2574 estmyr-

1495 2594 1577 2637 rha
1598 2591 1744 2645 arbor,
1765 2603 1862 2647 quae
1889 2575 2037 2636 Graece
2055 2603 2225 2647 smyrna
2246 2591 2418 2644 dieitur,
2446 2585 2636 2647 quinque
2665 2601 2738 2634 cu·

1495 2664 1704 2720 bitorum,
1728 2676 1826 2722 quae
1841 2670 1908 2710 est
1931 2663 1977 2708 in
2000 2663 2177 2717 Arabia,
2202 2662 2329 2720 cuius
2356 2661 2539 2719 virgulta
2571 2662 2737 2724 Arabes

1495 2745 1714 2794 exurunt,
1755 2744 1802 2782 ut
1838 2737 1995 2782 melius
2029 2737 2242 2793 pullulent
2284 2742 2326 2780 et
2367 2733 2643 2789 fructificent,
2682 2746 2744 2785 cx.
2826 2733 2830 2738 ’

1497 2825 1681 2871 quorum
1725 2811 1866 2854 nitore
1899 2810 2060 2854 multos
2102 2808 2406 2852 contraherent
2446 2805 2783 2853 intolerabiles

1499 2886 1694 2938 morbos,
1722 2883 1806 2928 nisi
1823 2883 1945 2928 lunio
1967 2881 2152 2928 storacis
2181 2886 2477 2925 occurrerent.
2501 2879 2739 2928 Cinnamu-

1502 2960 1560 3004 mi
1591 2953 1765 3003 ducenti
1794 2955 2110 3015 quinquaginta
2142 2954 2253 3006 sicli,
2278 2960 2321 2998 et
2355 2951 2510 2997 calami
2545 2944 2750 3005 totidem,
2786 2979 2788 2982 >
2821 2978 2832 2984 -

1502 3034 1629 3077 casian
1653 3045 1754 3076 vero
1775 3031 2017 3089 quingenti.
2046 3029 2101 3074 Et
2139 3037 2207 3075 est
2230 3029 2553 3075 cinnamomum
2577 3019 2743 3096 virgul

1505 3113 1595 3149 tum
1618 3105 1766 3158 lndiae,
1795 3104 1862 3149 vel
1897 3101 2108 3160 Ethiopiae
2143 3102 2329 3147 duorum
2363 3093 2629 3154 cubitorum,
2671 3094 2741 3161 di·
2770 3090 2774 3093 ’

1504 3185 1623 3220 etum
1649 3177 1775 3232 qnasi
1795 3186 2149 3227 cannamomum,
2170 3175 2272 3231 qnia
2307 3174 2351 3217 in
2382 3169 2557 3217 modum
2595 3183 2745 3225 cannae

1505 3248 1686 3293 subtiles
1714 3248 1844 3292 habet
1875 3247 2092 3301 «alannus,
2130 3252 2174 3290 et
2208 3245 2453 3302 replicatos,
2499 3241 2573 3302 qui
2617 3238 2745 3290 fracti
2823 3287 2829 3290 ,
2878 3234 2879 3242 ’

1507 3323 1818 3378 spiramentum
1858 3321 2027 3365 visibile
2053 3320 2255 3366 reddunt
2291 3318 2498 3366 Calamus·
2492 3329 2619 3364 vero
2643 3320 2734 3378 spe

1507 3394 1596 3440 cies
1624 3394 1862 3439 aromatica
1882 3394 2006 3450 Juxta
2045 3393 2274 3437 Libanum.
2319 3391 2446 3437 Casia
2480 3390 2524 3435 in
2569 3381 2759 3448 aquosis

199 3462 463 3521 appellantur
499 3470 662 3542 saneta,
700 3471 742 3507 et
785 3466 867 3508 alia
914 3463 974 3508 ni.
962 3463 1195 3507 ‘ziinminus
1239 3464 1427 3509 tte-,eundo
1455 3491 1487 3535 n
1510 3468 1719 3521 nascitur,
1737 3474 1893 3512 crescit
1909 3478 1952 3511 ιιι
1971 3479 2249 3520 immensum
2269 3465 2446 3510 odorem
2467 3462 2622 3509 reddit.
2638 3461 2748 3521 Bau
2779 3465 2782 3467 ’

199 3535 384 3578 distenta
403 3537 518 3578 velas
515 3531 612 3578 nin
617 3546 751 3592 ,quae
770 3534 971 3580 dicuntur
992 3543 1141 3581 sancta
1159 3543 1425 3581 carnotorum.

199 3607 442 3653 collocatur
474 3609 733 3653 intrinsecus
758 3620 872 3663 arta,
897 3621 1023 3666 supra
1044 3622 1174 3667 quam
1205 3610 1429 3656 cherubim

201 3683 389 3725 extensis
414 3682 493 3726 alis
526 3694 619 3726 sese
651 3683 831 3726 invicem
868 3683 1211 3739 contingentibus
1234 3692 1431 3729 statuun—

204 3760 288 3807 tur,
315 3753 456 3809 ibique
482 3767 532 3797 cx
567 3766 674 3797 auro
692 3755 784 3798 velo
810 3750 925 3798 basis
955 3752 1097 3799 tabula
1119 3756 1316 3812 quaedam
1339 3759 1432 3800 eol-

204 3825 383 3879 locatur‚
409 3839 504 3881 qnae
534 3828 771 3882 appellatur
801 3828 1175 3884 propitiatorium,
1197 3830 1271 3873 sed
1295 3827 1350 3872 ad
1371 3826 1434 3871 al-

206 3905 295 3941 tare
340 3911 515 3942 aureum
555 3901 735 3944 incensi.
777 3898 997 3944 Praeterea
1029 3904 1072 3944 in
1100 3902 1302 3947 exteriori
1338 3903 1436 3948 loco

208 3971 509 4013 candelabrum
533 3972 705 4026 ponitur
731 3982 928 4026 aureum,
954 3973 996 4016 in
1018 3982 1137 4029 parte
1160 3975 1362 4029 australi,
1390 3982 1438 4020 ut

211 4041 407 4097 respiciat
444 4044 496 4086 ad
536 4045 777 4099 aquilonem

214 4193 380 4229 necnon
414 4187 547 4230 altare
572 4189 918 4234 holocaustorum
946 4189 1070 4247 juxta
1111 4193 1301 4236 velamen
1331 4194 1442 4237 inte-

215 4266 308 4302 rius
329 4259 519 4312 ponitur.

315 4327 420 4373 Gn*
437 4327 614 4376 vattt.
645 4335 704 4378 De
718 4339 1018 4393 compositione
1035 4338 1336 4394 thymiamatis.
1375 4371 1379 4375 »

273 4398 335 4443 93
347 4404 655 4457 compositione
672 4419 774 4450 vero
791 4409 1086 4466 thymiamatis
1115 4411 1252 4455 sancti
1274 4412 1446 4456 loeutus

218 4478 284 4515 e'st
311 4468 518 4517 Dominus
549 4477 602 4519 ad
642 4477 812 4534 Moysen
844 4481 1031 4525 dicens.
1051 4496 1069 4523 ο
1091 4483 1224 4528 Scine
1246 4483 1324 4527 titii
1346 4493 1448 4528 tro-

791 4077 803 4098 ,
834 4043 880 4090 in
919 4055 1043 4102 parte
1088 4061 1191 4092 vero
1224 4049 1458 4106 aquilonis-

212 4124 358 4157 mensa
382 4114 639 4168 collocatur,
666 4124 706 4159 et
730 4119 966 4173 propositio
994 4131 1153 4176 panum
1179 4130 1309 4176 sumt*
1323 4132 1460 4174 eam,-

1511 3541 1685 3586 redaota
1712 3542 1756 3585 in
1775 3541 1995 3597 pulverem
2015 3551 2112 3584 cum
2137 3539 2234 3585 oleo
2255 3539 2484 3591 olivarum,
2502 3544 2601 3581 cum
2624 3547 2750 3580 men-

1510 3625 1613 3659 sura
1641 3610 1743 3669 liin,
1770 3612 2113 3659 conficiebantur
2142 3625 2272 3671 opere
2299 3611 2588 3670 unguentarii,
2617 3616 2661 3656 et
2682 3609 2750 3657 di-

1511 3687 1693 3732 cebatur
1710 3677 1909 3731 sanetum
1947 3685 2167 3732 unctionis
2193 3685 2353 3740 oleum,
2391 3685 2459 3730 vel
2483 3682 2749 3742 unguentum

1513 3765 1729 3814 sanctum,
1753 3758 1807 3803 de
1822 3759 1950 3814 cujus
1975 3773 2054 3804 usu
2081 3759 2177 3804 loeo
2200 3758 2281 3806 suo
2299 3758 2513 3804 dicemus·
2538 3755 2752 3815 losepbus

1513 3835 1643 3878 etiam
1668 3831 1912 3877 balsamum
1938 3834 2096 3888 apponi
2125 3832 2243 3877 thcit.

1825 3903 1927 3950 Cn.
1955 3902 2084 3949 Lxx.
2107 3902 2165 3949 Do
2182 3904 2294 3948 labio
2321 3910 2451 3948 oeneo'.
2510 3905 2511 3909 ’

1577 3969 1593 4019 ι
1616 3976 1807 4023 Locutus
1834 3984 1901 4023 est
1924 3974 2083 4023 iterum
2122 3974 2332 4022 Dominus
2353 3976 2404 4021 ad
2423 3972 2642 4035 Moysen:
2672 3974 2755 4020 Fa·
2780 4035 2783 4038 Α
2876 3991 2878 3993 ·

1517 4051 1609 4096 cies
1633 4056 1678 4095 et
1700 4047 1863 4095 labium
1886 4060 2054 4095 aencum
2076 4062 2174 4094 cum
2201 4050 2293 4093 basi
2331 4060 2408 4094 sua
2451 4046 2608 4106 (Exest.
2647 4049 2751 4104 xj,-

1520 4133 1597 4166 ναι
1618 4119 2074 4178 scilicetlavatorium,
2107 4122 2224 4178 qnod
2261 4120 2391 4166 etiam
2427 4118 2543 4166 luter
2581 4120 2757 4182 dicitur,
2790 4111 2795 4115 ’

1522 4195 1638 4250 quod
1659 4200 1752 4239 erat
1791 4185 1905 4239 intei-
1939 4191 2283 4248 tabernaculum,
2314 4200 2359 4239 et
2378 4194 2513 4238 altare
2532 4189 2758 4237 'holocau-

1522 4273 1706 4319 storum,
1723 4264 1767 4314 ia
1786 4275 1876 4323 quo
1895 4264 2027 4311 missa
2053 4276 2181 4320 aqua,
2200 4263 2400 4310 lavabant
2410 4262 2652 4309 sacerdotes
2667 4262 2757 4307 ma-

1523 4347 1607 4382 nus
1631 4351 1733 4384 snas
1750 4347 1794 4384 et
1819 4338 1967 4396 pedes,
1990 4346 2130 4384 vestes
2152 4345 2326 4385 sanctas
2346 4339 2580 4394 accepturi,
2623 4341 2671 4380 ut
2688 4346 2760 4383 sa·
2782 4338 2785 4341 ⁴

1524 4411 1799 4467 criticas-ent,
1836 4411 2038 4456 similiter
2080 4412 2279 4469 ingressu
2325 4407 2682 4461 tabernaculum,
2716 4415 2761 4452 et

1528 4486 1761 4539 egressuri,
1785 4484 1903 4541 quod
1928 4481 2091 4558 dicitur
2106 4480 2267 4531 tactum
2285 4483 2348 4529 de
2382 4481 2572 4540 speculis
2607 4478 2761 4525 ιιιιιῑιο-
2787 4473 2792 4479 ’
