2924 4588
135 0 217 32 wo
907 0 1129 36 UMUHLS

1503 0 1621 40 ‚w
1614 0 1772 41 tritus
1802 0 1986 43 EVANG
2626 7 2710 52 506

124 79 182 131 ei,
207 84 255 123 ut
276 77 461 123 dominae
483 81 583 130 tuae,
607 75 737 119 matri
761 82 904 120 autem
926 79 1064 121 meae?
1095 77 1220 123 Matri
1246 81 1372 125 etiam
1398 90 1434 136 Α
1454 97 1582 141 quem
1602 85 1813 154 virginem
1831 88 1974 145 elegit,
1998 88 2208 145 virginem
2233 103 2404 148 semper
2421 105 2670 139 conservat·
2663 97 2708 150 ',t

120 164 203 198 cur
222 164 311 196 non
332 151 458 203 dicis,
486 150 616 195 Utere
642 149 849 193 famulatu
873 149 1074 207 discipuli
1097 153 1200 205 mei,
1241 162 1287 198 ut
1311 154 1373 198 sa·

123 225 228 270 muli
249 232 293 270 et
318 224 431 268 servi
452 224 540 267 tui!
567 222 642 267 sed
665 223 791 279 longe
815 222 1112 268 honorabilius
1134 231 1176 268 et
1201 224 1372 271 favora-

123 301 251 345 bilius
286 311 442 344 sonare
474 297 662 351 videtur,
695 296 811 353 quod
846 295 956 341 dicis
988 297 1041 341 de
1073 298 1287 356 discipulo
1318 300 1373 344 ad

121 381 334 419 matrem:
363 372 468 416 Ecce
493 372 608 428 filius
633 361 823 428 ttiusjet
849 370 903 414 de
934 375 1073 416 matre
1103 371 1157 415 ad
1181 372 1373 428 discipu-

121 448 241 500 lunt;
272 434 383 496 Ecce*
400 452 534 488 muter
553 453 642 490 tua.
684 443 835 490 Nonne
859 445 940 489 hoc
963 451 1030 490 est
1053 445 1371 502 quodammodo

122 507 267 564 dicere
294 534 304 562 :
334 516 482 574 Usque
501 516 630 561 modo
657 516 736 561 tibi
768 516 979 561 assistens
1007 529 1094 560 non
1129 517 1266 561 solum
1293 517 1372 562 tibi

115 593 212 648 iure
234 589 348 633 filius
377 589 454 642 fui,
482 590 558 635 sed
583 594 627 634 et
644 589 846 634 devotum
868 601 938 633 me
960 589 1038 633 tibi
1063 590 1197 632 lilium
1221 589 1265 632 in
1289 580 1371 632 ob·

118 663 339 721 sequendo
355 663 529 707 exhibui
552 679 564 708 :
588 675 704 708 nunc
718 675 838 715 vero,
866 663 967 719 quia
984 663 1073 715 hic,
1099 668 1146 707 ut
1168 662 1306 712 vides,
1324 662 1368 705 iu

117 740 199 784 hac
222 750 351 782 cruce
379 738 558 790 morior,
590 745 634 782 ει
657 749 682 780 a
703 743 746 780 te
767 736 975 781 recedens
997 736 1282 792 corporaliter
1306 741 1372 780 te-

115 825 216 858 cum
234 825 322 856 non
342 824 457 863 sum,
481 812 580 855 nolo
605 818 666 860 ut,
694 813 891 866 quamvis
914 804 982 854 m'e
1004 810 1058 853 ad
1081 820 1272 865 praesens
1292 800 1372 851 ha·

116 886 218 931 bere
253 898 342 929 non
370 891 510 942 potes,
543 885 638 929 sine
676 884 761 926 filie
796 894 1066 939 permaneas.
1102 881 1236 926 lstum
1273 883 1370 925 loeo

113 971 210 1004 meo
227 960 336 1004 habe
359 971 438 1016 pro
460 959 565 1014 silio,
598 964 641 1003 et
665 964 710 1002 tu
734 959 828 1002 loco
853 969 948 1002 meo
971 958 1080 1001 habe
1105 969 1185 1013 pro
1213 962 1366 1000 matre.

113 1029 238 1076 Nulla
262 1031 358 1083 tihi,
387 1042 413 1076 o
451 1038 590 1074 mater
608 1062 620 1083 ,
644 1029 984 1073 intermulieres
999 1038 1078 1085 par
1093 1033 1159 1071 est
1178 1062 1190 1081 ‚
1222 1028 1370 1071 nullus

111 1110 157 1150 tc·
196 1104 310 1150 inter
339 1117 414 1149 eos
448 1104 524 1161 qui
548 1103 611 1148 tui
645 1115 774 1148 sexus
822 1106 938 1154 sunt,
975 1113 1003 1144 o
1043 1100 1281 1156 discipule,
1322 1099 1366 1142 in

111 1259 182 1305 ut,
217 1251 320 1296 dum
344 1253 417 1295 illa
440 1252 486 1296 in
515 1264 620 1296 sexu
649 1250 849 1302 femineo,
882 1250 926 1293 in
968 1247 1183 1306 corporali
1215 1249 1363 1294 incor-

74 1357 77 1360 -
104 1319 334 1382 ruptione,
355 1337 441 1369 non
467 1324 596 1368 habet
629 1335 774 1380 parem
792 1356 804 1376 ,
825 1329 872 1366 tu
889 1333 992 1366 vero
1019 1321 1064 1365 in
1096 1321 1360 1370 masculino,

106 1402 287 1453 excepto
344 1409 414 1440 me
431 1427 444 1448 ,
483 1408 571 1439 non
624 1394 789 1439 habens
843 1394 1138 1451 superiorem„
1177 1393 1362 1437 invicem

107 1469 449 1526 conjungamini.
511 1468 711 1513 intendat
770 1468 893 1524 virgo
963 1458 1130 1524 Virgini
1146 1500 1157 1519 ,
1218 1467 1363 1511 Mariae

106 1541 313 1595 Joannes,
336 1542 468 1586 Maria
486 1542 669 1586 Joanni:
689 1542 761 1585 illa
779 1541 931 1586 affectu
951 1546 1171 1596 materno;
1198 1548 1240 1585 tu
1259 1554 1360 1586 vero

106 1617 315 1672 obsequio
337 1622 382 1660 et
400 1628 503 1659 cura
528 1614 663 1658 liliati.
1113 1607 1116 1610 ’
1286 1608 1288 1610 ’

164 1689 235 1734 tx.
268 1689 377 1743 Quid
399 1689 550 1732 adhoc
575 1687 736 1739 dicitis,
763 1687 838 1731 sitii
855 1685 1006 1740 Adam,
1022 1700 1157 1744 genus
1181 1699 1359 1731 avarum

105 1772 150 1809 ct
175 1762 468 1815 ambitiosum,
499 1764 572 1806 filii
609 1762 738 1805 alieni
763 1767 806 1806 ει
829 1754 1079 1815 inveterati,
1104 1763 1247 1808 inanis
1269 1764 1361 1819 glo-

0 1847 5 1850 ·
61 1880 63 1882 ,
105 1839 183 1883 riae
201 1838 363 1895 cupidi,
386 1838 567 1882 invicem
594 1843 894 1894 provocantes,
910 1837 1094 1881 invicem
1119 1835 1359 1880 invidentes

104 1907 220 1966 (Gal.
257 1921 300 1959 v,
325 1908 416 1966 26),
455 1909 640 1954 honores
676 1913 941 1966 appetentes,
970 1908 1200 1956 mendaces
1230 1915 1359 1965 atque

103 1982 296 2043 fugaces,
336 1989 592 2039 respuentes
630 1994 824 2035 veraces,
859 1982 963 2040 qnia
999 1982 1215 2034 coelestes,
1257 1983 1357 2039 quia

105 2063 403 2114 permanentes
423 2057 441 2099 ‘2
466 2055 504 2100 Ο
542 2069 619 2113 pro
643 2062 807 2113 quanto
827 2057 1033 2108 habetur,
1059 2050 1158 2101 cuin
1191 2057 1358 2101 obtinet

102 2129 260 2186 aliquis
282 2130 424 2173 locum
445 2129 753 2173 lamiiiaritatis
777 2128 891 2186 apud
913 2129 1107 2182 divitem,
1131 2141 1230 2173 cum
1255 2142 1352 2186 gra·

101 2202 206 2246 tiam
233 2202 396 2246 invenit
437 2202 551 2259 apud
583 2203 749 2259 regem!
782 2201 920 2255 Quam
948 2202 1083 2253 bene,
1135 2203 1352 2259 inquiunt,

102 2275 185 2322 iste
202 2283 268 2320 est
291 2287 390 2320 cum
414 2278 536 2332 rege!
563 2288 664 2320 ecee
686 2277 910 2338 :equaliter
933 2277 1122 2320 corridet
1144 2284 1185 2321 et
1209 2279 1358 2334 coiijo-
1381 2259 1411 2302 C

39 2398 41 2402 ,
101 2348 317 2394 condatur
347 2350 384 2394 ei
417 2363 508 2395 rex.
541 2349 680 2402 Quam
702 2350 774 2393 hic
803 2350 1027 2395 familiaris
1050 2356 1117 2395 est
1135 2351 1192 2403 ei,
1218 2358 1258 2396 et
1284 2366 1358 2396 rex

103 2432 204 2464 cum
221 2433 272 2466 eo
293 2423 303 2464 l
330 2422 400 2465 cui
418 2422 500 2466 iste
523 2421 712 2466 offensus
728 2427 810 2473 εει,
833 2427 876 2464 ει
899 2420 1099 2474 infestus,
1127 2435 1206 2466 nec
1220 2425 1258 2466 ei
1283 2437 1358 2467 rex

104 2500 283 2552 pacatus
305 2500 388 2547 est,
413 2494 478 2539 vel
501 2494 613 2551 pius.
652 2494 704 2537 Et
726 2493 763 2539 si
789 2494 848 2537 ita
870 2500 938 2539 est
961 2511 971 2548 ;
992 2496 1095 2552 qnid
1119 2504 1259 2541 tamen
1289 2498 1358 2541 hic

103 2566 259 2611 stabile
275 2573 317 2610 et
344 2567 592 2611 sincerum?
613 2579 663 2610 ac
685 2580 762 2623 per
783 2567 866 2612 hoc
888 2568 990 2624 quid
1016 2570 1292 2626 approbabile
1315 2577 1357 2614 et

102 2639 424 2696 appetendum?
464 2640 617 2686 Nonne
648 2656 759 2700 saepe
793 2645 1008 2700 contingit
1044 2650 1091 2687 ut
1126 2645 1199 2699 qui
1230 2644 1357 2688 hodie

105 2724 238 2769 prope
268 2718 368 2755 sunt
393 2725 491 2757 cras
515 2715 642 2771 longe
666 2715 806 2759 liant?
839 2721 881 2760 et
906 2718 978 2773 qui
1007 2717 1097 2760 heri
1125 2717 1355 2761 familiares

102 2786 278 2831 fuerunt
295 2793 337 2830 et
360 2786 602 2841 domestici,
621 2789 748 2833 hodie
774 2790 918 2834 hostes
931 2792 1019 2834 sint
1034 2795 1075 2832 et
1092 2789 1357 2833 adversarii?

98 2859 266 2905 Crebra
287 2860 340 2904 de
363 2860 432 2906 bis
450 2862 643 2916 quotidie
675 2862 876 2906 videntur
903 2865 1115 2920 exempla.
1155 2862 1239 2907 Sed
1263 2869 1357 2908 stu·

103 2931 203 2978 dete·
221 2931 454 2977 familiares
479 2940 522 2977 et
554 2935 681 2978 amici
710 2947 807 2979 esse
830 2935 923 2987 Dei,
955 2938 1201 2981 contendite
1223 2937 1356 2981 disci-

104 3006 195 3062 puli
207 2996 482 3051 etdomestici
500 3020 598 3052 esse
612 3006 790 3052 Christi.
805 3009 1046 3061 Quomodo,
1057 3010 1218 3060 dicitis,
1233 3010 1356 3054 Chri-

102 3078 160 3122 sti
187 3079 316 3123 amici
346 3092 442 3124 esse
466 3080 703 3135 poterimus
726 3087 768 3125 et
791 3082 1020 3138 discipuli?
1054 3083 1211 3127 Audite
1245 3097 1356 3140 que-

105 3149 253 3194 modo:
280 3150 328 3194 Si
351 3153 588 3194 nufnseritis
620 3151 664 3194 in
697 3165 886 3198 sermone
906 3147 1013 3210 ejus,
1048 3168 1138 3198 rere
1160 3155 1355 3210 discipuli

101 3221 193 3278 ejus
222 3223 338 3266 eritis
361 3223 505 3282 (Ioan.
538 3237 634 3276 vm,
660 3225 759 3280 51>3
793 3232 835 3270 et
865 3227 1038 3284 quidem
1064 3230 1102 3272 si
1127 3229 1179 3271 de
1202 3230 1353 3274 anneis

104 3296 261 3351 agitur,
283 3297 351 3340 vel
367 3297 495 3341 antici
512 3298 607 3356 ejus
626 3298 755 3350 estis,
775 3300 812 3342 si
829 3299 1007 3354 feceritis
1038 3314 1128 3358 quw
1147 3304 1230 3357 ipse
1246 3315 1353 3356 ‚niw-
1381 3328 1413 3370 D

104 3370 210 3424 cepit
239 3370 350 3414 vobis
383 3370 527 3428 (Ioan.
558 3386 629 3425 xv,
667 3375 769 3432 lt);
803 3374 1114 3430 promissiones
1137 3378 1230 3430 ejus
1261 3376 1354 3419 istae

103 3439 229 3488 sunu
248 3442 435 3490 Sanctus
459 3452 599 3490 autem
623 3447 810 3493 Joannes
835 3449 1133 3492 mandatorum
1159 3449 1252 3503 ejus
1275 3449 1354 3492 ob-

103 3515 403 3561 secundationi
441 3518 678 3572 insistens,
715 3521 811 3576 eius
851 3527 894 3564 et
932 3521 1170 3578 discipulus
1203 3522 1282 3565 suit
1312 3530 1353 3566 et

105 3586 287 3638 amicus,
317 3593 359 3631 et
389 3588 550 3633 honore
577 3591 705 3648 136
729 3593 781 3634 ab
804 3603 855 3635 eo
877 3605 963 3635 non
990 3592 1163 3648 quidem
1184 3594 1351 3649 impuro

104 3662 148 3699 et
173 3656 378 3711 instabili,
406 3662 478 3704 sed
502 3663 674 3706 sincero
699 3671 741 3707 et
763 3665 942 3721 perenni
967 3666 1201 3708 honoratus
1227 3666 1322 3710 fnit.

162 3729 216 3773 X.
249 3730 302 3774 Et
323 3739 390 3777 εει
407 3733 479 3777 hic
501 3735 656 3791 triplex
686 3731 858 3788 modus,
899 3750 1025 3793 quem
1048 3739 1234 3782 breviter
1259 3740 1353 3782 atti-

107 3803 262 3858 gimus,
286 3817 371 3861 quo
388 3818 486 3850 eum
510 3807 554 3850 in
575 3809 662 3858 vita
686 3797 928 3860 honoravit,
952 3809 1214 3854 conferendo
1236 3811 1355 3855 vide·

108 3876 208 3923 licet
232 3878 287 3932 ei,
324 3879 438 3925 inter
459 3880 594 3924 multa
615 3882 716 3933 alia,
750 3882 908 3938 quibus
937 3895 1037 3926 eum
1063 3883 1231 3934 ditavit,
1252 3896 1352 3940 gra-

107 3951 264 3994 tiarum
303 3964 482 3996 suarum
518 3965 715 4004 munera,
751 3954 1041 4009 virginitatem
1076 3955 1122 3998 in
1151 3968 1347 4012 corpore,

107 4025 338 4080 puritatem
359 4025 405 4069 in
426 4033 584 4079 mente,
610 4026 882 4071 dilectionem
906 4027 950 4072 in
974 4028 1144 4072 sincera
1167 4028 1350 4073 faniiiia-

107 4096 251 4149 ritate,
280 4099 387 4150 sive,
417 4099 456 4142 si
480 4099 539 4143 ita
564 4100 718 4148 melius
742 4101 915 4153 dicitur,
947 4101 1281 4145 familiaritatem
1305 4101 1350 4146 in

109 4170 278 4213 sincera
297 4171 542 4218 dilectione.
561 4172 614 4216 Et
636 4174 914 4218 stabilitatem
935 4174 974 4217 ei
1000 4174 1182 4218 contulit
1203 4175 1247 4218 in
1271 4186 1351 4229 pu-

110 4243 251 4295 ritate,
276 4250 458 4287 mentem
479 4244 574 4299 eius
600 4245 643 4287 in
666 4245 1025 4300 contemplatione
1047 4244 1174 4290 lixam
1205 4253 1349 4290 custo·
1383 4277 1386 4280 «

110 4314 249 4365 diens,
282 4314 558 4372 stabilitatem
585 4316 862 4360 nihilominus
892 4316 934 4359 in
958 4315 1220 4372 virginitate,
1248 4316 1349 4371 quia

1453 155 1509 198 ab
1532 156 1650 199 omni
1671 158 1845 212 penitus
1881 157 1998 214 quod
2020 160 2214 215 polluere
2233 175 2333 206 eum
2356 169 2541 219 poterat,
2560 172 2711 209 conta·

1453 227 1524 282 gio
1545 225 1814 272 defendens·
1804 229 2156 283 ,familiaritatis
2191 233 2230 277 ei
2255 234 2369 279 inter
2390 236 2710 293 condiscipulos

1452 299 1549 355 ejus
1570 295 1895 356 praerogativam
1923 302 2149 359 impendit,
2169 318 2256 350 non
2281 307 2438 359 solum,
2465 315 2510 352 nt
2531 310 2621 365 jam
2643 311 2706 354 di-

1452 375 1568 413 ctum
1589 376 1671 423 est,
1701 384 1799 416 cum
1824 378 2008 427 caeteris,
2047 378 2125 422 sed
2155 382 2199 422 et
2228 391 2316 434 prae
2342 380 2510 424 caeteris
2535 381 2580 424 in
2603 380 2703 426 dile⁴

1451 443 1596 488 ctione
1617 457 1716 488 eum
1740 452 1783 489 et
1807 444 2102 494 familiaritate
2119 451 2399 506 amplectens.
2421 451 2526 506 Quae
2547 453 2631 498 sibi
2648 454 2710 497 ita

1452 514 1602 569 fuisse,
1641 519 1772 562 verba
1794 532 1890 576 quae
1921 521 1974 565 de
1994 519 2049 565 eo
2082 523 2278 580 legimus,
2303 530 2578 579 attestantur,
2613 533 2710 583 quae

1451 587 1512 630 ita
1535 599 1582 632 se
1605 588 1766 634 habent
1785 605 1796 634 ι
1818 591 1871 634 Et
1896 593 2138 648 firmabitur
2160 596 2203 638 in
2225 608 2289 648 eo,
2315 604 2354 639 et
2381 611 2462 641 non
2483 599 2706 653 flectetum

1449 666 1490 701 et
1505 661 1730 704 continebit
1757 662 1895 716 illum,
1925 672 1966 708 et
1995 679 2077 709 non
2107 667 2416 728 constantinum
2442 677 2483 713 et
2502 671 2708 719 exaltabit

1449 731 1571 775 illum
1587 734 1698 789 apud
1715 738 1926 791 proximos
1961 752 2057 788 suos
2077 738 2228 796 (Eccli.
2249 754 2320 792 xv,
2341 735 2403 798 l).
2428 740 2704 787 Praemissum

1449 805 1624 861 quidem
1651 807 1791 852 fuerat
1818 814 1861 853 et
1882 810 2046 854 dictum
2080 812 2133 856 de
2169 825 2238 864 eo,
2264 810 2380 869 quod
2402 813 2702 860 Gibabitillum

1450 878 1652 943 Dominus
1681 894 1787 937 pane
1817 884 1912 926 vitoe
1941 893 1978 927 et
2009 886 2256 939 intellectus,
2287 896 2326 931 et
2354 903 2464 945 aqua
2492 891 2707 947 sapientire

1448 951 1651 995 salutaris
1685 953 1849 1007 potabit
1883 955 2003 998 illum
2037 957 2175 1013 (ibim,
2195 958 2267 1016 5).-
2295 958 2400 1013 Quae
2433 962 2564 1004 verba
2595 976 2706 1019 quo-⁴

1450 1024 1579 1069 modo
1603 1026 1669 1070 ad
1691 1028 1865 1071 beatum
1894 1035 2091 1085 spectent
2123 1030 2334 1077 Joannern
2365 1034 2553 1079 breviter
2575 1050 2706 1093 supe·

1449 1099 1540 1142 rius
1562 1099 1793 1144 ostendere
1815 1102 2097 1156 curavimn53
2132 1117 2250 1148 nam·
2262 1106 2424 1150 cibabit
2447 1107 2569 1152 illum
2590 1122 2704 1168 pane

0 1210 7 1221 .
75 1198 78 1199 ⁷
111 1179 274 1225 mundo
315 1179 515 1236 superior
553 1183 637 1223 est.
663 1175 784 1221 Unde
825 1187 902 1232 per
934 1173 1260 1219 omniavdecens
1306 1178 1374 1218 est
1398 1169 1430 1212 B
1454 1172 1552 1216 vitae
1580 1179 1623 1216 et
1647 1174 1905 1227 intellectus,
1929 1190 2023 1232 quae
2058 1179 2153 1232 ejus
2176 1191 2335 1223 arcana
2359 1188 2482 1234 erant
2499 1216 2509 1234 ,
2541 1189 2585 1227 et
2605 1197 2703 1241 my-

1448 1247 1556 1288 stica
1579 1246 1633 1290 ad
1663 1246 1877 1291 internam
1902 1250 1942 1293 ei
1977 1252 2147 1306 saporis
2177 1251 2454 1298 resectionem
2486 1257 2700 1311 revelans,

1447 1318 1491 1361 in
1516 1331 1697 1374 quorum
1723 1321 1969 1376 cognitione
2002 1330 2178 1368 sanctus
2201 1325 2382 1380 quilibet
2404 1332 2446 1371 et
2483 1327 2703 1373 illumina·

1448 1397 1518 1432 tur
1534 1391 1587 1434 ad
1607 1386 1888 1447 intellectum,
1912 1399 1959 1436 ut
1976 1395 2092 1451 quod
2114 1408 2263 1439 verum
2282 1405 2350 1441 est
2365 1398 2546 1455 eligens,
2570 1401 2616 1444 in
2634 1401 2702 1445 lu-

1445 1463 1561 1508 mine
1593 1466 1789 1510 veritatis
1818 1465 2005 1522 fulgeat3
2039 1474 2081 1511 ct
2106 1475 2327 1524 vegetatur
2360 1471 2414 1514 ad
2451 1473 2599 1526 vitam,
2634 1481 2698 1524 ut,

1445 1538 1561 1594 quod
1594 1538 1755 1582 bonum
1794 1547 1860 1583 est
1896 1540 2096 1595 diligens,
2134 1540 2178 1583 in
2211 1554 2340 1596 opere
2376 1545 2621 1589 sanctitatis
2653 1560 2703 1593 se

1445 1619 1659 1656 exerceat.
1697 1613 1820 1671 Aqua
1846 1627 1948 1659 vero
1981 1616 2204 1671 sapientise
2235 1618 2439 1662 salutaris
2462 1620 2625 1674 potavit
2649 1622 2700 1663 it·

1445 1685 1549 1739 lum,
1576 1688 1706 1730 verba
1730 1688 1771 1731 ei
1794 1687 2014 1743 inspirans
2037 1681 2294 1745 intelligere,
2318 1694 2362 1734 ει
2387 1690 2604 1734 intellecta
2629 1703 2700 1736 re-

1445 1758 1598 1811 tinere,
1630 1766 1760 1816 atque
1786 1761 2006 1804 memoriae
2030 1766 2195 1804 retenta
2219 1763 2392 1818 proprie
2415 1768 2458 1806 et
2481 1764 2697 1819 seriatim,

1445 1833 1556 1875 sicut
1581 1835 1747 1888 prolata
1773 1840 1913 1886 erant,
1949 1836 2172 1879 scribere:
2199 1848 2294 1891 quae
2326 1837 2418 1893 ipse
2447 1837 2596 1891 Filius,
2621 1841 2696 1894 qui

1443 1906 1652 1961 sapientia
1671 1907 1812 1953 Patris
1830 1916 1911 1960 cst,
1926 1909 1967 1951 in
1990 1920 2120 1952 carne
2143 1920 2370 1964 apparens,
2393 1910 2446 1953 ad
2465 1911 2697 1956 humanam

1442 1979 1711 2034 dignoscitur
1735 1982 1915 2026 salutem
1942 1984 2191 2040 protulisse.
2217 1984 2435 2028 Firmatus
2452 1996 2624 2040 quoque
2650 1985 2695 2028 in

1442 2054 1531 2105 illo,
1559 2059 1601 2097 et
1626 2066 1894 2111 nequaquam
1928 2056 2063 2101 flexus
2088 2065 2169 2108 est,
2205 2059 2309 2114 quia
2331 2069 2409 2114 per
2430 2058 2693 2114 agnitionem

1445 2126 1654 2179 veritatis,
1675 2134 1716 2171 et
1735 2139 1924 2173 amorem
1944 2131 2124 2175 vvirtutis
2147 2130 2193 2174 in
2215 2131 2388 2175 Christo
2405 2131 2624 2183 fundatus,
2651 2138 2694 2175 et

1442 2199 1494 2242 ab
1522 2200 1617 2255 ejus
1646 2203 2031 2258 contemplatione,
2068 2210 2109 2248 et
2142 2204 2372 2249 dilectione
2406 2206 2583 2249 avulsus
2606 2218 2695 2249 non

1439 2276 1519 2316 cst.
1549 2271 1610 2316 Ne
1626 2285 1729 2328 ergo
1750 2273 1967 2318 defaecatae
1995 2276 2150 2319 mentis
2175 2277 2343 2332 puritas
2366 2276 2409 2319 in
2430 2278 2574 2332 aliquo
2592 2290 2693 2332 pos—

1440 2351 1502 2388 set
1520 2349 1756 2403 corrumpi,
1776 2349 1940 2392 studuit
1964 2349 2124 2393 amoris
2146 2350 2190 2392 in
2210 2362 2263 2393 eo
2284 2350 2522 2400 radicibus,
2544 2351 2588 2393 in
2606 2364 2692 2406 quo

1439 2419 1496 2460 ni
1518 2419 1545 2461 il
1570 2420 1840 2475 inquinatum
1865 2422 2072 2474 incurrit,
2109 2412 2375 2467 consolidari
2398 2431 2466 2476 ut,
2503 2424 2604 2467 duni
2630 2425 2692 2467 sie

1438 2490 1482 2532 in
1511 2490 1582 2534 illo
1614 2492 1873 2544 firmaretur,
1908 2495 2154 2538 nullatenus
2181 2494 2438 2540 flecteretur.
2466 2495 2693 2540 continuit

1438 2564 1564 2606 etiam
1585 2576 1699 2616 eum,
1729 2566 1771 2609 'et
1798 2567 2008 2611 confusus
2032 2581 2118 2611 non
2143 2574 2226 2621 est,
2253 2569 2499 2625 quiafduin
2531 2570 2577 2613 in
2602 2571 2692 2614 vir-

1436 2637 1615 2692 ginitate
1643 2652 1741 2682 enin
1774 2641 2007 2684 custodivit
2031 2642 2286 2696 perfectum,
2320 2654 2446 2698 quem
2478 2642 2596 2686 inea
2624 2644 2692 2686 in·-

1437 2714 1554 2754 veuit
1579 2712 1808 2769 integrum,
1836 2714 2046 2758 confusus
2070 2728 2153 2758 non
2173 2722 2256 2766 est,
2277 2715 2429 2761 dolens
2454 2729 2500 2760 se
2526 2729 2550 2759 a
2575 2716 2689 2760 bono

1436 2786 1548 2839 qnod
1575 2787 1817 2841 arripuerat
1854 2791 2078 2843 proposito
2110 2789 2336 2840 cecidisse,
2362 2790 2436 2845 qui
2466 2790 2550 2833 sibi
2584 2802 2688 2834 con-

1436 2858 1554 2901 scius
1577 2867 1658 2909 est,
1682 2873 1726 2904 se
1753 2861 1795 2902 in
1820 2873 1872 2903 eo
1898 2862 2034 2917 magis
2062 2874 2112 2905 ac
2136 2863 2271 2918 inagis
2298 2863 2560 2919 proficiendo
2583 2877 2689 2907 con-

1435 2931 1670 2975 scendisse.
1714 2932 1927 2975 Exaltarit
1960 2920 2242 2978 nihilominus
2265 2947 2363 2979 eum
2395 2935 2507 2990 apud
2537 2937 2686 2991 proxi-

1434 3017 1528 3048 mos
1560 3017 1680 3055 suos,
1717 3006 1979 3060 amplectens
2016 3018 2115 3050 euni
2157 3007 2200 3049 in
2242 3018 2292 3050 ea
2321 3019 2448 3062 quam
2487 3009 2687 3063 superius

1435 3077 1619 3129 ostendi,
1655 3077 1948 3122 familiaritate
1982 3083 2024 3122 ct
2060 3078 2290 3122 dilectione
2319 3079 2435 3122 inter
2472 3079 2689 3124 condisci-

1434 3151 1560 3207 pulos
1584 3163 1703 3195 suos.

1463 3212 1471 3221 ⁸
1490 3223 1560 3267 Xl.
1593 3223 1677 3266 Pro
1698 3238 1749 3269 eo
1772 3225 1886 3281 quod
1908 3227 2125 3282 quomodo
2151 3227 2378 3270 honoravit
2400 3238 2499 3270 eum
2527 3227 2571 3269 in
2595 3227 2682 3270 vita

1433 3311 1485 3341 ex
1508 3303 1630 3354 parte
1658 3298 1990 3350 deelaravimus,
2019 3305 2155 3343 restat
2178 3313 2364 3355 quoque,
2398 3305 2445 3342 ut
2465 3299 2683 3354 quomodo

1433 3384 1530 3414 eum
1555 3371 1600 3415 in
1623 3377 1762 3415 morte
1783 3372 2012 3416 honoravit
2030 3373 2212 3416 dilector
2229 3373 2322 3428 ejus
2345 3371 2684 3423 Jesns,·demon-

1433 3451 1621 3490 strennus
1643 3459 1652 3488 :
1682 3445 1724 3487 in
1741 3446 1864 3500 cujus
1890 3451 2140 3500 conspectu,
2165 3446 2275 3488 sicut
2300 3445 2402 3496 vita,
2423 3444 2481 3486 ita
2499 3451 2542 3487 et
2565 3457 2680 3487 mors

1432 3518 1712 3561 nihilominus
1734 3519 1923 3573 pretiosa
1940 3523 2020 3562 est.
2044 3515 2167 3561 Sicut
2190 3517 2335 3561 trilius‘
2352 3518 2491 3561 modis
2511 3517 2556 3559 in
2574 3518 2677 3565 vita.

1433 3592 1495 3634 sic
1529 3597 1570 3634 et
1601 3591 1737 3634 tribus
1770 3602 1870 3634 eum
1901 3591 2131 3634 bonoravit
2167 3591 2208 3633 in
2242 3596 2393 3632 moi-te.
2429 3589 2481 3631 Et
2514 3590 2679 3645 primus

1431 3663 1620 3718 quidem,
1642 3668 1686 3704 ut
1711 3663 1816 3704 mihi
1844 3662 2026 3712 videtur,
2051 3667 2115 3704 est
2139 3661 2251 3716 quod
2278 3663 2368 3716 ipse
2391 3659 2442 3702 'ad
2466 3672 2565 3703 eum
2595 3659 2678 3700 llo·

1430 3735 1574 3784 minus
1598 3735 1643 3778 in
1661 3739 1798 3777 morte
1814 3740 1950 3778 venit.
1977 3732 2199 3777 Secundus
2221 3734 2335 3788 quod
2360 3732 2677 3775 sanctissimam

1431 3809 1616 3850 animam
1641 3808 1750 3863 ejus,
1773 3808 1884 3863 sicut
1910 3807 1973 3851 sas
1996 3814 2062 3851 εει
2082 3808 2273 3857 credere,
2294 3806 2347 3849 ad
2370 3806 2678 3861 sempiternam

1430 3893 1552 3926 suam
1573 3881 1750 3937 gloriani
1770 3880 1986 3935 perduxit.
2010 3872 2182 3923 Tertius
2200 3891 2305 3923 vero
2328 3878 2444 3934 quod
2467 3884 2564 3934 post
2582 3877 2674 3932 ejus

1429 3953 1670 3998 discessum
1694 3953 1736 3995 in
1756 3951 1954 4007 sepulcro
1980 3952 2091 4007 eins,
2117 3952 2226 3996 nibil
2243 3951 2330 3994 nisi
2349 3963 2506 3993 manna
2525 3950 2673 3992 inven-

1428 4031 1519 4069 tum
1545 4027 1618 4070 sit.
1642 4024 1753 4068 Hinc
1776 4036 2031 4086 egressurus
2054 4026 2108 4068 ab
2134 4025 2231 4080 ipso
2248 4023 2430 4068 Domino
2453 4024 2669 4068 visitatur.

1429 4099 1573 4142 anima
1599 4098 1694 4154 ejus
1723 4098 1768 4142 in
1797 4105 1970 4142 aeternae
2008 4097 2226 4141 felicitatis
2249 4097 2386 4153 gloria
2418 4097 2667 4145 collocatur,

1430 4173 1674 4228 sepulerum
1691 4171 1808 4215 illius
1829 4183 1942 4218 novo
1964 4171 2149 4227 quodam
2167 4176 2210 4215 et
2228 4170 2401 4214 insolito
2419 4171 2581 4212 honore
2598 4181 2648 4211 su

1428 4244 1648 4290 Llimatur.
1686 4244 1896 4299 Apparuit
1930 4255 2116 4299 namque
2152 4244 2285 4286 charo
2316 4255 2396 4286 suo
2416 4240 2587 4292 loanni,
2625 4245 2670 4283 ut

1429 4317 1624 4372 legimus,
1645 4315 1851 4359 Dominus
1866 4311 1991 4360 lesus
2007 4313 2205 4359 Christus
2223 4327 2319 4359 cum
2335 4312 2559 4357 discipulis
2578 4323 2669 4357 suis
