2924 4588
200 129 277 198 5ῧέ
541 176 571 213 ·

1078 107 1248 154 auant
1278 99 1864 150 PnAEttONSTnATENsts

2670 98 2751 144 852

202 219 357 263 Videas
378 197 488 271 apud
510 227 602 262 eos,
630 223 725 255 cum
749 211 828 252 hoc
850 207 1009 251 fuerint
1023 201 1267 247 detestabili
1284 200 1429 243 furore
1449 186 1486 248 Ᾰ
1509 197 1668 247 sulere,
1724 207 1814 238 non
1862 191 2089 237 comedere
2145 191 2363 243 videlicet,
2426 202 2514 235 non
2546 198 2751 249 pausare,

201 288 401 344 correpti,
419 293 460 330 et
478 300 500 328 a
526 298 571 328 se
590 285 728 338 longe,
747 259 869 323 &tra
893 290 940 341 se
971 268 1167 333 projecti,
1194 274 1426 330 ‘ignescere

203 360 367 409 oculos,
398 356 548 399 faciem
570 354 757 433 pallere,
789 356 973 395 tremere
1001 347 1183 398 vultum,
1219 354 1427 400 spumare

202 434 329 484 labia,
356 430 459 485 erigi
474 426 718 483 supercilia,
738 423 922 466 frontem
939 419 1127 469 extendi,
1148 428 1300 461 nasum
1322 427 1427 459 con-

203 503 333 554 trabi,
352 504 478 556 caput
501 496 686 546 concuti,
702 506 751 538 os
770 491 977 548 torqueri,
992 489 1204 534 balbutire
1220 488 1424 543 linguam,

200 585 349 621 tonare
371 570 667 619 contumelias,
691 567 831 610 minas
847 565 1010 621 pluere,
1047 561 1275 606 verborum
1299 571 1428 615 gran.-

203 649 325 694 dines
353 657 496 696 ruere,
520 652 674 684 manus
693 637 923 694 complodi,
948 641 1087 679 totum
1115 633 1299 689 denique
1331 643 1429 674 cor-

203 721 320 777 poris
348 721 507 762 statum
529 711 749 758 confundi.
796 708 1014 759 Percussi,
1038 712 1079 751 et
1117 706 1426 762 percutientes;

206 792 408 838 concussi
425 794 467 835 ct
488 787 781 833 concutientes
799 800 812 839 ;
830 783 1051 834 commoti,
1074 787 1116 825 et
1157 792 1430 824 commoven-

199 873 285 918 tes;
309 864 484 916 turbati,
513 867 556 906 et
581 860 830 909 turbantes:
873 855 1132 912 exasperati,
1179 859 1221 897 et
1251 865 1431 910 exaspe-

200 948 367 991 rantes;
402 932 678 984 inflammati,
716 938 756 975 et
787 929 1125 982 inflammantes;
1156 927 1252 971 felle
1283 925 1428 979 cibati,

200 1016 241 1054 et
257 1009 470 1059 cibantes3
491 1004 616 1060 292
641 1011 761 1046 aceto
806 1000 1019 1052 inebriati,
1062 1005 1104 1043 et
1142 997 1428 1048 inebriantes;

199 1083 361 1126 malitia
389 1080 571 1135 denique
593 1075 837 1122 omnimoda
860 1074 1073 1118 lethaliter
1090 1072 1252 1122 infecti,
1279 1077 1322 1115 et
1364 1070 1432 1114 in-

199 1153 404 1197 ficientes.
424 1148 623 1203 Quandiu
646 1147 846 1202 aliquem,
880 1157 978 1188 cum
1004 1156 1090 1200 quo
1113 1142 1295 1199 litigent,
1322 1153 1433 1198 prae-

201 1231 366 1269 sentem
390 1223 563 1272 liabent,
584 1221 683 1263 lites
726 1218 848 1262 linire
871 1230 950 1261 nec
977 1218 1142 1268 volunt,
1157 1227 1238 1259 nec
1262 1215 1429 1267 talen23

1506 270 1667 313 nullam
1691 267 1862 324 penitus
1888 265 1955 309 vel
1982 266 2028 308 in
2059 270 2205 310 mente
2238 265 2447 321 quietem,
2481 266 2550 310 vel
2572 265 2618 310 in
2659 279 2750 310 cor·

1507 354 1610 398 pore
1656 341 1911 384 suavitatem
1942 339 2116 383 habere.
2147 337 2367 403 ⁸Displicet
2387 338 2427 382 ei
2450 337 2662 395 quidquid
2684 339 2752 383 vi-

1507 414 1598 467 det;
1618 413 1724 456 nibil
1741 413 1853 468 quod
1873 411 1990 455 audit
2006 411 2169 468 placet,·
2195 411 2364 455 horrori
2390 399 2490 463 sibi,
2517 418 2559 455 et
2577 410 2753 457 fastidio

1507 486 1653 530 omnia
1673 484 1901 530 -sunt.Nec
1920 484 2083 540 aliquid
2121 484 2162 528 ei
2183 484 2252 527 vel
2280 483 2443 528 bonum
2478 485 2647 538 adesse,
2683 485 2752 529 vel

1501 560 1666 617 *malum
1687 559 1798 603 valet
1822 553 1989 610 abesse,
2014 569 2241 613 quousque
2277 557 2542 612 humilietur,
2569 569 2619 602 ac
2661 558 2753 615 ple-

1507 643 1562 675 nc
1588 629 1847 675 satisfecerit
1869 620 1976 686 ipse,
2017 627 2090 685 qui
2116 629 2239 673 laesit.
2276 628 2383 674 Cum
2421 636 2563 674 autem
2581 629 2621 674 ei
2653 642 2754 687 per·

1510 703 1619 748 fecte
1664 702 1932 748 satisfactum
1975 701 2104 745 fuerit
2134 717 2144 746 :
2170 707 2216 745 ut
2237 703 2327 746 sole
2366 702 2557 759 fulgente
2585 703 2750 748 umbrae

1508 781 1791 824 evanescunt,
1832 775 1890 817 ita
1909 782 1951 818 ct
1978 774 2085 827 llaec,
2121 773 2330 818 redeunte
2357 773 2606 827 serenitate,
2639 774 2754 818 mala

1510 848 1654 894 onmia
1677 847 1900 892 recedunt.
1925 845 2079 891 Nescio
2103 852 2246 890 autem
2265 845 2437 902 qualem
2477 846 2638 892 babere
2675 860 2754 904 po-

1511 927 1595 966 test
1625 920 1833 972 animum,
1876 920 1948 977 qui
1970 917 2090 962 fratri
2137 931 2218 964 suo
2235 930 2384 970 causa,
2410 925 2454 962 et
2474 920 2648 964 occasio
2669 924 2752 972 est,

1511 999 1561 1037 ut
1599 999 1765 1036 tantum
1789 993 1964 1036 malitiae
1987 1004 2085 1041 cum
2103 992 2333 1038 absorbeat
2349 991 2628 1048 profundum.
2647 992 2755 1038 Cer—

1510 1071 1554 1110 te
1569 1076 1654 1108 non
1680 1065 1853 1117 bonam,
1879 1062 1956 1108 sed
1974 1063 2252 1108 cauteriatam
2268 1064 2580 1108 conscientiam
2598 1064 2758 1112 habere

1512 1148 1690 1181 necesse
1714 1141 1795 1187 est,
1817 1148 1894 1191 per
1910 1148 2036 1192 quem
2068 1141 2134 1179 tot
2157 1147 2207 1179 ac
2242 1142 2358 1179 tanta
2375 1167 2386 1188 ‚
2417 1147 2469 1179 ac
2510 1136 2616 1181 talia
2658 1150 2758 1182 eve-

1512 1211 1638 1252 niunt
1677 1209 1804 1253 mala.
1836 1207 1944 1252 Nam
1967 1221 2030 1258 voe
2059 1207 2125 1252 illi
2149 1221 2223 1265 per
2243 1207 2630 1264 quentscandaium
2652 1212 2766 1255 venit-
2846 1199 2847 1202 Ἴ

199 1298 253 1343 ad
277 1298 415 1342 instar
450 1293 773 1339 indomabilium
806 1303 1031 1348 equorum,
1068 1301 1250 1346 quorum
1287 1288 1428 1332 cursi-
1456 1270 1488 1317 Β
1513 1280 1685 1340 (Manli.
1706 1294 1832 1334 xviii,
1860 1281 1904 1333 6,
1925 1281 1949 1324 7
1968 1281 1999 1340 ).
2025 1279 2184 1338 Utique
2206 1279 2243 1325 si
2263 1293 2413 1326 verum
2428 1281 2552 1335 dixit,
2574 1284 2759 1340 quinul-

199 1370 279 1415 bus
297 1382 379 1413 non
405 1380 557 1412 manus
591 1364 928 1422 refrenantium,
965 1362 1038 1407 sed
1082 1364 1173 1419 ipsa
1219 1359 1430 1410 lassitudo

200 1443 325 1487 finem
360 1441 556 1497 imponit.

256 1514 308 1559 V.
327 1513 414 1558 Vos
437 1521 579 1557 autem
606 1510 795 1565 ,fratrcS,
816 1522 902 1554 non
925 1510 1005 1555 sic.
1023 1508 1118 1553 Non
1141 1509 1222 1560 sic,
1236 1507 1429 1564 inquam,

200 1600 293 1640 vos,
310 1599 393 1631 non
412 1587 498 1639 sic;
519 1586 591 1630 sed
618 1586 741 1643 longe
765 1597 931 1639 semper
954 1584 1108 1644 magis,
1137 1595 1186 1626 ac
1204 1582 1340 1638 inagis
1359 1581 1429 1624 sa-

195 1662 283 1705 cite
304 1673 327 1703 a
363 1660 483 1703 vobis
506 1659 789 1703 abominabile
813 1657 942 1708 istud,
962 1669 1013 1701 ac
1053 1656 1308 1701 detestabile
1337 1667 1432 1698 ma-

201 1733 304 1775 lum.
331 1730 432 1782 Vos,
460 1731 573 1781 dico,
597 1732 775 1786 quinon
795 1736 881 1774 tam
907 1730 1139 1779 audiendo.
1156 1742 1288 1786 quam
1307 1740 1436 1786 expe-

182 1803 351 1859 ,tiendo
367 1803 595 1855 didicistis,
622 1809 663 1848 et
688 1803 1032 1859 quidemjugitcr
1058 1819 1068 1846 :
1117 1803 1253 1856 Quam
1283 1802 1433 1845 bonnm

198 1875 270 1927 sit,
301 1882 340 1919 et
363 1882 486 1933 quam
518 1874 750 1931 jucundum
785 1874 974 1917 habitare
1013 1874 1168 1930 fratres
1210 1875 1254 1916 in
1303 1886 1438 1916 unum*

200 1947 511 2005 (Pschcsxxu,
538 1947 596 2003 1).
621 1946 732 1991 Lites
759 1981 770 1999 ,
801 1954 846 1990 ut
868 1953 1011 1993 vester
1027 1960 1104 1992 vos
1128 1947 1327 1991 admouet
1353 1945 1426 1990 Pa·

200 2025 280 2074 ter,
298 2028 342 2063 ut
365 2020 503 2063 nufias
525 2018 730 2071 habeatis,
773 2022 849 2063 aut¹
870 2034 996 2076 qnam
1015 2021 1225 2064 celerrime
1255 2020 1434 2076 finiatis:

200 2106 249 2138 ne
263 2099 417 2136 crescat
438 2092 479 2134 in
497 2089 635 2135 odium
659 2105 738 2143 ινα,
762 2100 800 2135 et
826 2092 982 2134 trabem
1018 2093 1147 2147 [aciat
1170 2092 1221 2136 de
1245 2093 1435 2148 festuca:

203 2167 357 2223 fiatque
379 2164 519 2208 anima
548 2164 771 2210 honiicida.
815 2164 937 2218 Quod
969 2166 1005 2209 si
1054 2165 1164 2209 foi-te
1203 2165 1316 2209 inter
1356 2176 1436 2209 vos

201 2238 370 2294 aliquis,
393 2243 765 2293 utnonnunquam
792 2238 1042 2294 contingere
1072 2237 1250 2296 assolet,
1272 2237 1431 2294 ,quod-

199 2300 283 2367 que
315 2310 561 2367 plerumquc
616 2307 841 2352 difficulter
871 2296 1049 2352 devitari
1074 2310 1204 2361 valet,
1256 2308 1436 2369 fratrem

201 2395 327 2428 suum
345 2382 469 2426 modo
490 2382 633 2437 aliquo
657 2381 819 2437 injusto
858 2382 1094 2425 turbaverit
1123 2398 1131 2425 :
1162 2382 1325 2425 nullam
1356 2382 1438 2426 sibi

205 2456 375 2514 penitus
395 2467 543 2512 pacem
568 2455 674 2498 hora
710 2453 871 2510 aliqua,
892 2456 959 2498 vei
995 2462 1214 2499 momento
1249 2455 1438 2513 quietem

204 2527 445 2584 indulgeat,
489 2537 717 2582 quousque
759 2526 955 2570 sedatum
998 2539 1095 2570 eum
1125 2527 1263 2590 plene,
1309 2534 1440 2583 atque

202 2606 399 2663 pacatum
421 2600 623 2643 omnibus
646 2600 802 2657 quibus
830 2600 969 2644 modis
993 2601 1439 2657 potueritsecnndum

200 2673 351 2725 υυιιειι,
375 2679 417 2718 ct
456 2672 669 2724 debuerit,
694 2674 737 2716 in
770 2673 958 2728 priorem
998 2674 1277 2720 serenitatem
1311 2685 1437 2728 repo-

201 2750 294 2802 nat.
316 2741 449 2808 >Unde
468 2749 511 2788 et
537 2746 739 2800 sequitui*
766 2761 775 2787 :
805 2745 1044 2802 Quicunque
1080 2756 1217 2788 autem
1238 2747 1438 2798 conuicio,

202 2820 267 2879 ul
307 2818 543 2871 maledicto,
591 2819 652 2862 vel
697 2818 824 2861 etium
860 2820 1031 2862 crimine
1068 2818 1223 2875 objecto
1261 2819 1439 2876 aliquem

205 2893 373 2945 Ioeten't,
402 2895 629 2937 meminerit
671 2893 957 2950 satisfactione
990 2897 1236 2952 quarttocius
1275 2908 1439 2947 curare,

205 2967 314 3023 qued
354 2968 464 3024 fecit.
499 2967 549 3010 Et
572 2967 678 3011 bene
715 2969 974 3025 quantocius
1011 2985 1021 3013 z
1064 2982 1118 3014 ne
1145 2978 1266 3014 mora
1298 2971 1445 3028 aliqua·

206 3039 381 3086 taidare
422 3040 762 3085 satisfactionem
796 3041 983 3098 aliquam
1028 3044 1257 3099 patiamur.
1306 3043 1443 3098 Quam

210 3113 429 3158 celerrime
447 3113 567 3169 jubet
585 3113 680 3157 lites
699 3113 808 3156 finiri
832 3131 840 3156 ι
879 3115 1001 3169 Jubet
1019 3122 1061 3159 et
1090 3116 1351 3172 quantocius
1373 3130 1445 3161 sa-

208 3185 467 3244 tisfactione,
497 3187 609 3241 quod
626 3186 773 3230 laesum
817 3192 897 3236 est,
917 3187 1083 3242 curari3
1110 3200 1163 3232 nc
1186 3188 1244 3231 ita
1268 3188 1340 3232 hic
1381 3190 1444 3232 ira

211 3259 318 3313 laest,
346 3259 391 3303 in
421 3259 567 3302 odium
615 3265 805 3303 transeat
829 3275 838 3303 :
861 3261 975 3303 sicut
1007 3264 1050 3303 ct
1082 3259 1141 3304 ibi
1168 3258 1346 3311 dictum,
1391 3274 1445 3305 ne

213 3334 279 3376 ira
300 3333 343 3376 in
367 3332 510 3375 odium
530 3339 713 3376 crescat.
752 3332 868 3376 Solet
890 3346 1071 3388 namque
1091 3334 1220 3379 lassus
1263 3335 1445 3378 amaris·

216 3406 328 3454 sima
352 3405 570 3451 multoties
595 3407 705 3463 apud
731 3419 776 3452 se
809 3407 1119 3459 recordatione,
1154 3420 1252 3452 cum
1302 3409 1442 3465 ipsum

213 3481 304 3535 jain
346 3479 532 3523 laesionis
571 3480 790 3530 transierit
826 3487 1014 3536 tempus,
1062 3481 1295 3533 ruminare,
1333 3482 1452 3539 quod

214 3552 357 3599 verbis
373 3552 418 3595 in
438 3566 534 3596 eum
552 3553 689 3605 duris,
703 3559 745 3598 et
756 3555 922 3610 asperis
935 3555 1171 3611 jaculatum
1192 3562 1287 3601 est:
1305 3556 1448 3612 ipsum

218 3632 373 3678 autem,
398 3639 518 3682 aquo
556 3627 792 3682 jaculatum
812 3636 879 3673 est
897 3629 1116 3673 absentem
1152 3629 1200 3672 in
1237 3629 1355 3674 tristi
1407 3634 1450 3672 et

217 3695 410 3743 horribili
427 3697 609 3752 imagine
626 3704 926 3754 i·epraesentat;
954 3706 1207 3756 praesentem
1224 3712 1327 3746 vero
1350 3712 1452 3744 ocu-

221 3770 274 3818 lis
291 3770 451 3826 ignitis,
468 3770 607 3815 fronte
643 3778 811 3828 rugata,
845 3773 1087 3828 superciliis
1124 3774 1298 3824 erectis,
1328 3773 1451 3818 vultu

223 3843 378 3887 minaci
410 3843 621 3895 intuetur:
654 3844 786 3888 silens
805 3845 976 3902 quidem
1002 3845 1115 3902 apud
1136 3858 1253 3899 eum,
1279 3847 1323 3890 in
1357 3846 1452 3890 soro

223 3912 366 3958 cordis
387 3914 701 3969 multiloquium
739 3917 907 3973 strepit,
946 3917 1072 3960 volvit
1107 3918 1216 3974 ipse,
1241 3923 1284 3961 et
1318 3918 1452 3961 revol·

224 3986 286 4029 vit
304 3997 397 4043 qum
420 3986 602 4041 audivit;
630 3995 671 4030 et
698 3989 947 4045 interrogat,
964 3996 1006 4034 et
1031 3990 1179 4045 audit;
1207 3991 1446 4048 interrogat

225 4062 387 4108 mutus,
413 4063 454 4101 et
477 4059 594 4101 audit
612 4060 767 4104 surdus
800 4077 807 4103 :
830 4063 936 4105 nulli
980 4069 1120 4116 vacat,
1144 4063 1181 4106 ei
1204 4063 1387 4115 intento,
1412 4071 1455 4108 et

207 4128 400 4176 ,detento
454 4131 727 4176 interioribus
771 4135 866 4178 istis
919 4136 1187 4188 tumultibus,
1240 4138 1456 4192 spirituali

226 4202 430 4247 exercitio
476 4204 729 4249 intendere:
771 4218 857 4250 non
895 4221 999 4263 pure
1038 4210 1152 4254 valet
1173 4221 1334 4262 crare,
1367 4222 1455 4254 non

228 4273 420 4317 studiose
441 4273 598 4330 legere,
632 4286 718 4319 non
759 4278 916 4322 munde
956 4279 1187 4324 meditari:
1210 4293 1295 4325 non
1333 4294 1456 4329 inan-

228 4351 349 4390 suete
365 4345 597 4401 quidquam
611 4344 817 4402 proferre,
855 4362 941 4392 non
975 4351 1136 4407 aliquid
1177 4352 1285 4397 utile
1313 4362 1456 4409 agere,

231 4429 318 4461 non
335 4415 520 4476 denique
544 4417 589 4461 in
621 4419 880 4467 necessariis
904 4420 984 4476 ipsi
1005 4423 1176 4481 corpori
1206 4424 1329 4479 piene
1351 4436 1458 4469 con·

1511 1355 1554 1400 lo
1578 1354 1706 1399 niodo
1726 1355 1900 1400 mentiri
1938 1359 2112 1414 potest:
2132 1353 2295 1412 expedit
2314 1354 2370 1408 ei,
2405 1362 2453 1399 itt
2482 1357 2757 1412 suspendatur

1511 1431 1622 1473 mota
1637 1429 1826 1473 asinaria
1843 1429 1884 1472 in
1898 1428 2003 1473 collo
2034 1429 2142 1486 ejus,
2173 1436 2212 1474 et
2225 1426 2492 1487 demergatur
2509 1431 2553 1475 in
2585 1431 2760 1487 prosun-

1511 1504 1611 1546 dttm
1641 1505 1770 1546 maris
1791 1502 1946 1561 (ibim).

1567 1575 1637 1620 Vl.
1660 1576 1770 1621 Eece
1787 1590 1920 1633 quare
1941 1583 2204 1634 praeceptum
2226 1583 2294 1622 est
2334 1576 2481 1627 Patris
2523 1577 2680 1630 nostri,
2712 1582 2760 1621 ut

1513 1650 1588 1710 qui
1610 1651 1736 1703 laesit,
1763 1651 1934 1695 studeat
1973 1651 2238 1708 quantocius
2283 1662 2439 1696 curare
2462 1650 2580 1708 quod
2623 1650 2756 1695 fecit:

1513 1739 1567 1770 ne
1594 1719 1809 1775 videlicet,
1835 1726 1873 1770 si
1893 1726 2134 1777 satisfactio
2154 1725 2408 1777 tardaverit,
2432 1737 2571 1781 usque
2604 1724 2650 1768 in
2675 1725 2760 1770 im—

1514 1794 1712 1842 mensum
1734 1810 1781 1842 se
1803 1796 1926 1841 furor
1955 1797 2046 1842 laesi
2091 1798 2311 1843 extendat.
2349 1796 2594 1849 Notandum
2639 1808 2760 1849 vero,

1514 1869 1628 1926 quod
1645 1870 1727 1913 tria
1754 1870 1999 1927 specialiter
2033 1869 2263 1926 expressit,
2311 1869 2468 1927 quaein
2507 1869 2654 1914 fratris
2696 1882 2765 1914 ca-

1514 1942 1651 1987 venda
1668 1955 1765 1987 esse
1789 1942 1964 1987 laesione
1979 1941 2207 1987 admonuit
2235 1959 2244 1986 :
2277 1942 2539 1995 convicium,
2581 1942 2763 1987 maledi-

1517 2021 1649 2067 ctum,
1669 2015 1865 2060 criminis
1891 2016 2127 2071 obJectum.
2161 2014 2339 2072 Singula
2363 2015 2454 2059 hacc
2475 2014 2599 2058 valde
2616 2013 2763 2071 gravia

1517 2096 1634 2133 sunt.
1659 2088 1767 2132 Nam
1787 2090 1930 2147 gravis
1951 2088 2185 2132 admodum
2215 2090 2343 2146 culpa
2381 2094 2464 2137 cst,
2507 2100 2607 2132 cuni
2641 2086 2764 2132 fratri

1516 2174 1595 2206 suo
1616 2162 1772 2217 aliquis
1786 2161 2053 2205 conviciatur
2075 2177 2084 2204 :
2105 2161 2204 2218 quia
2219 2161 2455 2218 quidixerit
2466 2159 2610 2215 fratri,
2624 2159 2758 2216 fatue,

1518 2247 1610 2277 reus
1653 2232 1733 2277 erit
1754 2232 1948 2291 gehennae
1966 2235 2074 2291 iynis
2101 2233 2270 2291 (Manli.
2289 2247 2332 2284 v,
2351 2232 2440 2291 22).
2462 2231 2625 2277 Deinde
2660 2244 2764 2277 cum

1517 2307 1736 2351 maledicit
1761 2322 1771 2351 :
1796 2307 1898 2364 quia
1917 2308 2114 2351 maledici
2148 2306 2427 2365 regnumDei
2451 2318 2539 2352 non
2569 2306 2765 2364 posside·

1518 2381 1644 2424 bunt.
1674 2380 1837 2437 Magno
1874 2381 2006 2437 igitur
2027 2394 2074 2425 se
2097 2380 2240 2426 sciant
2261 2380 2471 2424 obnoxios
2494 2379 2651 2432 reatui,
2678 2386 2767 2424 tam

1520 2455 1832 2506 conviciantes,
1869 2460 1996 2512 quain
2017 2454 2242 2509 maledici,
2264 2453 2366 2511 quia
2390 2453 2444 2498 de
2468 2452 2556 2498 illis
2589 2452 2765 2505 dicitur,

1520 2526 1634 2582 quod
1654 2526 2000 2580 damnabuntur;
2017 2526 2071 2571 de
2092 2524 2189 2571 istis
2215 2537 2331 2579 vero,
2353 2525 2468 2582 quod
2514 2536 2604 2570 non
2627 2523 2770 2569 saiva-

1522 2601 1697 2644 buntur.
1729 2599 1903 2645 Crimen
1925 2611 2097 2660 quoquc
2122 2599 2245 2643 fratri
2262 2599 2468 2655 objicere,
2487 2598 2587 2655 quis
2607 2597 2770 2655 grande

1520 2686 1615 2718 esse
1640 2680 1865 2730 peccatum
1890 2659 2087 2718 nesciat?
2115 2671 2270 2717 Merito
2296 2671 2489 2728 jubetur,
2526 2675 2575 2715 ut
2597 2670 2771 2717 studeat

1521 2746 1778 2802 quantocius
1839 2747 1928 2798 ille,
1964 2747 2041 2803 qui
2071 2745 2199 2798 laestt,
2260 2743 2563 2790 satisfactione
2615 2755 2771 2789 curare

1522 2820 1638 2878 quod
1661 2820 1785 2874 fecit;
1813 2821 1888 2877 qui
1911 2820 2111 2865 videlicet
2145 2818 2363 2871 convicio,
2404 2817 2475 2863 vel
2517 2817 2768 2870 maledicto,

1520 2894 1587 2938 vei
1619 2893 1803 2939 crimine
1839 2893 2011 2949 obJecto
2051 2893 2239 2949 aliquem
2262 2891 2373 2936 laesit
2396 2907 2406 2936 2
2426 2895 2641 2948 quatenus
2684 2902 2772 2948 quo

1522 2968 1832 3025 periculosiora
1849 2974 1951 3014 sunt
1963 2970 2159 3020 vulnera,
2176 2979 2272 3024 quae
2282 2966 2483 3019 incurrit,
2502 2965 2772 3011 conimirum

1523 3042 1670 3095 citius,
1705 3047 1746 3085 et
1764 3041 1994 3086 sollicitius
2016 3041 2330 3098 superinducto
2353 3038 2663 3085 satisfactionis
2698 3049 2771 3083 re·-

1527 3115 1687 3170 mcdio,
1722 3116 1793 3159 illa
1819 3126 1975 3160 sanai-e
1993 3118 2213 3171 procuret.
2242 3113 2452 3158 Medelam
2472 3111 2678 3172 adhibere
2710 3111 2770 3166 ci,

1524 3190 1596 3246 qui
1631 3189 1881 3234 vulneratus
1900 3194 1983 3241 est,
2014 3197 2103 3233 non
2135 3187 2302 3239 tardet:
2332 3186 2603 3234 curationem
2631 3183 2773 3230 effica-

1524 3275 1616 3306 cem
1634 3275 1720 3307 non
1744 3265 1930 3320 negligat
1950 3279 1960 3307 t
1989 3276 2043 3308 ne
2065 3261 2174 3306 forte
2193 3260 2323 3319 (quod
2344 3261 2524 3303 multum
2559 3270 2775 3317 praecave·

1525 3335 1561 3378 ri
1581 3334 1722 3392 debet)
1746 3341 1790 3380 et
1806 3335 2064 3379 vulneribus
2089 3331 2366 3391 putredinem
2391 3331 2703 3384 interminare,
2727 3333 2773 3374 ct

1471 3423 1503 3466 D
1527 3414 1709 3454 mortem
1751 3410 1981 3453 vulnerato
2030 3408 2309 3465 negligentia.
2347 3405 2401 3449 Et
2447 3404 2611 3462 illem&
2648 3403 2773 3448 loesua

1528 3490 1606 3534 est,
1624 3483 1712 3526 sine
1734 3481 2032 3539 disceptatione
2055 3483 2279 3526 dimittere.
2325 3479 2423 3525 Sine
2454 3478 2770 3534 disceptatione,

1529 3556 1827 3612 inquitates&
1864 3555 2085 3600 dimittat:
2109 3556 2146 3600 si
2175 3555 2268 3611 ,iam
2308 3552 2470 3597 laedens
2507 3549 2623 3609 quod
2651 3549 2771 3604 fecit,

1529 3628 1787 3683 quantocius
1811 3634 1950 3672 curat.
1986 3627 2039 3672 Et
2073 3627 2172 3671 ideo
2194 3627 2289 3672 sine
2307 3624 2621 3681 disceptatione
2638 3653 2650 3675 ,
2673 3624 2774 3680 quia

1531 3701 1658 3756 plena
1681 3700 1882 3745 remissio
1914 3712 2002 3743 non
2036 3705 2120 3750 est,
2160 3698 2334 3754 quando
2349 3697 2394 3740 in
2434 3695 2675 3738 dimittente
2708 3695 2776 3738 dt»
2854 3744 2881 3754 ,-

1531 3771 1741 3828 sceptatio
1781 3781 1862 3816 est.
1913 3770 2035 3815 Tunc
2078 3780 2220 3814 autem
2260 3771 2388 3814 laesus
2421 3769 2545 3831 plene
2580 3767 2774 3830 dimittit,

1531 3845 1646 3901 quod
1668 3845 1706 3888 ei
1725 3845 1883 3890 laedens
1908 3845 2069 3899 intulit,
2096 3843 2269 3901 quando
2301 3844 2342 3887 in
2371 3844 2490 3888 nullo
2513 3855 2625 3901 ‚eum
2659 3841 2778 3900 peni·

1533 3925 1604 3962 tus
1634 3923 1732 3975 post
1782 3917 2087 3962 remissionem
2125 3917 2270 3961 minus
2312 3916 2467 3973 diligit,
2512 3927 2639 3972 quam
2675 3921 2778 3959 ante

1532 3992 1828 4036 remissionem
1860 3989 1911 4049 Π.
1932 3988 2170 4048 lxi-sionem]
2207 4003 2304 4034 eum
2344 3990 2565 4046 diligebat.
2601 3986 2710 4033 Nam
2738 3988 2777 4033 si

1532 4064 1660 4121 293
1681 4065 1786 4121 quid
1823 4065 1862 4109 ei
1886 4064 1940 4109 (le
1979 4063 2135 4108 affectu
2179 4063 2366 4121 pristino
2412 4063 2555 4114 tollit,
2614 4061 2777 4118 aliquid

1534 4137 1675 4181 adbuc
1692 4135 1806 4194 apud
1824 4148 1871 4180 se
1895 4135 2022 4192 quasi
2059 4140 2196 4188 tenet,
2221 4141 2265 4180 ct
2294 4146 2380 4178 non
2406 4133 2604 4177 dimittit.
2642 4129 2780 4188 Igitur

1533 4213 1578 4252 et
1607 4207 1679 4252 ille
1707 4208 1824 4265 quod
1846 4207 1967 4257 fecit,
2014 4205 2311 4251 satisfactione
2345 4206 2606 4262 quantocius
2637 4210 2775 4254 cui-et,

1534 4286 1578 4324 et
1594 4281 1677 4325 iste
1692 4280 1978 4325 nihilominus
1999 4279 2094 4325 sine
2111 4277 2424 4335 disceptatione
2437 4277 2627 4322 dimittat
2647 4292 2658 4320 τ
2678 4290 2780 4332 qua-

1537 4360 1660 4398 tenus
1675 4358 1719 4397 et
1742 4353 1814 4397 ille
1825 4365 1878 4398 ex
1888 4352 1996 4396 totis
2019 4350 2166 4396 cordis
2183 4351 2385 4396 medullis
2411 4349 2619 4407 quidquid
2636 4349 2779 4392 laesio-

1537 4427 1607 4472 nis
1625 4425 1744 4483 fecit,
1777 4426 1933 4490 fecisse
1956 4439 2006 4473 se
2036 4426 2261 4487 poeniteat,
2291 4435 2560 4483 nequaquam
2599 4423 2780 4470 ulterius
