2924 4588
62 1094 64 1102 -
43 1054 50 1075 ‘⁸
40 990 61 1015 ,4
38 775 74 973 &effi-2⁶·
44 649 71 763 ’ἐπε-εις·
42 544 72 631 -ζῆη·“
40 474 67 536 353*
40 429 75 462 3}-
40 406 42 412 ’
38 362 40 367 ‘
40 301 46 313 ‘-

146 51 226 97 581

868 50 939 96 ns
966 39 1174 98 enotuit·
1200 52 1272 97 er
1297 49 1501 99 nAstru
1531 55 1791 105 cANomc.
1822 59 2010 105 rnAEu.

2623 69 2709 115 58⁴3

145 141 296 184 oculus
336 136 518 194 videns;
561 139 819 196 quiasslonge
856 139 929 184 alii
959 150 1120 204 sumus⁴
1150 148 1386 198 praesentes
1408 144 1446 191 A
1468 150 1547 186 tem
1570 146 1611 187 in
1640 147 1730 189 loco
1759 147 1985 191 secundum
2014 149 2282 206 Evangelium
2307 151 2478 206 Christi,
2503 161 2709 201 etsecun.

145 212 190 257 iu
224 213 353 264 facte,
382 223 513 269 quam
548 212 680 256 verbo
703 213 920 257 absentes.
966 211 1093 265 Nam,
1128 216 1231 258 ecce
1273 209 1385 269 saepe

143 285 370 342 pulchrum
401 284 616 328 hominem
642 283 927 341 depingimus,
963 286 1046 341 ipsi
1071 275 1260 342 pictores
1282 287 1386 340 foedi

143 370 309 401 sumus.
334 356 393 399 De
415 355 688 400 velocissimo
733 356 934 413 tigridum
957 347 1088 401 cursu
1111 357 1383 409 disserimus,

142 431 330 487 panidae,
357 429 438 474 sub
459 425 600 470 lutosa
627 428 782 483 palude
801 437 974 480 nostra,
998 430 1068 472 vix
1092 435 1290 484 repentes
1314 441 1386 472 ra-

143 497 356 554 nunculae,
384 508 426 547 et
450 503 562 547 intra
584 504 808 547 distortam
837 502 1037 544 involutae
1069 506 1223 543 testam
1249 506 1385 544 testu-

141 573 264 618 dines
301 574 467 618 molles.
500 573 692 618 Leonum
715 572 759 615 in
801 571 990 614 medium
1026 571 1139 614 vires
1166 571 1383 616 atterimus

142 656 222 690 nos
260 647 450 702 agilitate
481 658 570 690 non
607 645 738 701 agili,
774 645 854 687 snb
890 649 1040 686 nostro
1076 644 1250 698 pulvere
1287 656 1384 687 mo·

139 724 289 763 ventes
312 718 504 761 formicae
537 719 689 773 magis,
730 728 857 771 quam
896 716 1102 758 viventes.
1143 713 1188 757 ln
1225 726 1383 770 corpus

141 793 281 836 solare
326 791 512 846 aquilam
570 790 915 845 limpidissimum
962 788 1166 832 docemus
1208 789 1383 843 infigere

141 865 294 915 visum,
322 865 444 918 talpae
468 863 761 913 suffodientes,
789 860 932 904 lumen
956 873 1041 903 non
1066 860 1277 912 ferentes,
1303 867 1391 904 neos

140 937 324 980 seientes
374 937 524 980 solem.
572 934 607 978 Ο
654 938 815 990 quanta
858 933 1102 988 insipientia
1147 934 1259 986 l1.i¹.e;
1306 933 1382 976 sed

139 1020 219 1053 nec
251 1008 416 1052 insania.
462 1008 632 1050 ininorl
672 1007 759 1050 Cur
799 1019 884 1049 non
927 1014 1068 1049 manet
1097 1019 1248 1051 manus
1286 1019 1380 1050 mea

141 1093 270 1136 super
291 1093 340 1124 os
363 1082 536 1124 meum?
559 1080 700 1133 Quare
724 1093 810 1123 non
834 1080 968 1135 digito
989 1092 1216 1134 compesco
1248 1080 1382 1125 label-

139 1151 257 1196 lum?
282 1152 366 1197 Sed
389 1153 491 1196 libet
512 1185 524 1204 ,
550 1166 629 1197 nec
652 1154 778 1207 licet;
833 1165 1042 1197 excusare
1075 1154 1144 1196 rix
1179 1154 1381 1198 concedi-

38 1229 69 1273 3
135 1230 222 1276 tur,
247 1237 346 1268 nam
386 1238 587 1270 recusare
608 1239 660 1269 ex
699 1231 790 1269 toto
819 1232 1014 1280 negatur.
1039 1224 1116 1269 Est
1157 1231 1299 1269 autem
1338 1226 1381 1269 in
1405 1205 1438 1249 B

38 1295 63 1342 ‘i-
135 1309 265 1341 causa
297 1299 388 1342 sola
411 1299 611 1343 voluntas
634 1305 791 1350 vestra,
837 1299 1082 1354 importuna
1134 1300 1240 1342 satis
1267 1314 1277 1342 :
1300 1312 1381 1344 ne·-

46 1394 65 1423 2,
136 1371 243 1424 scio,
281 1376 328 1416 ut
356 1385 460 1429 pace
491 1379 637 1417 vestra
681 1373 891 1426 dixerim,
926 1383 979 1414 an
997 1371 1132 1426 justa.
1158 1372 1208 1415 Et
1248 1373 1343 1416 ideo
1366 1404 1379 1424 ,

135 1442 238 1488 dum
271 1451 414 1489 vestra
439 1448 606 1490 coactio
644 1442 1044 1502 praevalet,'nostra
1079 1446 1300 1489 excusatio
1324 1447 1383 1489 lo-

34 1503 63 1577 ζ]
133 1525 234 1560 eum
257 1526 344 1560 non
367 1517 510 1562 habet.
535 1518 697 1575 Nempe
722 1532 806 1562 vox
835 1526 976 1564 vestra
1017 1519 1083 1564 est
1104 1536 1114 1563 z
1142 1520 1383 1576 Loquimim'

34 1578 57 1614 ””-’
133 1587 188 1630 ad
210 1600 282 1631 cor
326 1587 576 1644 Jerusalem,
625 1598 664 1633 et
705 1590 900 1635 advocate
935 1590 1035 1635 ⁴eam
1061 1579 1168 1650 (Isd-
1209 1604 1279 1643 xt,
1302 1591 1378 1648 2);

132 1660 218 1704 nisi
240 1661 365 1711 forte,
407 1660 522 1718 quod
563 1660 822 1707 absitl‘suae
851 1664 1051 1708 invidetis
1089 1664 1377 1708 aedificationi.

130 1731 202 1778 Ne‘
241 1727 518 1779 abscondatis
571 1734 788 1780 frumenta
822 1738 868 1781 in
915 1739 1101 1794 populis,
1140 1739 1224 1782 nisi
1268 1738 1380 1783 forte
1414 1750 1417 1753 ·

39 1797 66 1850 Τ,
130 1815 279 1850 eorum
301 1818 379 1863 pro
401 1806 536 1850 nihilo
550 1807 718 1852 habetis
733 1809 1375 1868 maledictionemffrov.xxvi).

40 1877 66 1938 '131
129 1875 285 1921 Petunt
297 1881 463 1934 parvuli
473 1893 642 1936 panem,
668 1882 851 1938 frangite
863 1883 925 1928 eis
951 1882 1187 1940 (Tln·en.1v,
1207 1884 1267 1942 4),
1294 1886 1378 1930 nisi

34 1949 66 1993 ἶ
130 1949 242 1994 forte
262 1964 411 1996 eorum
435 1965 519 1996 non
551 1956 707 1999 amatis
732 1954 1028 2000 refectionem.
1042 1956 1211 2002 Talium
1235 1958 1379 2014 itaque

129 2022 344 2067 rationum
372 2025 561 2078 uncinis,

39 2095 71 2153 ³}-³
115 2095 352 2138 -extraliitis
374 2109 470 2150 nos,
509 2102 557 2141 ut
578 2098 667 2153 Jam
701 2099 745 2141 in
806 2100 899 2155 ejus
921 2113 1008 2144 non
1055 2101 1288 2147 audeamus
1306 2116 1376 2159 pe·-

39 2176 66 2231 ‘'ss
129 2167 364 2211 netralibus
407 2168 554 2220 latere,
586 2181 684 2212 cum
723 2173 870 2214 tamen
905 2171 958 2213 ad
991 2172 1210 2227 publicum
1253 2165 1410 2218 locu·'

601 2037 624 2069 a
649 2027 852 2072 claustris
886 2028 1055 2071 silentii
1069 2029 1227 2081 nostri,
1250 2030 1374 2086 311

1465 215 1564 257 dum
1587 217 1855 269 apostolicam
1876 220 2190 271 institutionem,
2226 231 2267 266 et
2298 226 2521 269 secundnm
2538 232 2709 274 eanoni-

1465 299 1557 329 cam
1582 287 1780 344 Reqntam
1811 289 1919 334 beati
1940 293 2178 348 Anqustim'.
2200 295 2302 348 Quae
2323 299 2496 352 quidem
2522 300 2704 357 singula,

1471 371 1554 403 nna
1573 372 1670 416 cum
1695 361 1780 413 his,
1805 375 1900 419 quae
1922 365 1974 407 ad
1992 367 2156 411 ordinis
2177 368 2442 424 dignitatem,
2466 376 2510 414 et.
2532 371 2706 419 babitus

1464 433 1599 476 nostri
1624 440 1820 488 spectant
1845 437 2217 492 significationem,
2233 435 2418 495 qualiter
2432 443 2708 499 intelligenda

1463 503 1566 554 sint,
1593 504 1634 547 in
1661 505 1728 549 his
1759 508 2031 552 sermonibus
2064 512 2376 565 superioribus,
2410 520 2536 564 prout
2573 518 2709 572 potui-

1464 588 1577 628 mus,
1606 578 1728 621 votis
1751 579 2262 635 explicaregcuravimus.
2295 582 2434 628 Verba
2472 599 2590 639 vero,
2614 603 2708 645 quae

1463 647 1560 693 istis
1598 651 1639 693 in
1676 651 1945 707 professione
1975 654 2122 698 eadem
2159 656 2419 710 succedunt,
2461 667 2560 703 sunt
2584 662 2703 708 haec:

1463 722 1671 767 Promitte
1711 726 1836 768 etiam
1882 725 2155 770 obedientiam
2193 741 2318 783 usque
2358 731 2410 772 ad
2451 741 2622 777 mortem
2663 736 2707 778 in

1462 793 1642 848 Christo,
1691 799 1878 853 praefatoe
1917 798 2108 842 Ecclesioe
2149 800 2286 852 Patri,
2322 809 2361 844 et
2406 806 2705 850 successoribus

1461 870 1565 921 ejus,
1591 882 1693 925 quos
1733 872 1876 912 sanior
1907 883 2004 925 pars
2034 873 2360 927 conqreyationis
2404 877 2597 918 canonice
2630 878 2708 920 ele-

1461 941 1582 994 ycrit.

1517 1011 1584 1056 ill.
1607 1013 1773 1069 Magna,
1789 1013 1943 1059 fratres
1966 1016 2066 1067 mei,
2086 1021 2128 1060 et
2153 1014 2280 1060 fortia
2304 1023 2422 1069 sunt,
2438 1020 2591 1074 quaein
2610 1033 2707 1075 pre·

1461 1083 1650 1129 fossione
1683 1092 1846 1139 nostra,
1884 1087 1936 1131 de
1975 1100 2058 1143 qua
2094 1089 2316 1145 bucusque
2339 1090 2520 1146 egimuS,
2552 1104 2706 1146 praecc·

1461 1157 1592 1210 dunt;
1619 1157 1694 1202 sed
1717 1172 1850 1202 unum
1870 1166 1935 1203 est
1952 1161 2250 1215 praevalidum,
2273 1167 2314 1205 et
2338 1162 2522 1206 sublime
2545 1170 2704 1207 sanctae

1461 1228 1697 1286 Religionis
1713 1231 1897 1288 insigne,
1917 1233 2030 1288 quod
2057 1234 2219 1288 reliqua
2245 1234 2405 1290 pariter
2427 1239 2468 1277 ct
2493 1246 2706 1279 commen-

1460 1302 1550 1353 dat,
1576 1310 1623 1346 ut
1650 1304 1926 1360 acceptabilia
1949 1307 2060 1358 sint;
2086 1311 2128 1350 et
2153 1297 2394 1359 confirmat,
2422 1313 2468 1349 ut
2490 1308 2703 1352 durabilia

1461 1375 1564 1419 sint.
1588 1374 1749 1431 ipsum,
1784 1368 2054 1433 sinuaeritis
2079 1378 2306 1434 quodnam
2321 1380 2394 1433 sit,
2420 1380 2561 1422 locum
2593 1380 2704 1424 inter

1459 1445 1640 1503 virtutes
1663 1455 1840 1493 eceteras
1874 1451 2035 1493 obtinet
2062 1450 2338 1506 praecel'sum;
2374 1456 2417 1494 et
2453 1451 2637 1500 culmen,
2664 1452 2701 1495 si

1461 1521 1524 1565 sic
1546 1522 1689 1566 dicere
1711 1521 1777 1565 sas
1805 1529 1886 1574 est,
1927 1523 2174 1579 singulare:
2213 1523 2400 1579 pretiosa
2434 1529 2477 1566 et
2491 1524 2699 1579 gloriosa,

1459 1597 1652 1650 inquam,
1677 1596 1816 1639 virtus
1842 1594 2112 1646 obedientiae,
2137 1595 2352 1640 universis
2375 1595 2602 1641 conserens
2621 1598 2704 1641 vir·

1461 1668 1624 1711 tutibus
1647 1668 1814 1711 caeteris
1827 1674 1868 1711 et
1888 1668 2176 1719 sanctitatem,
2192 1673 2238 1710 ut
2253 1668 2471 1724 placeant;
2496 1675 2537 1712 et
2552 1670 2699 1727 robur,

1459 1745 1507 1783 ut
1532 1747 1747 1784 maneant.
1774 1739 1876 1783 Sine
1911 1752 1959 1783 ea
1983 1742 2185 1795 namque,
2225 1748 2306 1784 nec
2335 1741 2577 1785 sanctitatis
2616 1742 2701 1786 illis

1457 1814 1619 1858 'adesse‘
1632 1814 1787 1870 poterit
1807 1814 1962 1869 fulgor,
1981 1825 2060 1857 nec
2083 1814 2413 1869 perseverantiae
2429 1815 2577 1857 robur.
2601 1814 2703 1860 Sine

1458 1898 1507 1930 ea
1543 1898 1624 1930 nec
1661 1887 1820 1930 oblatio
1849 1887 1911 1928 tui
1943 1886 2081 1941 ipsius
2113 1886 2383 1940 velbtraditio
2407 1888 2563 1942 poterit
2605 1899 2701 1933 esse

1458 1959 1662 2015 perfecta,
1690 1971 1770 2003 nec
1793 1955 1961 2002 m'orum
1986 1959 2210 2003 conversio
2242 1972 2358 2010 vera,
2387 1966 2468 2003 nec
2490 1959 2701 2005 stabilitas

1457 2031 1500 2075 in
1523 2032 1619 2075 loco
1639 2032 1861 2074 fructuosa
1880 2050 1890 2075 ι
1917 2023 2180 2087 quapropter
2196 2037 2343 2076 cavete
2366 2032 2505 2084 vobis,
2525 2031 2698 2091 fratres,

1455 2114 1509 2148 ne
1528 2103 1652 2154 forte,
1673 2104 1788 2160 quod
1812 2103 1923 2146 absit
1943 2103 2049 2158 l'qui
2066 2104 2280 2146 seminalis
2297 2104 2488 2155 multum,
2503 2103 2700 2148 inferatis

1456 2188 1607 2232 parum
1635 2175 1806 2232 (Aqq.1‚
1831 2174 1901 2231 6);
1929 2176 2070 2231 sitque
2097 2176 2218 2219 labor
2246 2175 2423 2226 multus,
2454 2180 2497 2219 et
2534 2175 2700 2221 fructus

129 2239 259 2282 tionis
299 2241 615 2284 confundamur
654 2243 860 2298 prodire.·
880 2243 1124 2288 Annuimus
1163 2258 1264 2302 ergo
1285 2278 1296 2298 ,
1333 2254 1375 2291 et
1397 2274 1430 2324 C
1454 2249 1614 2291 nullus.
1659 2248 1720 2291 Ex
1750 2260 1801 2291 eo
1823 2248 1936 2303 quod
1961 2247 2141 2290 multum
2168 2248 2424 2291 seminatum
2444 2254 2522 2299 est,
2547 2260 2699 2303 parum

131 2312 317 2366 gerimus
343 2314 466 2358 vobis
487 2325 677 2368 morem,
703 2315 907 2360 dedentes
939 2329 1019 2360 nos
1040 2317 1165 2363 vobis
1184 2331 1238 2362 ex
1259 2324 1367 2372 toto,

45 2398 63 2422 i:
128 2389 176 2426 ut
213 2385 347 2428 aimus
384 2387 544 2440 vestri,
578 2392 620 2431 et
669 2387 871 2431 fruamini
918 2390 1071 2441 nobis,
1111 2398 1157 2433 ut
1197 2391 1372 2436 libuerit

127 2455 173 2500 in
226 2456 432 2511 Domino;
475 2464 688 2515 quatenus
726 2465 769 2504 et
806 2472 887 2504 nos
925 2461 1049 2505 vobis
1088 2461 1286 2507 fruamur
1323 2463 1384 2508 in

49 2554 54 2564 ι
126 2530 236 2585 ipso.

180 2599 230 2644 Π.
250 2602 407 2646 Circa'
398 2616 489 2659 ipsa
512 2604 641 2659 primi
685 2603 897 2649 sermonis
922 2607 1114 2660 exordia,
1139 2620 1162 2652 a
1187 2621 1272 2665 quo
1288 2610 1370 2654 iste

127 2671 170 2714 in
193 2672 342 2716 ordine
364 2673 557 2718 decimus
581 2676 736 2718 tertius
753 2680 834 2727 est,
860 2678 942 2719 tria
965 2677 1158 2732 quaedam
1184 2680 1371 2724 breviter

127 2746 472 2800 perstrinximus,
498 2746 550 2791 dc
573 2748 729 2803 quibus
762 2750 805 2791 in
828 2749 1061 2794 duodecim
1077 2752 1366 2803 sermonibus,

36 2831 66 2874 is.
126 2818 198 2873 qui
222 2818 336 2861 hunc
358 2820 621 2874 praecedunt,
662 2828 848 2865 vestram
885 2822 1154 2867 dilectionem
1193 2825 1368 2868 allocuti

0 2939 1 2950 ἵ
127 2904 276 2935 sumus
294 2908 304 2935 ;
321 2891 519 2935 videlicet
540 2891 791 2948 dignitatem
816 2893 996 2946 ordinis,
1017 2896 1193 2940 habitus
1207 2898 1370 2953 signiti-

0 2954 2 2962 ’
126 2964 353 3014 cntionem,
389 2970 431 3007 et
460 2963 594 3007 robur
630 2959 922 3019 professionis
950 2973 1123 3012 nostrae.
1168 2968 1370 3025 Eousque

51 3053 62 3075 v·
125 3049 226 3080 vero
246 3043 392 3080 nostra
417 3037 459 3080 in
478 3037 557 3088 eis,
583 3050 710 3093 quam
738 3037 792 3081 ad
825 3052 900 3082 vos
930 3039 1176 3090 habuimus,
1208 3041 1368 3086 locutio

0 3114 2 3123 '
36 3127 54 3152 ι,
125 3108 329 3164 perducta
365 3113 448 3160 est,
483 3114 531 3152 ut
561 3109 654 3165 ipsa
692 3110 820 3153 verba
860 3110 1033 3168 Regulae
1061 3111 1201 3157 Patris
1230 3116 1368 3158 nostri

0 3227 4 3236 ¹
68 3211 87 3238 ·.
125 3181 369 3237 Augustini,
396 3193 481 3239 qua
503 3184 721 3238 potuimus
742 3185 1009 3240 expositione
1035 3186 1254 3243 sigillatim
1279 3188 1370 3232 dis-

8 3252 23 3315 J
52 3282 62 3300 ;
126 3262 269 3299 cutere
295 3256 505 3311 compulsi
529 3256 692 3300 simus:
714 3269 889 3301 causam
911 3259 1009 3304 inde
1032 3259 1308 3315 accipienteS‚
1325 3267 1367 3304 et

0 3338 4 3350 ·
125 3328 408 3379 occasionem,
433 3334 477 3371 ut
498 3328 540 3370 in
561 3327 678 3384 prof
670 3330 826 3373 ssione
849 3336 997 3373 nostra
1019 3330 1072 3373 de
1089 3330 1366 3375 eademface-
1389 3347 1424 3391 D
1450 3333 1555 3376 Nam
1594 3333 1696 3389 quid
1729 3332 1937 3401 prodesse
1971 3332 2047 3374 tihi
2087 3331 2223 3386 possit
2250 3331 2412 3386 absque
2439 3331 2690 3375 obedientiae

0 3450 9 3463 .
55 3418 71 3442 a>
117 3408 269 3442 remus
293 3398 448 3454 Rigula
470 3400 747 3451 mentionem,
765 3413 816 3444 eo
835 3402 999 3444 sedicet
1015 3403 1156 3455 modo
1183 3415 1270 3458 quo
1285 3417 1363 3446 vo-

0 3507 6 3518 ,
64 3468 88 3498 ='
125 3482 222 3514 vere
262 3472 479 3514 solemus:

521 3473 759 3515 secundum
802 3473 1078 3530 Evangelium
1107 3474 1287 3528 Christi,
1323 3482 1366 3519 et

0 3540 4 3551 '
55 3547 67 3572 .;
127 3544 360 3587 secundum
390 3545 669 3599 apostolicam
705 3546 1034 3599 institutionem,
1056 3559 1106 3590 ac
1129 3549 1364 3591 secundum

128 3616 375 3659 canonicam
395 3616 599 3672 Regulam
620 3617 732 3659 beati
748 3617 991 3674 Augustini.
1009 3618 1112 3670 Quae
1135 3626 1276 3663 antem
1294 3621 1365 3664 illa

127 3689 229 3737 sint,
254 3701 348 3743 quae
373 3690 423 3731 ad
449 3690 613 3732 ordinis
636 3689 903 3744 dignitatem,
930 3703 979 3735 ac
1008 3692 1181 3736 habitus
1203 3694 1367 3750 signifi-

127 3762 351 3815 cationem,
379 3769 504 3817 atque
525 3762 575 3804 ad
597 3762 731 3816 ipsam
750 3770 943 3806 nostram
968 3766 1181 3819 pertinent
1201 3767 1368 3821 profes-

127 3834 306 3885 sionem,
340 3841 468 3890 prout
489 3834 613 3877 nobis
659 3847 889 3879 occurrere
913 3837 1070 3891 potuit,
1095 3844 1138 3881 et
1158 3846 1365 3894 quantum

127 3909 218 3963 ipsa
244 3911 385 3960 nobis,
415 3910 466 3953 de
493 3923 575 3966 qua
607 3911 853 3965 agebamus,
886 3911 1068 3954 materia
1094 3897 1366 3960 occasionem

126 3981 320 4034 praebuit,
348 3982 511 4023 utinam
536 3987 621 4023 tam
646 3981 701 4023 sit
721 3992 743 4021 a
761 3981 882 4024 vobis
906 3977 1123 4025 fructuose
1156 3985 1363 4038 auditum,

126 4064 252 4106 quam
273 4060 334 4097 est
362 4066 385 4095 a
409 4054 534 4098 nobis
549 4054 723 4110 profuse
740 4054 979 4098 ostensum!
993 4053 1078 4097 -Est
1094 4055 1238 4110 itaque
1260 4063 1367 4101 ordo

124 4126 371 4183 verborum,
396 4139 491 4182 quae
511 4127 559 4169 >in
582 4126 850 4182 professione
895 4131 1044 4169 nostra
1072 4129 1363 4178 continentur,

128 4197 244 4241 hunc
273 4200 435 4242 habens
458 4200 630 4243 modum
656 4218 664 4242 ;
695 4199 781 4255 qu
803 4199 935 4254 frater
959 4198 1016 4242 N.
1043 4200 1216 4254 offerens
1246 4206 1364 4244 trado

127 4274 338 4325 meipsum.
367 4271 560 4315 Ecclesioe
594 4279 746 4315 sonctae
780 4272 855 4314 Dei
891 4270 1107 4322 Genitricis
1128 4272 1294 4326 Maria),
1329 4279 1370 4320 et

124 4347 318 4398 'promitto
341 4348 641 4390 conversionem
671 4359 828 4388 morum
868 4358 1065 4400 meorum,
1097 4356 1135 4391 et
1157 4350 1365 4393 stabilim-

1454 2322 1655 2378 colligitis
1675 2337 1685 2363 ·.
1722 2322 1759 2365 si
1782 2322 1966 2364 multum
1985 2321 2028 2365 in
2046 2325 2206 2365 sanctae
2225 2319 2462 2383 Religionis
2483 2321 2699 2365 exercitiis

1452 2394 1653 2438 sudorem
1668 2394 1926 2450 expenditis,
1947 2393 2022 2438 sed
2047 2394 2098 2438 ad
2125 2394 2324 2437 meritum
2342 2393 2513 2449 aliquod
2528 2405 2603 2450 per
2617 2395 2698 2438 hoe

1450 2479 1536 2510 non
1566 2467 1825 2522 pertingitis,
1851 2467 1952 2510 dum
1973 2465 2092 2509 Patri
2126 2471 2272 2510 vestro
2313 2467 2523 2522 spirituali
2550 2467 2699 2511 inobe-

1450 2541 1617 2584 dientes
1634 2541 1754 2584 estis.
1789 2539 1962 2597 Totum·
1981 2539 2139 2596 quippe
2173 2539 2363 2582 virorum
2382 2538 2696 2596 Religiosorum

1451 2612 1495 2657 in
1515 2614 1782 2657 sola-virtute
1802 2607 2056 2657 obedientiae
2086 2605 2287 2657 meritum
2313 2618 2396 2660 est.
2424 2611 2489 2656 En
2523 2621 2564 2657 te
2594 2614 2698 2658 offe·

1450 2684 1583 2728 rendo
1598 2677 1839 2732 tradidisti.
1856 2689 1907 2727 et·
1926 2683 2135 2727 tradendo
2155 2683 2350 2741 obtulisti
2374 2683 2576 2727 Ecclesiae
2596 2683 2695 2737 Dei:

1451 2755 1523 2798 sed
1549 2754 1655 2796 nihil
1674 2755 1716 2796 in
1740 2753 1808 2796 his
1827 2750 2103 2809 perfectionis
2126 2765 2355 2809 aggressus
2372 2766 2434 2803 es,
2453 2756 2488 2796 si
2502 2754 2694 2808 ejusdem

1450 2827 1655 2870 Ecclesiae
1677 2825 1812 2877 Patri,
1837 2827 1905 2869 cui
1950 2830 1991 2869 te
2022 2825 2294 2869 ohediturum
2319 2825 2572 2881 promisisti,
2601 2827 2696 2869 ino-

1452 2899 1629 2943 bediens
1640 2910 1701 2943 cs.
1719 2897 1959 2942 Promisisti
1973 2898 2298 2941 conversionem
2317 2910 2484 2939 morum
2505 2903 2692 2952 tuorum

1451 2973 1526 3019 sed
1555 2973 1673 3016 Patri
1711 2980 1785 3016 tuo
1821 2970 2034 3027 spirituali
2066 2971 2180 3014 nolle
2213 2970 2402 3031 obedire,
2436 2983 2523 3013 non
2551 2983 2694 3015 mores

1449 3050 1717 3096 convertere,
1756 3043 1835 3086 sed
1869 3054 2012 3085 mores
2046 3046 2292 3096 pervertere
2313 3046 2394 3084 est.
2418 3039 2483 3082 An
2506 3039 2616 3084 sorte
2639 3041 2693 3085 de

1451 3111 1681 3161 stabilitate
1700 3116 1742 3159 in
1770 3116 1864 3158 loco
1887 3114 2096 3158 blandiris
2118 3113 2225 3156 tibi?
2252 3112 2357 3156 Nam
2391 3119 2432 3157 ct
2454 3113 2568 3156 illam
2591 3126 2694 3169 pro-

1450 3189 1632 3242 irrisisti;
1677 3187 1751 3231 sed
1790 3188 1903 3231 mille
1937 3186 2061 3229 annis
2093 3186 2138 3228 in
2181 3197 2234 3230 eo
2275 3185 2445 3229 stabilis
2476 3198 2615 3236 mane,
2649 3191 2690 3229 et

1451 3261 1644 3316 ejusdem
1683 3259 1765 3302 loci
1790 3258 1907 3301 Patri
1942 3258 2030 3301 noli
2059 3258 2266 3302 obedire:-
2281 3258 2386 3300 nihil
2407 3259 2481 3301 tihi
2500 3259 2687 3313 prodest.

1445 3407 1622 3458 virtute,
1644 3406 1710 3449 vel
1732 3405 1795 3447 tui
1819 3405 1957 3459 ipsius
1974 3403 2161 3454 traditio,
2181 3408 2223 3446 et
2239 3402 2414 3454 oblatio,
2436 3404 2504 3446 vel
2521 3415 2688 3447 morum

1446 3486 1618 3526 tuorum
1661 3478 1918 3522 conversio?
1951 3476 2039 3519 Imo
2066 3478 2215 3520 saltem
2246 3477 2358 3532 quod
2408 3477 2551 3533 aliqua
2592 3491 2688 3523 esse

1446 3558 1594 3609 posset
1626 3563 1793 3595 morum
1828 3557 2002 3594 tuorum
2042 3550 2284 3600 conversio,
2322 3549 2391 3592 vel
2416 3550 2586 3606 aliquod
2607 3552 2685 3594 tibi

1447 3626 1642 3670 conferre
1669 3625 1866 3668 meritum
1907 3623 2118 3667 stabilitas
2139 3622 2182 3664 in
2206 3622 2314 3672 loco,
2338 3635 2418 3665 nec
2450 3624 2491 3665 in
2527 3622 2686 3672 Christi

1447 3699 1659 3753 reperitur
1690 3697 1939 3753 Evangelio,
1972 3708 2050 3739 nec
2086 3695 2321 3750 apostolica
2345 3701 2489 3738 censet
2513 3696 2687 3738 institu-

1446 3773 1522 3820 tio
1551 3784 1624 3813 nec
1644 3769 1990 3813 habetcanonica
2008 3767 2295 3822 Reguiibeati
2318 3766 2558 3821 Augustini
2574 3767 2690 3819 Quid

1447 3855 1549 3899 ergo
1582 3843 1719 3892 deest,
1755 3841 1928 3894 inquis?
1965 3839 2127 3882 Exhibe
2149 3839 2433 3882 obedientiam
2466 3838 2581 3881 Pati-i
2612 3850 2685 3882 tuo

1448 3914 1676 3968 spirituali,
1707 3919 1749 3956 ct
1780 3913 1868 3955 haec.
1898 3914 2039 3954 omnii
2067 3917 2263 3966 prosunt.
2295 3910 2530 3955 Contemne
2565 3898 2685 3955 cxlii-

1447 3988 1546 4031 bere
1570 3999 1679 4036 eam,
1697 3985 1780 4029 etsi
1801 3987 1844 4027 in
1862 3998 1906 4028 se
1930 3984 2088 4039 aliquid
2112 3990 2226 4036 sunt,
2253 3984 2326 4028 sed
2344 3984 2447 4027 nihil
2467 3985 2543 4027 tibi
2567 3991 2683 4028 sunt.

1448 4056 1612 4102 Idcirco
1632 4058 1831 4103 fortassis
1852 4058 2046 4114 postilla
2071 4058 2231 4108 omnia,
2265 4057 2318 4100 de
2348 4057 2588 4100 obedientia
2622 4058 2685 4099 fa-

1447 4130 1510 4175 cis
1536 4131 1577 4174 in
1596 4130 1862 4187 professione
1878 4136 1947 4171 tua
1973 4130 2250 4180 mentionem,
2271 4134 2317 4170 ut
2339 4129 2410 4171 illa
2434 4129 2616 4183 pendere
2633 4142 2684 4172 ex

1449 4205 1545 4253 ista,
1571 4209 1626 4244 et·
1645 4201 1851 4257 quidquid
1874 4201 2070 4243 util'tatis
2094 4201 2266 4252 liabent,
2285 4212 2335 4243 ex
2371 4200 2452 4243 ista
2487 4200 2599 4246 scias
2622 4201 2684 4244 eis

1448 4273 1647 4320 conferri.
1693 4274 1803 4326 Quid
1842 4274 1953 4316 enim
1992 4274 2080 4323 illa,
2122 4272 2207 4316 nisi
2249 4267 2441 4327 quaedam
2465 4267 2704 4324 'sacrificia

1450 4349 1579 4392 sunt?
1617 4348 1697 4393 Sed
1737 4360 1784 4389 ea
1811 4348 1906 4390 sine
1938 4347 2017 4388 ista
2065 4358 2151 4388 non
2193 4343 2361 4399 accipit,
2393 4355 2470 4388 nee
2493 4349 2687 4399 acceptat
