2924 4588
188 152 300 197 tm
413 195 416 198 ,
544 174 572 209 0

1188 141 1351 186 PETnt
1381 139 1633 205 contest„
1642 140 1731 184 ms

185 242 435 286 inchoarent
462 250 539 294 pro
574 249 620 282 se
641 234 797 292 popub
815 235 1075 293 (Larinati),
1113 233 1158 278 ln
1181 233 1426 292 praeceden·
1449 237 1485 281 Α
1510 231 1669 288 parebo
1690 238 1884 283 sanctus,
1916 242 1999 274 non
2033 239 2214 286 parcens
2248 231 2435 285 peortatis
2468 242 2637 276 eorum.
2665 231 2752 276 Vo-

182 313 297 356 tihus
314 310 431 354 enim
453 316 612 365 septem
650 309 802 353 diebus
826 308 963 351 vicent
994 305 1232 350 sacerdotis
1257 303 1423 348 habue-

182 392 251 428 rat
275 383 461 440 Moyses,
500 389 542 424 et
567 385 789 436 ecepcrat
829 379 884 422 ab
915 381 1059 422 Aaron
1093 378 1137 420 et
1178 376 1276 429 liliis
1308 376 1420 431 ejus,

178 470 276 512 quae
310 464 456 511 postca
495 466 519 497 a
541 454 698 509 populo
737 452 798 495 illi
834 458 959 496 erant
1001 450 1233 513 accepturi,
1267 457 1306 492 vt
1338 448 1420 492 nti-

178 528 375 571 nistravit
407 525 549 570 altari.
591 524 635 567 ln
680 525 750 568 die
783 532 935 568 octavo
970 523 1159 579 aggressi
1205 534 1305 566 sunt
1342 521 1422 576 ipsi

177 599 464 648 ministerium
490 599 542 642 ad
570 598 688 655 quod
735 597 906 640 fuerant
927 596 1131 647 ordinati,
1165 602 1209 638 et
1247 594 1419 650 Moy->es

176 671 378 717 cessavit.
426 670 477 712 Et
503 670 676 713 tradunt
722 668 898 724 quidam
920 667 1034 710 diem
1060 673 1254 709 octavam
1284 665 1418 709 luisse

177 749 359 804 primam
389 746 502 790 diem
543 745 644 789 anni
674 743 869 805 secundi,
907 754 959 786 ex
982 755 1069 798 quo
1101 741 1262 798 egressi
1303 748 1418 784 sunt.

179 819 232 865 Et
247 833 347 865 curn
383 818 585 874 objicitur
605 818 668 860 eis
691 816 807 873 quod
854 814 992 871 prima
1013 815 1081 857 dic
1104 813 1204 856 anni
1244 813 1420 857 secundi

177 896 338 940 dictum
367 900 447 946 est,
496 891 659 936 scilicet
696 887 1022 934 tabernaculum
1062 895 1269 938 erectum.
1302 889 1425 930 aiunt

176 968 435 1012 erectionem
466 965 575 1017 diei,
628 962 1046 1008 consummationem
1087 959 1424 1005 consecrationis

176 1040 289 1094 ejus.
327 1037 620 1092 Praecepitque
655 1033 825 1091 Moyses
871 1034 1011 1096 ignem
1049 1040 1264 1076 terrenum
1304 1042 1424 1075 amo»

176 1113 264 1157 veri
299 1111 354 1155 ab
373 1112 515 1164 altari,
547 1122 634 1166 quo
658 1121 764 1152 usus
787 1115 924 1151 §.ierat
960 1107 1026 1149 his
1047 1104 1224 1157 diebus;
1253 1106 1354 1160 quia
1374 1116 1426 1148 ea

176 1185 245 1229 die
268 1191 491 1241 appareret
538 1184 601 1227 cis
652 1181 874 1225 Dominus.
912 1178 1280 1235 Congregatisque
1326 1178 1424 1223 liliis

178 1257 326 1310 lsrael,
352 1257 493 1313 primo
520 1256 675 1300 obtulit
702 1256 843 1297 Aaron
870 1264 947 1308 pro
979 1260 1156 1307 peceato
1190 1265 1270 1295 suo
1308 1256 1422 1295 vitu-

178 1334 283 1382 lum,
313 1331 439 1387 cujus
460 1331 646 1387 adipem,
686 1342 827 1383 renes,
852 1338 892 1374 et
915 1327 1177 1372 renunculos
1217 1325 1424 1382 imposuit

177 1404 318 1457 altari,
344 1404 440 1460 igne
463 1416 547 1446 non
570 1403 819 1459 supposit03
846 1411 1001 1445 caetera
1049 1398 1286 1444 combussit
1305 1406 1424 1442 extra

175 1483 334 1521 eastra.
362 1475 600 1519 linmolavit
623 1474 753 1519 etiam
780 1487 857 1529 pro
879 1486 924 1518 se
947 1473 1132 1517 hostiam
1170 1471 1421 1522 samtarein,

176 1549 353 1593 arietem
391 1548 433 1592 in
466 1547 783 1595 holocaustum.
836 1552 875 1589 et
916 1543 1120 1600 imposuit
1159 1542 1300 1594 altari,
1349 1542 1423 1586 sed

178 1623 272 1665 sinc
310 1622 423 1677 igne.
460 1619 670 1675 Deinceps
711 1619 935 1662 oblaturus
972 1630 1050 1673 pro
1085 1617 1259 1673 populo,
1301 1628 1423 1659 sum-

175 1692 258 1748 psit
287 1693 341 1737 ah
369 1693 432 1736 eis
463 1692 627 1735 hostias
669 1691 877 1749 quinque,
920 1690 1102 1733 vitulum
1146 1701 1226 1744 pro
1249 1695 1425 1745 peccato

175 1764 339 1819 populi,
380 1770 423 1807 et
463 1763 630 1806 hircum
660 1774 738 1817 pro
778 1769 951 1817 peceato
995 1759 1219 1815 principis,
1265 1771 1422 1815 agnum

175 1851 253 1893 pro
280 1844 454 1893 peccato
478 1837 647 1887 animm,
690 1835 842 1878 bovem
880 1835 920 1877 in
965 1833 1282 1885 holocaustum,
1312 1833 1425 1875 arie·

175 1917 258 1951 tent
285 1920 362 1964 pro
384 1907 591 1964 pacificis.
638 1905 798 1948 Tamen
827 1905 869 1948 in
893 1905 1186 1947 immolatione
1221 1916 1308 1947 non
1341 1902 1424 1946 nisi

177 1982 257 2024 tria
281 1981 438 2025 dicitur
463 1980 728 2031 inunolasse,
762 1979 930 2020 hircum
952 1983 1236 2032 propeccato
1255 1975 1421 2030 populi,

173 2061 216 2096 et
244 2054 413 2106 hovem,
441 2059 482 2096 et
501 2053 676 2095 arietem
702 2063 776 2106 pro
800 2049 1004 2105 paoiiicis.
1031 2049 1062 2091 F
1065 2057 1159 2113 orte
1184 2049 1283 2105 quia
1302 2049 1422 2104 prius

173 2139 222 2170 ea
248 2133 562 2179 numeraverat,
596 2138 672 2181 pro
708 2124 915 2168 brevitate
952 2123 1027 2174 ⁶illa
1047 2116 1196 2166 tacuit.
1234 2120 1287 2165 Et
1318 2133 1421 2177 qnia

174 2200 404 2255 separatim
428 2200 479 2242 de
497 2207 673 2255 peccato
708 2197 941 2254 Synagogae
965 2196 1188 2252 principis,
1206 2201 1251 2241 et
1268 2195 1423 2239 aninnc

177 2285 262 2316 non
298 2273 465 2329 agebat,
507 2278 547 2314 ut
576 2271 712 2327 prius,
738 2271 959 2326 quodlibet
983 2270 1112 2312 trium
1135 2281 1212 2325 pro
1247 2275 1423 2328 pgecato

1455 1299 1483 1341 il

1502 303 1701 357 cavitque
1722 300 1960 352 misaelem,
1983 306 2028 344 et
2055 297 2284 356 Elisaphan
2318 301 2428 345 tilios
2469 301 2585 345 Oziel
2612 302 2754 358 patrui

1501 375 1663 435 Aaron,
1688 382 1895 430 cognatos
1919 384 2090 426 eorum,
2113 379 2162 417 et
2194 373 2255 417 ait
2283 373 2368 418 illis
2389 389 2402 420 z
2428 389 2443 416 r
2461 373 2614 420 Tollite
2661 375 2754 419 l'ia·

1504 454 1592 492 tres
1629 455 1794 492 vestros
1831 454 1952 492 extra
1976 453 2135 491 castra.
2161 460 2176 488 ι
2202 445 2255 490 Et
2283 454 2619 503 exportaverunt
2660 460 2752 500 eos.

1502 521 1617 564 sicut
1660 529 1784 564 erant
1826 520 1982 572 induti,
2009 520 2155 575 lineis,
2183 527 2227 563 et
2251 520 2389 572 tiaris,
2425 526 2467 563 et
2499 522 2757 576 sepelierunt

1500 606 1593 644 eos,
1618 593 1676 636 ita
1701 600 1744 636 ut
1767 593 1952 636 ministri
1975 593 2126 638 altaris
2161 592 2427 648 sepeliuntur
2450 592 2588 636 induti
2627 593 2760 636 resti·

1504 666 1584 708 lius
1603 665 1832 708 ministerii
1847 666 1930 709 sui.
1954 665 2063 709 Cum
2089 673 2234 710 aitteui
2256 659 2419 718 Aaron,
2435 673 2478 710 et
2502 666 2652 723 reliqui
2672 669 2759 711 duo

1506 738 1578 781 lilii
1603 738 1714 791 ejus,
1752 735 1948 790 Eleazar,
1986 744 2028 781 et
2060 737 2249 782 ithamar
2269 740 2468 794 plangere
2496 740 2654 783 vellent
2673 739 2760 785 sra-

1506 815 1590 853 tres
1627 823 1731 853 suos
1769 822 1888 853 more
1919 810 2063 864 solito,
2101 811 2319 867 prohibuit.
2360 809 2528 867 Moyses
2569 813 2719 858 dicens
2745 826 2760 866 2v

1514 902 1524 920 .·
1556 882 1706 924 Oleum
1744 887 1943 925 sanctum
1970 889 2038 926 est
2067 894 2307 940 supervos,
2346 884 2478 928 nolite
2510 884 2652 939 capita
2686 897 2761 929 re·

1504 961 1591 997 stra
1617 954 1806 1006 nudare;
1831 960 1973 999 vestes
1999 955 2132 999 nolite
2148 955 2358 1009 scindere,
2387 969 2442 1000 ne
2464 956 2575 1000 sorte
2599 957 2761 1002 moria·

1506 1027 1610 1068 niini
1633 1039 1643 1073 ;
1670 1038 1752 1068 nou
1777 1025 1950 1070 exibitis
1982 1026 2098 1070 sores
2143 1026 2428 1072 tabernaculi.
2459 1044 2474 1069 ι
2501 1023 2664 1072 'fatuea
2685 1028 2758 1072 Jo-

1506 1100 1668 1155 sephus
1716 1100 1841 1143 aliter
1871 1099 2000 1151 dicit,
2041 1101 2141 1156 quia
2187 1093 2289 1145 dum
2332 1110 2554 1158 portarent
2595 1102 2759 1146 nostias

1506 1185 1638 1229 super
1667 1186 1804 1226 ararn,
1849 1186 1959 1229 (intas
2003 1187 2088 1217 non
2130 1183 2391 1231 praeceperat
2428 1175 2655 1230 Dominus,
2686 1178 2760 1221 sed

1506 1246 1663 1301 quib-s
1681 1246 1819 1301 primo
1836 1246 2084 1298 utebantur,
2102 1247 2244 1291 subito
2267 1247 2517 1292 inflammati
2544 1255 2661 1300 sunt,
2682 1259 2764 1293 nec

1506 1320 1638 1361 valuit
1659 1319 1988 1378 quisquameos
2011 1320 2302 1372 exstinguere.
2338 1317 2560 1376 iussitque
2594 1321 2764 1378 Moyses

1507 1401 1672 1448 patrem
1709 1405 1876 1444 eorum,
1914 1400 1956 1437 et
1986 1393 2156 1448 fratres,
2179 1400 2400 1450 portantes
2428 1406 2612 1450 corpora
2641 1403 2759 1439 extra

1507 1472 1667 1517 castra,
1694 1478 1887 1520 crmgruo
1928 1465 2093 1510 honore
2121 1466 2320 1522 sepelire,
2355 1466 2550 1522 dixitque
2594 1466 2762 1525 Moyses
2797 1522 2811 1536 ·

1505 1537 1670 1591 Aaron,
1706 1549 1749 1581 et
1767 1539 1867 1582 liliis
1896 1538 2009 1594 ejus,
2029 1548 2076 1584 ut
2101 1539 2300 1583 tollerent
2319 1546 2461 1595 partes
2484 1553 2586 1583 suas
2612 1542 2665 1583 de
2684 1541 2763 1584 ho·

1507 1610 1602 1654 stiis
1645 1610 1926 1660 salutat-ihus.
1967 1619 2006 1655 et
2053 1611 2193 1654 oblata
2236 1621 2313 1667 pro
2337 1618 2529 1667 peccato,
2577 1624 2761 1667 quorum

1505 1683 1728 1737 sanguinis
1750 1692 1836 1727 non
1865 1689 1958 1727 erat
1978 1683 2124 1727 illatus
2147 1684 2188 1726 in
2232 1684 2578 1738 tabernaculum,
2609 1695 2650 1728 ct
2681 1697 2760 1729 co·

1505 1756 1725 1801 mederent
1758 1769 1830 1800 ea.
1867 1754 1920 1800 Et
1954 1768 2053 1800 eum
2089 1765 2332 1812 qnaererent
2355 1757 2522 1801 hircum
2565 1757 2757 1801 oblatum

1506 1841 1584 1884 pro
1607 1837 1786 1884 peccato
1826 1830 2047 1885 principis,
2070 1837 2251 1874 exustus
2285 1831 2486 1876 inventus
2522 1838 2603 1876 est.
2630 1831 2763 1876 Cum·

1505 1912 1592 1954 que
1630 1901 1765 1944 iratus
1804 1899 1972 1958 Moyses
2006 1914 2137 1957 super
2178 1900 2261 1945 hoc
2294 1910 2508 1958 argueret·
2532 1903 2676 1947 Aaron
2719 1910 2762 1948 et

1507 1973 1622 2017 lilios
1644 1973 1756 2030 rius,
1780 1972 2004 2018 excusarit
2027 1986 2073 2017 se
2090 1973 2234 2018 Aaron
2267 1975 2431 2020 dicens.
2464 1988 2479 2018 t
2508 1974 2611 2020 Mihi
2647 1977 2762 2022 acci·

1506 2045 1567 2089 dit
1613 2047 1726 2102 quod
1754 2046 1890 2091 vides.
1925 2062 1941 2088 u
1968 2046 2101 2100 Quasi
2141 2047 2255 2092 dicat
2286 2061 2298 2092 ε
2333 2046 2397 2092 Ex
2439 2049 2763 2106 perturbatione

1505 2120 1637 2162 animi
1661 2119 1818 2163 sactum
1842 2126 1909 2164 est
1928 2119 2026 2165 hoc.

1672 2191 1775 2236 cip.
1820 2191 1952 2236 xvn.
1996 2193 2058 2237 De
2081 2194 2331 2239 discretione
2372 2196 2559 2240 ciborum

1559 2263 1766 2321 Proeeepit
1806 2264 2015 2311 Dominus
2065 2264 2220 2324 Moysi,
2256 2274 2299 2311 et
2335 2265 2496 2323 Aaron,
2529 2276 2576 2312 ut
2615 2269 2760 2314 trade·

174 2347 322 2403 populi
357 2346 495 2403 potuit
515 2346 597 2389 dici
622 2345 829 2388 oblatum.
870 2343 1135 2400 Augustinus
1171 2350 1312 2385 tamen
1336 2342 1418 2385 im-
1439 2371 1471 2417 C
1505 2346 1598 2381 rent
1623 2338 1722 2381 liliis
1748 2337 1878 2382 lsrael
1900 2338 2034 2396 legem
2061 2339 2114 2382 de
2145 2340 2407 2388 discretione
2430 2342 2626 2387 ciborum
2659 2342 2760 2400 (Lc-

174 2421 329 2476 probat
361 2420 547 2464 litteram
572 2432 668 2476 quar
695 2419 801 2462 dicit
824 2418 1015 2473 quinque
1042 2423 1207 2460 tantum
1230 2422 1416 2471 sumpta,

174 2500 218 2536 et
239 2492 342 2536 dicit
364 2505 462 2536 cnm
486 2492 568 2535 illis
592 2480 783 2547 quinque
807 2496 1023 2545 sumptum
1050 2500 1206 2544 agnum
1236 2487 1419 2531 aumen-

175 2566 263 2609 lutn
285 2565 327 2608 in
351 2565 671 2620 holocarposin,
697 2563 813 2619 quod
854 2568 979 2606 sonat.
1014 2561 1301 2605 holocaustum
1325 2560 1420 2615 sru-

174 2646 381 2682 cmosum.
423 2637 737 2692 chebaturque
771 2628 1083 2689 holocarposis,
1120 2632 1418 2676 holocaustum

175 2710 280 2755 illud
308 2709 423 2765 quod
459 2708 668 2752 Dominus
703 2708 848 2763 aliquo
883 2709 1010 2761 signo
1028 2705 1188 2749 visibili
1220 2705 1419 2747 ostende-

173 2785 248 2829 hat
286 2785 368 2829 sihi
392 2790 559 2840 gratum
594 2794 704 2827 esse.
748 2782 855 2824 Cum
897 2789 1041 2824 autem
1067 2778 1340 2834 imposuisset
1365 2789 1415 2820 ex

177 2857 244 2902 his
267 2856 408 2900 Aaron
444 2845 573 2911 super
596 2855 747 2907 altare,
793 2866 890 2908 qum
930 2852 1138 2896 adolenda
1167 2858 1305 2904 erant,
1337 2850 1419 2894 Do-

175 2930 292 2973 mino
318 2930 600 2985 separaritde
650 2927 839 2987 pacificis
881 2934 1045 2981 partem
1081 2938 1231 2978 snam,
1273 2936 1417 2968 armos

174 3003 348 3047 dextros
372 3010 415 3046 et
443 3010 632 3058 pectora,
670 3009 712 3044 et
751 3001 987 3044 extendens
1017 3011 1172 3043 manus
1202 2997 1419 3042 benedixit.

174 3075 632 3132 popttlo.1ngressique
652 3074 818 3130 Moyses
838 3079 882 3117 et
909 3073 1049 3116 Aaron
1076 3072 1417 3124 tabernaculum,

173 3154 217 3190 et
238 3147 397 3202 egressi
421 3148 591 3197 iterum,
617 3145 924 3188 benedixerunt
961 3144 1143 3200 populo;
1167 3152 1326 3187 etcum
1352 3156 1420 3187 es-

174 3227 268 3268 sent
310 3218 450 3262 obluta
490 3231 620 3274 super
662 3219 813 3271 altare,
853 3219 1044 3266 etetiam
1083 3230 1181 3261 cum
1221 3218 1283 3262 eis
1318 3218 1420 3274 juge

173 3292 431 3340 saci-ilicium
464 3290 721 3334 matutinum
760 3293 790 3344 ‘‚
815 3303 1015 3347 egressus
1039 3291 1146 3346 ignis
1164 3304 1188 3333 a
1218 3289 1416 3344 Domino,

172 3364 393 3411 devoravit
416 3375 512 3419 qute
547 3370 669 3407 erant
700 3375 828 3418 snper
863 3364 1013 3413 altare,
1036 3371 1079 3406 et
1122 3370 1318 3406 serratus
1355 3371 1420 3407 est

1502 2411 1573 2454 vit.
1614 2410 1691 2463 xi).
1721 2410 1786 2455 Ad
1823 2410 2008 2454 litteram
2043 2411 2158 2454 enirn
2194 2411 2404 2459 Dominus
2437 2415 2558 2459 cibos
2596 2404 2758 2459 homini

1501 2500 1750 2540 concessos,
1787 2487 1850 2532 eis
1874 2486 2078 2531 arctavit·
2098 2491 2273 2544 propter
2294 2491 2639 2548 gastrimargiam
2677 2501 2753 2534 co·

1500 2552 1614 2614 rum,
1640 2561 1765 2617 cujus
1785 2572 1954 2606 sumina
1987 2561 2053 2605 sic
2098 2561 2404 2618 comprehendi
2446 2571 2620 2619 potest:
2655 2564 2758 2607 Ani-

1500 2635 1676 2678 malinm
1703 2635 1787 2678 alia
1817 2635 1966 2678 vivunt
1997 2634 2042 2678 in
2076 2640 2210 2686 terra,
2234 2635 2317 2678 alia
2359 2637 2400 2679 in
2429 2637 2572 2693 aquis,
2604 2637 2687 2681 alia
2716 2637 2757 2681 in

1499 2721 1616 2752 aere.
1657 2708 1759 2752 lien-t
1788 2721 1886 2764 quae
1909 2702 2109 2761 interra,
2139 2708 2221 2752 alia
2271 2710 2457 2763 reptilia,
2483 2723 2579 2766 quae
2613 2712 2758 2755 omnia

1498 2780 1747 2834 immunda;
1771 2781 1855 2825 alia
1878 2782 2073 2836 latentia,
2098 2787 2146 2824 ut
2166 2782 2296 2838 talpa,
2314 2795 2410 2839 quae
2427 2783 2480 2827 de
2505 2784 2596 2827 luto
2616 2785 2759 2829 nasci·

1499 2862 1590 2907 tur;
1620 2861 1662 2898 ct
1682 2855 1931 2899 haecomnia
1965 2856 2206 2900 immunda.
2229 2855 2323 2899 Alia
2357 2858 2595 2913 gradientia
2615 2870 2746 2915 super

1501 2935 1685 2980 tet-raim
1712 2929 1764 2971 de
1796 2928 1863 2972 his
1887 2930 2101 2984 generalis
2135 2936 2199 2973 est
2219 2931 2363 2987 regula
2389 2929 2625 2976 :sternitum
2648 2939 2747 2977 tan-

1501 3007 1590 3045 tum
1617 3008 1684 3046 est
1719 3001 1836 3058 qnod
1860 3003 2052 3046 ruminat
2083 3011 2126 3047 et
2155 3003 2277 3047 findit
2307 3005 2510 3061 ungulam
2537 3007 2566 3049 ·.
2606 3004 2664 3050 De
2688 3007 2754 3064 pi·

1499 3074 1644 3117 scibus
1694 3086 1868 3130 quoquc
1904 3077 2119 3132 generalis
2154 3083 2224 3122 est
2259 3077 2438 3133 regula:
2479 3076 2665 3123 Mundus
2689 3091 2755 3131 est

1500 3155 1664 3192 tautum
1707 3147 1870 3191 hahens
1901 3160 2107 3199 squamas
2153 3155 2194 3193 ct
2238 3149 2467 3204 pennulas.
2511 3149 2572 3193 De
2602 3151 2753 3195 avibus

1500 3218 1752 3261 nominatim
1799 3219 2010 3273 expressit
2049 3232 2146 3275 quae
2183 3220 2419 3265 ‚tntanndae
2466 3227 2627 3264 essent.
2667 3220 2756 3266 lloc

1501 3297 1666 3333 tantum
1694 3289 1746 3333 de
1791 3290 1944 3333 avibus
1985 3291 2240 3346 generaliter
2276 3290 2441 3335 dictum
2481 3300 2547 3334 est
2569 3293 2600 3307 ‘⁶
2630 3289 2753 3335 :Vo-

1500 3363 1618 3407 latile
1658 3364 1771 3421 quod
1795 3365 1989 3419 graditur
2025 3377 2154 3420 super
2189 3371 2376 3419 quatuor
2404 3364 2534 3421 pedes
2555 3365 2752 3411 imnum·-

175 3438 285 3495 ignis
309 3438 390 3482 iste
418 3443 648 3495 perpetuus
668 3448 802 3492 usque
821 3435 876 3479 ad
901 3435 1320 3491 transmigrationem
1336 3436 1418 3478 Bam
1443 3444 1476 3487 o
1499 3438 1600 3480 dum
1630 3445 1710 3488 est,
1747 3437 1831 3481 nisi
1855 3450 1983 3482 crura
2020 3447 2139 3483 retro
2177 3438 2376 3482 hal-uerit
2402 3439 2595 3496 longiora
2619 3451 2749 3495 super

175 3511 360 3570 hymnis,
396 3524 476 3555 nec
512 3510 633 3555 licuit
649 3510 851 3566 deinceps
890 3509 1030 3565 ignem
1072 3520 1287 3565 apponere
1311 3509 1417 3551 alie·

173 3593 293 3625 num.

229 3655 243 3669 ⁶
290 3653 472 3695 Λάάίιὶο.
510 3654 545 3695 l.
588 3652 695 3708 Juge
729 3651 986 3695 sacrificium
1023 3653 1271 3705 vocabatur,
1298 3654 1415 3708 quod

172 3727 361 3783 quotidie
383 3728 659 3781 ollerehatut‘;
683 3726 784 3779 duo,
805 3726 983 3781 scilicet,
1005 3727 1120 3784 agni,
1139 3740 1251 3772 unus
1274 3740 1414 3780 mane,

172 3802 278 3845 alter
305 3813 494 3856 vespere.

320 3877 421 3925 Cae.
462 3874 572 3920 xvi.
619 3878 677 3920 De
704 3886 843 3920 *morte
873 3877 1023 3922 Nadab
1064 3887 1105 3922 et
1139 3880 1263 3923 Abiu.

228 3947 386 4002 Eadem
411 3950 478 3997 dic
518 3949 665 3993 Nadab
701 3958 743 3993 et
772 3951 911 4003 Abiu,
946 3952 1126 4006 arreptis
1162 3953 1412 4003 thuribulis,

172 4024 310 4078 ignem
336 4023 632 4077 imposuerunt
657 4025 842 4067 alienum
876 4025 1060 4080 desuper
1087 4026 1326 4078 incensum,
1350 4025 1417 4068 os-

173 4094 355 4138 tcuentcs
391 4093 537 4148 (Lei-it.
578 4095 638 4150 x).
677 4095 970 4151 Egressusque
1006 4103 1071 4139 cst
1116 4097 1227 4151 iguis
1255 4110 1277 4140 a
1327 4098 1411 4139 Do-

172 4167 303 4219 mino,
326 4167 390 4210 vel
415 4167 484 4209 ille
501 4167 573 4222 qui
594 4167 679 4221 jam
706 4175 796 4210 erat
814 4169 854 4210 in
876 4168 1016 4220 altari,
1038 4170 1099 4211 vel
1123 4170 1233 4212 alius
1258 4171 1411 4214 iterum

172 4238 345 4280 walens
369 4238 420 4280 de.
439 4238 682 4291 sublimi,et
703 4239 939 4290 devotavit,
956 4240 995 4282 id
1018 4248 1082 4283 est
1097 4242 1298 4284 exstinxit
1317 4255 1409 4286 eos.

172 4309 224 4352 Et
246 4310 305 4354 ait
330 4309 494 4366 Moyses
519 4311 570 4354 ad
596 4311 737 4353 Aaron
761 4325 772 4355 ε
808 4326 821 4351 ι
858 4310 946 4354 lloc
963 4320 1028 4357 est
1053 4314 1166 4375 qnod
1203 4312 1411 4358 Dominus

171 4384 275 4435 dixit
301 4399 313 4438 ς
362 4382 673 4429 sanctificabor
718 4385 758 4427 in
810 4384 894 4438 his,
947 4387 1019 4439 qui
1069 4387 1411 4444 appropinquant

174 4456 278 4500 xuthi
310 4470 323 4498 i
361 4457 399 4501 id
428 4466 489 4501 cst
511 4457 636 4501 etiam
665 4456 706 4500 in
736 4457 803 4501 his
830 4457 902 4511 qui
929 4457 1031 4501 mihi
1054 4447 1312 4515 ministrant,
1336 4463 1437 4516 ap—²

1500 3524 1596 3567 quae
1618 3512 1743 3555 saliat
1887 3511 2085 3566 Tangeris
2124 3512 2350 3556 morticina
2377 3524 2546 3564 eorum,
2589 3513 2749 3556 laxabit

1498 3585 1750 3627 vestimenta
1775 3596 1868 3637 sua,
1893 3591 1936 3628 et
1960 3586 2208 3629 immundus
2231 3586 2328 3637 erit,
2367 3598 2502 3639 usquc
2527 3586 2579 3629 ad
2597 3598 2748 3643 respe—

1499 3668 1630 3710 rum;
1670 3660 1799 3700 etiam
1825 3658 1859 3702 si
1897 3669 2072 3701 necesse
2101 3658 2230 3702 fuerit
2269 3666 2314 3701 ut
2350 3665 2489 3714 portet
2531 3659 2746 3714 quispiam

1497 3740 1647 3772 eorum
1673 3736 1907 3774 mortuum.
1944 3729 2081 3787 Super
2119 3730 2232 3786 quod
2265 3731 2470 3775 ceciderit
2507 3731 2742 3789 quidquam

1497 3802 1550 3844 de
1589 3803 2015 3863 rnorticinisqcorum
2056 3805 2289 3859 polluntur,
2333 3811 2416 3847 tarn
2443 3817 2518 3847 vas
2557 3805 2742 3861 ligneum

1497 3886 1626 3930 quam
1670 3874 1894 3930 quodlibet
1930 3875 2257 3929 vestimentnnu
2299 3876 2351 3919 ad
2378 3888 2603 3932 vesperum
2632 3889 2740 3933 aqna

1496 3947 1835 3992 mundabuntur.
1861 3948 1948 3992 Vas
1971 3949 2098 3993 tictile
2126 3950 2236 3993 intra
2260 3948 2374 4004 quod
2400 3950 2602 3994 ceciderit
2621 3951 2741 3994 sian·

1494 4029 1638 4077 getur.
1672 4021 1858 4075 clibani,
1883 4023 1949 4066 rel
1987 4021 2246 4077 citropedes,
2289 4033 2399 4077 quas
2423 4030 2592 4078 strapas
2631 4022 2741 4068 dici-

1495 4107 1609 4146 mus,
1635 4094 1913 4140 destruentur
1941 4096 2028 4139 ¹⁰2
2071 4094 2229 4138 Fontes
2256 4106 2378 4147 vero,
2403 4102 2445 4138 et
2466 4096 2678 4145 cisternae,
2698 4105 2739 4142 ct

1492 4170 1692 4225 quirlihet
1711 4171 1863 4224 maria,
1885 4178 1926 4215 et
1951 4170 2154 4215 sementis
2172 4183 2372 4227 granum,
2398 4171 2587 4226 nondum
2613 4173 2739 4217 semi-

1492 4251 1656 4295 natum,
1683 4251 1796 4287 tactu
1817 4256 1967 4288 eorum
1996 4257 2079 4288 non
2109 4245 2374 4301 polluuntur.

1546 4318 1558 4331 '
1592 4317 1778 4359 Additio.
1795 4317 1854 4360 A.
1879 4315 2093 4361 Ituminat
2112 4317 2231 4369 dic-it,
2255 4325 2429 4375 propter
2449 4330 2640 4374 porcum,
2664 4319 2737 4373 qui

1491 4395 1636 4431 tamen
1665 4389 1786 4431 tindit
1815 4391 2018 4445 ungulam
2041 4390 2202 4446 ;‘tindit
2219 4390 2342 4444 dicit,
2385 4398 2559 4449 propter
2591 4402 2733 4435 came-

1493 4461 1605 4517 lum,
1623 4461 1919 4518 qui-ruminat.
1948 4473 1952 4490 ³
1975 4470 1979 4474 ·

2642 112 2772 184 tent*

2861 4412 2865 4439 l
