2924 4588
831 0 902 44 DE
928 0 1129 58 ORDINE
1155 0 1227 74 ET
1257 0 1462 56 nAm't’o
1486 3 1738 73 CANONIC.
1773 7 1944 53 PRAEM

2615 14 2703 61 562

131 64 277 134 minus
294 99 371 144 per
390 86 526 145 legem
544 99 684 132 suam.
706 85 860 146 Diliqes
873 88 1098 134 Dominum
1111 71 1245 134 Deum
1260 98 1377 134 mum
1398 93 1437 140 Α
1456 99 1670 150 quatenus
1700 96 1824 152 juxta
1854 98 1896 142 iu
1920 97 2034 155 quod
2046 96 2279 155 Apostoius
2300 106 2442 145 monet
2459 115 2473 141 ι
2493 100 2643 157 sobrie,
2663 110 2705 149 et

130 159 273 220 (Dent.
298 171 360 212 vt,
378 158 439 216 5).
463 157 577 202 Dicit
599 158 740 204 adhue
758 160 944 218 :Diliqes
965 158 1205 218 proximum
1230 169 1373 215 tuum;

127 238 172 278 et
205 231 436 289 adiungit:
473 233 582 276 sicut
606 233 779 288 teipsum
816 233 934 291 (Luc.
961 249 1004 288 x,
1032 235 1121 294 27).
1151 234 1375 292 Nusquam

127 307 272 346 tamen
299 301 513 358 scriptum
533 303 777 348 invenitur:
817 304 975 362 Diliges
997 307 1202 364 teipsum.
1240 306 1376 353 Acce-

127 375 190 432 pit
210 380 356 419 tamen
387 374 516 419 homo
540 382 818 432 praeceptum,
851 384 900 421 ut
919 379 1069 436 diligat
1090 383 1133 423 ct
1166 379 1371 436 seipsum,

125 449 299 504 quando
320 454 582 505 praeceptum
617 452 802 508 accepit,
828 458 876 496 ιιι
896 451 1046 509 diligat
1070 452 1204 497 Deum
1227 466 1369 498 suum.

125 518 273 575 Diligit
287 531 475 575 namque
511 520 718 576 scipsum,
743 533 844 565 cum
868 521 1006 579 diligit
1044 523 1202 566 bonum
1226 536 1371 568 suum.

79 629 82 651 Δ,
123 593 287 637 Bonum
310 600 454 637 autem
480 605 605 636 suum
631 594 734 650 quid
758 595 875 639 aliud
895 601 978 649 est,
1003 595 1089 640 nisi
1105 595 1219 640 Deus
1240 598 1374 642 suus?

123 663 218 722 lpse
237 666 412 722 quippe,
450 678 474 708 a
498 678 584 723 quo
607 666 647 711 ei
679 672 763 722 est.
785 673 833 710 ut
856 668 912 712 sit
933 668 1023 724 ipse
1042 700 1054 721 ‚
1083 675 1126 713 ει
1151 669 1195 712 in
1220 682 1307 725 quo
1332 670 1370 713 ei

123 744 204 790 est,
226 744 272 782 ut
298 739 407 783 bene
443 750 494 782 ac
518 739 642 784 beate
664 740 737 784 sit.
769 739 853 784 Sed
875 753 961 784 non
987 741 1239 796 simpliciter
1261 741 1371 786 dici-

0 794 27 883 ,ζ
89 834 91 836 -
123 815 209 860 tur,
234 810 387 867 diliges
411 810 596 866 teipsum
617 827 627 854 ε
655 823 710 854 ne
732 813 950 856 carnalem
974 825 1074 869 erga
1100 813 1291 869 seipsum
1317 815 1373 857 si-

123 881 166 924 bi
209 885 379 936 putaret
401 880 645 925 habendum
669 881 867 926 affectum
889 897 900 935 ;
926 889 972 926 ut
1005 886 1194 940 scipsum
1219 884 1371 942 dilige-

0 977 13 1010 ».
77 983 80 987 -
121 958 202 1003 ret,
242 953 279 997 si
320 954 506 1008 speciale
538 953 754 1010 acciperet
796 963 1073 1012 praeceptum.
1113 956 1160 1000 In
1195 958 1370 1001 homine

121 1037 307 1082 namque
329 1027 414 1071 duo
439 1032 542 1071 sunt
575 1043 584 1070 :
611 1028 755 1071 anima
780 1034 822 1073 et
841 1041 1016 1084 corpus,
1046 1042 1149 1073 caro
1171 1036 1213 1076 et
1241 1030 1367 1087 spiri-

75 1114 78 1115 ’
121 1106 205 1145 ιιιε.
229 1101 412 1145 Carnem
433 1114 554 1145 suam
578 1102 707 1145 homo
735 1102 962 1159 diligeret,
989 1104 1158 1149 etiamsi
1199 1106 1238 1149 ei
1271 1105 1367 1161 Jus-

117 1249 330 1292 sentimus
354 1248 635 1303 experientia,
667 1261 816 1294 verum
842 1262 953 1302 esse,
983 1251 1097 1306 quod
1133 1252 1367 1308 Apostolus

117 1321 220 1364 dicit
237 1333 247 1362 :
275 1320 406 1363 Nemo
421 1335 443 1362 u
451 1334 603 1378 nquam
616 1335 781 1366 carnem
795 1337 915 1366 suam
929 1323 1022 1367 odio
1033 1325 1176 1368 [tabuit
1195 1326 1363 1383 (Eplees.

119 1411 159 1450 v,
188 1398 276 1455 29).
305 1399 357 1441 Et
371 1401 472 1454 quia
496 1400 674 1443 multum
688 1412 774 1444 non
792 1402 967 1445 estodio
992 1415 1076 1445 non
1095 1404 1267 1455 habere,
1290 1406 1366 1448 ad-

116 1469 251 1528 jungit
276 1487 284 1514 :
311 1470 391 1515 sect
412 1472 517 1526 fovet
544 1478 582 1514 et
607 1472 737 1515 nutrit
753 1485 845 1515 eam
865 1472 1020 1530 (ibid).
1057 1474 1212 1532 Utique
1236 1489 1363 1520 nemo

116 1557 306 1600 unquam
341 1557 516 1611 carnem
550 1557 671 1589 suam
697 1545 796 1589 odio
818 1547 977 1591 habere
1008 1554 1165 1604 potest,
1191 1556 1233 1594 et
1263 1550 1363 1606 quia

114 1617 196 1661 hoc
220 1619 371 1674 parum
407 1617 503 1663 e'sse
537 1619 737 1673 videtur;
765 1632 891 1664 nemo
918 1634 1092 1668 carnem
1115 1635 1236 1667 suam
1274 1636 1361 1668 non

113 1702 259 1734 amare
290 1694 448 1746 potest.
476 1690 585 1744 Quia
610 1691 741 1747 igitur
765 1705 840 1747 per
860 1693 1206 1750 irrefragabilem
1240 1701 1363 1740 nat-u-

5 1809 7 1822 ,
27 1769 30 1772 ’
52 1791 53 1794 =
114 1775 173 1808 rae
190 1764 452 1826 violentiam,
472 1770 517 1807 ut
549 1765 674 1821 longe
700 1772 800 1810 ante
822 1779 903 1812 nos
927 1767 1087 1811 dictum
1109 1775 1190 1821 est,
1217 1773 1360 1816 carnis

114 1848 202 1882 suae
225 1848 347 1880 amor
375 1837 633 1881 sufficienter
659 1838 823 1882 homini
847 1838 1002 1891 inerat,
1029 1854 1116 1884 non
1139 1847 1229 1885 erat
1253 1857 1361 1899 prae-

113 1915 236 1967 cepto
254 1909 632 1966 constringendus,
651 1916 699 1953 ut
734 1911 853 1954 illum
878 1911 1087 1963 haberet:
1113 1913 1187 1957 sed
1212 1914 1362 1958 admo-

112 1985 276 2034 uitione
291 1985 436 2041 potius
458 1983 781 2040 temperandus,
797 1997 851 2029 ne
873 1984 1003 2028 nimis
1019 1984 1211 2029 haberet.
1237 1985 1360 2030 Unde

0 2097 9 2106 ,
63 2083 91 2097 ἰ
112 2057 154 2101 et
171 2056 418 2114 Apostolus,
443 2069 540 2100 cum
563 2058 607 2100 in
631 2056 936 2114 praedicatione
954 2069 1049 2109 sua,
1075 2059 1189 2113 quod
1213 2059 1257 2102 in
1282 2073 1360 2104 ne-

112 2131 314 2175 cessariis
337 2131 454 2174 licite
479 2131 624 2175 carnis
648 2142 752 2174 cura
776 2130 915 2187 possit
945 2129 1036 2174 fieri
1062 2132 1230 2176 occulte
1255 2133 1358 2176 sub-

2 2221 6 2231 *
52 2199 68 2218 ”
113 2201 436 2261 intelligendum
471 2204 752 2260 relinqueret,
784 2217 878 2247 eam
923 2205 968 2247 in
1003 2204 1229 2250 desideriis
1263 2207 1353 2250 lieri
1378 2239 1410 2283 C

113 2281 259 2330 aperte
285 2276 523 2332 prohibuit.
550 2276 718 2329 Carnis,
751 2276 908 2334 inquit,
935 2289 1083 2320 curam
1107 2290 1155 2320 ne
1178 2277 1356 2333 feceritis

111 2347 152 2390 in
177 2347 393 2392 desideriis
410 2347 545 2403 (Rom.
574 2361 672 2401 xm,
699 2347 786 2405 14).
808 2346 929 2401 Quod
953 2360 1049 2394 csse
1071 2349 1191 2392 novit
1211 2363 1359 2407 super·-

109 2420 258 2472 ssuum,
279 2421 490 2476 abscidit;
515 2422 630 2476 quod
648 2432 751 2464 vero
775 2421 1086 2472 necessarium,
1121 2422 1352 2467 concessit.

165 2493 275 2537 xvi.
295 2493 342 2537 ln
358 2494 442 2539 hoe
460 2501 603 2538 autem
636 2493 745 2545 solo,
767 2493 882 2550 quod
907 2495 1047 2550 primo
1078 2495 1174 2539 loco
1197 2496 1321 2552 posui
1341 2511 1353 2550 ;

110 2567 238 2612 homo
275 2574 505 2624 antequam
544 2570 588 2611 in
625 2566 830 2624 paradiso
859 2568 1073 2625 peccavit,
1108 2568 1230 2612 carni
1266 2581 1356 2614 suae

110 2641 262 2686 adesse
283 2640 523 2684 consuevit.
543 2639 589 2682 ln
613 2639 695 2683 hoc
718 2645 876 2692 autem,
901 2639 1015 2696 quod
1034 2640 1078 2683 in
1093 2640 1178 2684 isto
1199 2652 1356 2684 secun·

110 2715 166 2760 do
189 2721 321 2768 statu,
347 2715 392 2759 in
417 2728 504 2772 quo
525 2727 641 2757 nunc
659 2720 742 2765 est,
770 2713 808 2757 si
831 2718 977 2757 tamen
1000 2718 1139 2759 status
1163 2726 1259 2758 esse
1289 2715 1356 2758 di-

109 2790 272 2834 cendus
294 2794 376 2841 est,
397 2789 471 2832 uhi
496 2800 572 2844 per
595 2791 819 2842 peccatum
840 2785 988 2841 lapsus
1005 2791 1088 2838 cst,
1113 2792 1154 2829 et
1178 2799 1262 2830 non
1283 2799 1354 2843 po·

111 2865 196 2909 tius
225 2866 366 2917 ruina,
400 2865 538 2909 eidem
574 2865 695 2909 carni
729 2879 832 2919 suae,
863 2879 887 2910 a
923 2866 1098 2923 propria
1121 2867 1354 2922 cupiditate

113 2943 316 2991 tentatus,
353 2940 597 2984 abstractus
646 2945 689 2983 et
726 2939 896 2984 illectus
930 2940 1083 2984 adesse
1115 2941 1350 2985 consentit.

110 3011 292 3056 Carnem
310 3012 467 3069 quippe
481 3025 603 3057 suam
625 3018 723 3058 ante
738 3019 960 3069 peecatum
977 3026 1054 3070 per
1076 3019 1240 3058 naturae
1257 3013 1354 3058 affe-

111 3089 226 3125 ctum
259 3083 423 3133 dilexit,
451 3083 540 3127 scd·
559 3083 611 3126 ad
636 3084 968 3138 necessitatem3
999 3090 1097 3141 post
1126 3090 1350 3140 peccatum

109 3166 209 3198 rere
226 3167 302 3210 por
324 3156 476 3198 vitium
493 3156 853 3212 concupiscentiae
868 3156 959 3212 jam
978 3156 1156 3214 diligere
1173 3157 1282 3202 solet
1299 3156 1352 3200 ad

111 3227 462 3284 superfluitatem.
484 3228 536 3271 Et
559 3229 719 3273 idcirco
742 3230 824 3274 hac
839 3230 887 3274 in
907 3235 1029 3288 parte
1040 3237 1252 3287 praecepto
1264 3243 1350 3274 non

1448 173 1565 221 juste
1580 173 1622 210 et
1636 169 1700 222 pie
1722 171 1907 213 vivamus
1925 172 1968 213 in
1984 171 2058 214 hoc
2076 171 2229 215 aoeculo
2246 171 2350 230 (Tit.
2372 185 2422 228 ιι,
2440 173 2524 232 12).
2546 175 2705 232 Sieque

1455 248 1607 281 secure
1625 244 1863 294 poterimus
1878 248 2128 298 exspectare
2145 244 2313 288 beatam
2330 257 2464 302 spem,
2484 253 2527 291 et
2545 249 2710 294 adven-⁴

1455 316 1547 353 tum
1560 310 1708 367 gloriae
1730 314 1873 368 magni
1892 312 1984 366 Dei,
2004 315 2041 358 si
2062 327 2142 358 nec
2157 316 2372 372 superflue
2387 319 2604 374 nosipsos,
2623 333 2703 366 nec

1455 383 1615 439 injuste
1650 387 1911 440 proximum,
1946 399 2026 430 nec
2057 389 2197 444 tepide
2229 390 2459 447 diligamus
2489 391 2639 437 Deum.
2666 392 2703 438 Ο

1455 455 1558 500 felix
1581 457 1803 501 hominum
1831 471 1983 520 genuS,
2008 460 2046 504 si
2068 468 2236 505 vestros
2257 463 2426 507 animos
2452 475 2588 516 amor,
2614 478 2700 521 quo

1453 529 1606 574 coelum
1624 535 1801 585 regitur,
1828 538 1962 586 regal..

1512 597 1639 643 xvn.
1667 600 1974 644 Examinemus
2007 600 2168 657 itaque,
2189 603 2468 649 dilectissimi
2501 607 2627 651 nobis
2653 607 2697 651 in

1449 670 1632 714 Domino
1649 671 1819 723 fratres,
1839 684 2026 716 amorem
2042 682 2253 727 nostrum,
2271 679 2579 722 conveniamus
2601 679 2699 724 affe-

1450 747 1567 784 ctum
1591 747 1805 794 nostrum,
1829 743 2059 798 diligamus
2077 757 2156 789 nos
2176 746 2357 790 invicem
2383 749 2427 790 in
2455 748 2542 792 Deo
2563 764 2574 792 ε
2600 749 2699 793 dili-

1448 825 1599 870 gamus
1623 819 1665 856 et
1702 801 1874 870 propter
1909 814 2058 858 Deum.
2088 816 2188 860 Haec
2219 818 2319 862 via:
2353 820 2620 864 ambulemus
2652 821 2700 865 in

1449 898 1525 931 ea:
1563 898 1642 929 nec
1661 887 1714 929 ad
1742 887 1955 939 dextram,
1981 901 2062 931 nec
2094 888 2147 933 ad
2181 889 2405 934 sinistram
2430 891 2697 939 declinemus

1449 957 1557 1014 (lsa.
1582 971 1683 1010 xxx,
1701 958 1788 1015 ⁶21).
1812 957 2036 1003 sincerum
2062 972 2230 1017 semper
2267 968 2310 1006 et
2342 964 2556 1016 stabilem,
2592 967 2694 1010 uhi-

1447 1043 1531 1087 que
1571 1042 1760 1075 amorem
1800 1032 2173 1085 circumferamus,
2201 1036 2423 1080 studentes
2455 1038 2570 1081 omni
2593 1039 2693 1084 dili-

1449 1103 1608 1159 gentia,
1638 1104 1779 1158 primo
1803 1104 1973 1159 quidem
2003 1109 2046 1147 ut
2073 1105 2156 1158 sit;
2194 1108 2385 1151 secundo
2408 1113 2456 1150 ιιι
2492 1117 2692 1166 crescat;

0 1205 4 1232 χ
26 1157 31 1160 ¹
75 1174 87 1180 ”
121 1187 216 1219 sum
242 1174 396 1219 fuisset
419 1180 466 1218 ut
500 1188 588 1219 non
615 1176 834 1232 diligerct3
857 1178 948 1233 jugi
975 1190 1161 1234 namque
1180 1180 1365 1223 universi
1395 1171 1427 1217 Β
1449 1176 1576 1218 tertio
1593 1181 1638 1218 ut
1658 1182 1828 1219 maneat
1847 1191 1858 1228 3
1879 1183 1927 1219 ul
1950 1180 2214 1232 acquiratur,
2229 1187 2271 1223 et
2288 1182 2528 1236 acquisitus
2558 1187 2694 1242 magis

1448 1259 1498 1289 ac
1516 1248 1652 1302 magis
1676 1252 1901 1303 augeatur,
1920 1254 1962 1291 et
1985 1254 2138 1292 auctus
2150 1250 2407 1294 retineatur.
2440 1253 2552 1305 Quid
2575 1256 2694 1300 enim

1446 1321 1561 1363 valet
1590 1321 1794 1376 primum,
1846 1320 1930 1364 nisi
1973 1322 2211 1365 secundum
2260 1322 2372 1367 adsit
2417 1330 2459 1368 et
2491 1327 2695 1371 tertium?

1444 1392 1550 1435 Nam
1578 1394 1629 1436 ad
1666 1393 1748 1437 hoc
1777 1394 1922 1451 posuit
1950 1394 2062 1439 Deus
2096 1394 2233 1439 Adam
2264 1397 2309 1439 in
2343 1399 2543 1454 paradiso
2567 1401 2697 1457 299

1442 1467 1709 1522 voluptatis,
1755 1473 1801 1509 ut
1837 1474 2088 1522 operaretur
2117 1474 2159 1513 et
2197 1471 2437 1515 custodiret
2457 1474 2592 1516 illum.
2642 1474 2696 1517 Et

1443 1540 1545 1596 quid
1564 1541 1687 1596 Juxta
1713 1554 1888 1585 sensum
1927 1542 2133 1585 moralem
2159 1544 2297 1599 accipi
2316 1546 2425 1589 valet
2448 1547 2692 1603 paradisus,

1442 1617 1526 1660 nisi
1551 1617 1787 1673 speciosus,
1810 1629 2021 1667 amoenus,
2042 1622 2084 1661 et
2107 1630 2195 1673 prae
2217 1620 2385 1664 eunctis
2407 1622 2520 1674 aliis,
2546 1622 2581 1666 si
2600 1636 2696 1679 quae

1441 1694 1584 1733 tamen
1607 1690 1700 1734 sine
1739 1690 1822 1733 isto
1847 1696 1964 1742 sunt,
1989 1690 2087 1734 vitae
2126 1691 2255 1746 liuius
2287 1693 2470 1746 deliciis,
2515 1702 2694 1742 sanctus

1442 1762 1622 1806 sincerae
1659 1763 1884 1807 charitatis
1925 1763 2103 1807 affectus
2123 1763 2141 1806 ¹?
2162 1763 2240 1808 Hic
2269 1767 2383 1809 enim
2405 1776 2486 1820 est,
2527 1768 2570 1811 in
2608 1781 2694 1825 quo

1441 1833 1554 1879 Deus
1578 1837 1722 1891 posuit
1758 1849 1875 1879 omne
1895 1837 2051 1892 liqmtm
2071 1838 2161 1881 visu
2182 1839 2429 1893 pluchrum,
2462 1848 2500 1885 ει
2523 1843 2576 1884 act
2627 1857 2694 1887 ve-

1439 1909 1636 1953 scendum
1648 1922 1771 1953 ειιαυε
1789 1909 1908 1967 (Gen.
1935 1923 1983 1962 ιι,
2002 1911 2044 1967 9)
2059 1925 2069 1964 ;
2084 1913 2184 1968 quia
2206 1915 2363 1966 omnis,
2383 1929 2508 1971 quem
2527 1918 2571 1960 in
2596 1930 2694 1962 cor·

1439 1980 1492 2025 de
1508 1987 1657 2025 nostro
1674 1994 1750 2038 per
1773 1982 2032 2028 infusionem
2066 1986 2206 2029 sancti
2237 1986 2425 2043 Spiritus
2468 1991 2693 2036 charitatis

1438 2055 1630 2111 concipit
1647 2057 1875 2112 cogitatus,
1896 2064 1939 2102 et
1951 2059 2098 2102 suavis
2119 2071 2264 2104 coram
2287 2061 2374 2111 Deo
2389 2069 2472 2114 est,
2508 2064 2562 2108 ad
2587 2065 2690 2110 affe-

1434 2131 1572 2179 ctum,
1596 2133 1638 2172 et
1665 2126 1851 2173 decorus
1873 2141 2018 2172 coram
2041 2133 2257 2187 proximo,
2303 2134 2358 2177 ad
2381 2135 2598 2180 eflectum.
2624 2136 2689 2182 lbi

1438 2189 1651 2245 demulcet
1669 2200 1800 2245 Deum
1818 2215 1893 2258 per
1928 2204 2160 2259 puritatem
2203 2206 2383 2252 internae
2421 2209 2690 2266 affectionis3

1438 2274 1508 2318 hic
1532 2287 1634 2319 vero
1656 2275 1814 2319 excitat
1837 2278 2095 2332 proximum,
2119 2292 2196 2336 per
2219 2280 2543 2327 foecunditatem
2566 2297 2691 2340 egre-

1437 2348 1516 2403 giae
1537 2349 1736 2393 actionis.
1755 2347 1834 2393 Hic
1856 2363 2027 2406 quoque
2044 2352 2115 2397 ille
2132 2354 2358 2409 paradisus
2376 2363 2457 2407 est,
2485 2357 2538 2400 ad
2561 2371 2689 2413 quem
2726 2365 2733 2399 j

1437 2422 1721 2478 irrigandum,
1740 2424 1794 2469 de
1815 2423 1912 2468 loco
1927 2425 2160 2481 voluptatis
2179 2428 2399 2483 egreditur
2421 2428 2591 2483 fluvius,
2615 2433 2689 2488 qui

1437 2495 1536 2539 inde
1559 2495 1770 2540 dividitur
1805 2497 1850 2540 in
1872 2504 2058 2553 quatuor
2090 2500 2230 2555 capita
2255 2515 2266 2553 3
2315 2501 2415 2557 quia
2439 2515 2463 2545 a
2487 2503 2588 2556 Deo,
2615 2507 2689 2561 qui

1436 2582 1563 2622 verae,
1589 2576 1737 2614 et'non
1774 2569 1942 2615 fallacis
1965 2572 2199 2628 voluptatis
2241 2574 2362 2619 locus
2388 2581 2469 2630 est,
2496 2577 2550 2621 ad
2587 2569 2710 2622 san-⁸

1436 2641 1714 2686 ctilicandum
1751 2642 1979 2686 eharitatis
2018 2643 2236 2696 affectum,
2266 2646 2372 2690 illud
2408 2649 2579 2694 salubre
2601 2653 2689 2695 exit

1434 2715 1622 2761 edictum
1648 2746 1661 2767 ,
1686 2715 1800 2771 quod
1827 2716 1967 2760 modis
1986 2723 2172 2773 quatuor
2193 2718 2500 2778 distinguitur:
2526 2725 2683 2776 tribus,
2710 2779 2715 2783 ¹

1433 2789 1507 2846 qui
1533 2789 1583 2833 ad
1608 2789 1880 2833 dilectionem
1917 2789 1992 2834 Dei
2015 2793 2248 2847 pertinent,
2286 2801 2330 2838 et
2382 2800 2482 2850 uno,
2520 2799 2593 2855 qui
2632 2799 2685 2843 ad

1433 2862 1632 2919 proximi..
1659 2861 1767 2914 Quia
1790 2862 1925 2907 Deum
1949 2877 2074 2908 suum
2100 2866 2227 2910 homo
2243 2868 2417 2925 diligere
2430 2870 2607 2926 jubetur
2630 2881 2712 2920 *ex*

1433 2942 1523 2981 toto
1542 2935 1674 2980 corde
1695 2948 1793 2988 su0‚
1822 2949 1872 2980 ex
1911 2942 2004 2981 tota
2027 2939 2168 2982 anima
2199 2954 2294 2993 sua,
2327 2950 2368 2987 et
2399 2957 2454 2987 ex
2487 2951 2573 2989 tota
2598 2931 2684 2991 vir-

1433 3015 1524 3053 tute
1548 3021 1652 3063 sua-3
1672 3010 1916 3065 proximum
1939 3023 2061 3064 vero,
2086 3018 2288 3069 tanquam
2310 3016 2514 3072 seipsum.
2534 3018 2683 3064 Posuit

1432 3082 1575 3140 itaque
1598 3082 1710 3127 Deus
1726 3083 1860 3127 Adam
1878 3085 1921 3127 in
1935 3086 2137 3142 paradiso
2159 3093 2201 3132 et
2224 3088 2278 3131 ad
2300 3089 2396 3142 hoc,
2422 3097 2469 3135 ut
2486 3105 2685 3148 operare·

1431 3162 1517 3208 tur,
1533 3161 1574 3199 et
1588 3156 1825 3200 custodiret
1851 3155 1992 3212 illum;
2011 3160 2110 3215 quia
2126 3173 2211 3204 non
2231 3163 2368 3205 solum
2393 3148 2593 3210 insistere
2611 3167 2682 3212 de-

1430 3230 1599 3280 bemus,
1624 3236 1671 3272 ut
1707 3230 1932 3276 charitatis
1968 3232 2012 3275 in
2037 3234 2162 3278 nobis
2187 3234 2362 3279 affectus
2401 3237 2483 3291 sit'3
2529 3251 2677 3284 verum

109 3306 219 3355 eget,
247 3300 319 3343 ubi
343 3302 699 3356 voluntariusest,
717 3301 989 3347 etiamsinon
1008 3309 1252 3358 moveatur;
1275 3304 1350 3348 sed
1375 3309 1410 3352 D
1433 3302 1577 3353 etiam,
1604 3308 1650 3345 ut
1696 3309 1866 3347 crescat
1905 3309 1947 3348 et
1990 3311 2175 3349 maneat·
2224 3306 2389 3350 Crescit
2411 3321 2531 3361 vero,
2575 3310 2676 3355 dum

111 3372 397 3429 prohibitione
415 3374 576 3429 potius,
590 3379 633 3419 et
655 3374 1028 3428 admonitione,ne
1043 3377 1172 3421 nimis
1186 3378 1229 3421 in
1242 3390 1352 3433 prae-
1380 3435 1384 3438 ἢ

0 3428 5 3436 ’
50 3450 54 3453 ’
111 3457 212 3501 ceps
229 3451 314 3498 eat,
339 3447 507 3497 etiamsi
531 3460 618 3491 non
634 3453 850 3494 teneatur.
877 3449 922 3493 Si
945 3462 1048 3508 ergo
1066 3451 1352 3495 dilectiocar-

110 3518 179 3561 nis
202 3518 245 3561 in
264 3528 474 3576 praecepto
488 3522 682 3578 ponenda
700 3535 786 3567 non
811 3532 919 3576 erat,
944 3525 999 3569 de
1013 3538 1098 3582 qua
1110 3526 1350 3572 evidentius

112 3593 337 3636 constabat
360 3593 460 3648 quia
483 3595 588 3636 satis
611 3594 858 3648 baberetur,
881 3596 1054 3642 etiamsi
1091 3610 1177 3642 non
1199 3600 1352 3654 praeci-

113 3672 301 3719 peretur,
329 3671 372 3710 et
393 3666 525 3711 nimis
552 3666 751 3712 fortassis
780 3669 1032 3725 plerumque
1055 3675 1287 3723 teneretur,
1313 3674 1351 3717 si

113 3749 198 3781 non
217 3739 316 3783 etin
333 3751 382 3783 ea
396 3746 532 3795 parte,
548 3740 770 3796 quanimis
793 3747 876 3794 est,
892 3742 1218 3798 temperaretur.
1239 3744 1351 3788 Dile-

87 3851 90 3853 ,
113 3811 200 3854 ctio
216 3825 315 3856 vero
341 3814 509 3865 animae,
529 3815 679 3870 utjam
702 3815 907 3868 diximus,
930 3815 975 3858 in
993 3828 1045 3859 eo
1077 3816 1348 3873 intelligitur,

113 3885 227 3940 quod
250 3885 377 3928 homo
393 3885 526 3930 Deum
551 3899 677 3932 suum
693 3875 871 3944 diligere
883 3881 1074 3943 jubetur.
1102 3888 1258 3946 Diligat
1280 3904 1350 3934 er-

112 3967 166 4011 go
204 3957 331 4000 homo
357 3957 681 4003 carnem‘suam
702 3959 823 4012 ,sed
856 3959 1004 4015 diligat
1031 3960 1232 4005 discrete.
1273 3955 1350 4006 Se-

114 4028 253 4084 ipsum
274 4043 375 4075 vero
392 4030 530 4087 diligit
550 4037 593 4076 et
623 4031 865 4089 proximum
903 4045 1028 4076 suum
1045 4066 1056 4086 ‚
1082 4046 1180 4077 eum
1212 4035 1350 4092 diligit

115 4097 247 4143 Deum
267 4115 406 4145 suum.
435 4102 512 4147 Est
542 4103 686 4160 itaque
708 4091 864 4161 triplex
894 4105 1022 4149 nobis
1040 4105 1129 4147 haic
1147 4102 1348 4150 'habenda

114 4172 316 4218 dilectio:
354 4175 406 4217 ad
436 4176 652 4232 nosipsos,
683 4179 734 4222 ad
768 4179 1014 4236 proximum
1046 4185 1257 4232 nostrum,
1294 4181 1347 4224 ad

116 4244 247 4290 Deum
284 4254 496 4293 nostrum.
534 4250 768 4307 Diligamus
791 4252 1007 4308 nosipsos,
1033 4253 1108 4297 sed
1139 4262 1346 4309 quantum

116 4319 169 4362 ad
193 4332 382 4374 carnem,
400 4311 630 4378 temperate
649 4338 659 4378 3
687 4324 926 4382 proximum
946 4325 1077 4383 ¹iuste,
1095 4325 1227 4370 Deum
1246 4326 1312 4382 pie
1331 4340 1342 4379 ;

1433 3371 1506 3426 qni
1544 3373 1587 3415 in
1605 3374 1807 3428 paradiso
1834 3377 2002 3432 positus
2017 3383 2099 3428 est,
2125 3384 2355 3434 operatur;
2382 3387 2541 3436 manet,
2574 3381 2673 3427 dum

1432 3445 1635 3490 custodit.
2319 3507 2322 3510 Ι

1486 3516 1632 3563 xvnt.
1658 3518 1758 3563 Haec
1803 3526 1962 3576 autem,
2002 3522 2054 3567 de
2091 3535 2174 3579 qua
2214 3524 2444 3580 loquimur,
2489 3524 2675 3573 charitas

1431 3598 1567 3644 tanta,
1594 3606 1643 3637 ac
1660 3595 1758 3639 talis
1785 3604 1866 3646 est,
1897 3602 1942 3639 ut
1975 3602 2227 3642 caeterarum
2253 3601 2444 3642 omnium
2467 3603 2673 3646 virtutum

1431 3672 1576 3709 teneat
1597 3668 1854 3723 primatum:
1896 3669 1989 3713 sine
2012 3671 2098 3725 'qua
2123 3671 2303 3715 virtutes
2343 3680 2503 3717 caeterae
2530 3674 2671 3718 vocari

1431 3739 1620 3793 quidem,
1648 3738 1724 3784 sed
1748 3738 1858 3784 falso
1879 3740 2060 3785 virtutes
2082 3747 2264 3798 possunt
2287 3756 2300 3796 ς
2323 3755 2418 3787 εεεε
2435 3750 2576 3788 autem
2600 3759 2674 3791 ve-

1429 3814 1589 3857 raciter
1611 3810 1794 3857 virtutes
1816 3815 2060 3859 nullatenus
2083 3821 2281 3872 possunt.
2306 3813 2405 3862 Haec
2426 3817 2548 3873 juxta
2561 3813 2673 3862 Pau-

1430 3887 1534 3936 lum,
1560 3887 1837 3943 perfectionis
1860 3894 1927 3933 est
1958 3889 2176 3932 vinculum
2203 3889 2309 3946 (Col.
2359 3902 2425 3943 ιιι,
2454 3891 2539 3948 14),
2581 3892 2670 3935 haec

1429 3959 1599 4015 linguas
1635 3960 1858 4003 hominum
1900 3960 1944 4004 et
1971 3962 2219 4018 angelorum
2241 3963 2435 4019 excedit;
2461 3964 2552 4008 haec
2574 3977 2669 4007 om-

1428 4046 1526 4078 nem
1546 4033 1768 4077 scientiam
1791 4039 1833 4077 et
1848 4046 2016 4078 omnem
2028 4036 2328 4093 mysteriorum
2347 4037 2670 4093 supergreditur

1428 4106 1623 4152 notitiam
1642 4121 1654 4159 ;
1680 4107 1771 4150 haec
1791 4103 1919 4150 etiam
1942 4108 2083 4159 iidem,
2106 4122 2202 4164 qnae
2225 4115 2393 4161 montes
2430 4110 2665 4160 transfert,

1430 4183 1658 4234 exsuperat
1679 4194 1689 4232 ;
1715 4179 1807 4223 sine
1830 4190 1913 4234 qua
1939 4192 2017 4222 nee
2042 4181 2231 4223 omnium
2261 4181 2512 4224 facultatum
2538 4184 2578 4224 in
2605 4183 2666 4225 ci-

1427 4253 1505 4296 bos
1531 4263 1766 4308 pauperum
1812 4251 2072 4302 distributio,
2100 4253 2303 4308 prodest;
2333 4254 2423 4297 sinc·
2468 4267 2550 4308 qua
2575 4259 2662 4308 ipsa

1427 4325 1553 4370 ctiam
1578 4323 1768 4382 corporis
1785 4324 2023 4369 combustio
2046 4337 2215 4381 poenam
2239 4326 2407 4382 quidem
2426 4327 2566 4380 hain-st
2588 4328 2661 4370 srd
