2924 4588
292 150 310 173 ¹
577 159 604 193 s

188 213 296 261 ¹0⁷5
789 246 816 274 0

1195 209 1363 256 re'rm
1392 203 1746 260 contusionis

2641 213 2752 262 1016

186 308 370 355 evidenti
391 313 455 352 est
474 307 621 361 modo,
647 305 763 362 quod
800 317 885 348 non
918 311 1002 348 est.
1042 302 1130 346 Nec
1150 280 1330 348 esuvox
1352 301 1428 346 Dei
1450 307 1489 355 Α
1510 301 1804 358 pellicearum,
1824 303 2012 345 cinerem
2034 301 2117 346 sub
2153 302 2224 350 bis
2245 301 2390 348 verbis
2411 335 2422 347 .
2445 301 2561 347 Ciuis
2584 315 2644 356 ep,
2663 309 2750 350 ete.

187 380 450 432 insultantis,
470 379 544 422 scd
573 384 655 422 vox
681 390 704 421 a
730 377 933 432 superbia
978 375 1251 432 corrigentis,
1285 382 1328 419 et
1359 379 1427 418 est

184 465 268 496 vox
293 451 533 495 Trinitatis.
563 449 636 494 Vel
668 457 732 494 εει
750 463 834 493 vox
872 449 946 492 Dei
968 449 1020 491 ad
1047 448 1241 504 angelos,
1280 453 1323 490 ct
1359 451 1427 490 est

184 538 267 569 vox
299 525 539 581 plangentis
562 537 573 576 ;
601 524 715 579 quod
740 529 872 578 patet,
904 523 1005 577 quia
1035 520 1175 565 factus
1199 527 1265 564 est
1285 531 1308 565 a
1337 532 1423 574 me,

183 607 231 642 ut
254 606 366 643 esset
410 597 534 653 quasi
566 609 678 640 unus
716 608 769 640 ex
805 594 946 648 nobiS,
986 594 1021 638 si
1062 594 1265 638 stetisset.
1299 591 1425 635 Nunc

181 684 277 726 erqo
299 683 347 714 ne
365 670 472 726 sorte
487 669 629 713 mittat
650 681 819 711 manum
837 680 973 719 suam,
1006 671 1045 710 et
1079 673 1217 709 sumat
1238 665 1288 708 de
1311 664 1424 721 liquo

181 744 292 795 vitoe,
312 749 350 784 et
378 741 583 794 comedat,
603 749 642 784 et
660 741 770 783 vivat
798 740 840 782 in
863 748 1064 783 oeternum
1090 740 1122 782 *.
1143 736 1424 793 Aposiopesis

179 822 262 866 est,
283 813 407 869 quasi
433 814 592 866 videte,
612 814 681 856 vel
724 819 889 865 cavete,
911 812 978 855 vel
1001 811 1145 867 eiicite
1167 823 1282 855 eum.
1307 809 1423 853 Dura

179 889 347 932 videtur
375 886 446 931 Dei
467 887 695 940 sententia,
718 897 815 942 quae
834 885 1052 941 praedictis
1072 883 1215 938 poenis
1249 893 1424 938 poenam

180 959 405 1016 ejectionis
446 959 612 1003 addidit
633 957 800 1016 “.,Sed
829 963 1000 1001 contra.
1034 954 1155 999 lianc
1193 955 1307 997 enim
1334 965 1426 1010 poe-

179 1045 296 1087 nam,
320 1044 449 1088 quam
473 1031 663 1085 dederat,
704 1027 1045 1075 misericorditer
1085 1026 1353 1084 temperavit,
1377 1031 1426 1070 ut

179 1117 328 1149 verum
348 1104 401 1147 de
421 1115 472 1148 eo
489 1111 693 1159 appareat
718 1118 728 1147 ι
755 1102 862 1147 Cum
882 1102 1019 1146 iratus
1034 1100 1165 1157 fueris
1186 1097 1427 1142 misericor«-

176 1177 261 1221 diae
304 1169 585 1220 recordaberis
634 1175 816 1233 (Babae.
854 1175 940 1231 m),
974 1174 1074 1231 quia
1115 1173 1230 1217 enim
1268 1170 1424 1216 victuri

177 1255 301 1293 erant
321 1249 365 1293 in
390 1247 580 1302 miseria,
600 1254 763 1306 quanto
779 1251 1001 1293 esset'vita
1028 1247 1288 1298 diuturnior,
1302 1250 1426 1291 tanto

178 1322 483 1367 mssserabilior.
514 1321 559 1366 Si
594 1335 699 1380 ergo
717 1326 963 1378 gustassent
981 1322 1033 1365 de
1053 1321 1170 1377 ligno
1193 1320 1295 1364 vitae
1320 1317 1422 1361 diu-

1505 373 1559 419 Et
1583 375 1628 418 in
1647 375 1903 420 memoriam
1923 374 2255 430 maledictionis,
2273 376 2400 433 eJecti
2425 375 2624 427 ardentes
2647 389 2754 427 can-

1507 447 1632 491 delas
1653 446 1815 502 serunt,
1840 449 1943 505 quia
1964 460 2043 505 pro
2062 436 2209 504 opere,
2227 461 2316 506 quo
2336 456 2626 505 porrexerunt
2653 462 2751 499 ma-

1506 532 1591 564 nus
1613 513 1869 576 ad'pomum
1895 522 2096 575 vetitum,
2134 521 2332 578 apposita
2350 532 2418 567 est
2444 522 2568 578 ignea
2601 522 2753 567 rhom-

1505 592 1629 647 phaea
1654 592 1872 647 paradiso.
1913 592 2158 638 Transeunt
2179 605 2351 650 quoque
2384 595 2439 638 ad
2462 593 2590 637 aliam
2614 593 2753 638 ecclc-

1505 666 1632 719 siam,
1652 672 1692 708 et
1716 665 1977 710 clauduntur
1995 679 2142 711 coram
2163 667 2227 711 eis
2255 665 2370 711 sores
2391 667 2435 711 in
2460 667 2633 725 signum
2656 666 2754 710 adi÷

1506 744 1574 781 tus
1598 738 1788 794 paradisi
1825 739 2046 796 quondam
2091 739 2273 785 occlusi.
2311 739 2406 784 Non
2452 741 2504 784 ad
2537 753 2750 792 mensam,
2825 779 2832 785 .

1506 810 1581 854 sed
1606 817 1916 866 superterram
1942 812 2193 867 comedunt,
2231 813 2351 870 quia,
2379 812 2604 856 maledicta
2638 821 2751 855 terro
2831 837 2834 840 Δ

1505 883 1548 931 in
1570 896 1689 939 opere
1714 890 1804 929 tuo.
1827 883 1965 930 Nemo
1985 884 2091 930 dicit
2107 886 2171 930 eis
2191 898 2288 940 ave,
2315 886 2419 943 quia
2444 887 2635 930 nondum
2654 898 2752 931 mu·

1505 963 1643 1001 tatum
1666 963 1762 1001 erat
1808 969 1968 1002 nomen
1991 956 2093 1002 Evae
2108 958 2226 1015 quod
2253 959 2296 1002 in
2330 959 2592 1011 salutatione
2614 947 2752 1015 beatae

1503 1029 1686 1087 virginis
1708 1030 1854 1075 Mariae
1873 1029 2035 1075 sactum
2057 1037 2137 1076 est.

1700 1103 1802 1147 Car.
1836 1102 1966 1148 XXV.
1989 1103 2050 1150 De
2067 1107 2400 1163 generationibus
2422 1105 2540 1152 Adae.

1560 1170 1699 1217 Adam
1718 1175 1907 1231 cognovit
1933 1188 2104 1220 uxorem
2125 1190 2245 1221 suam
2267 1178 2387 1236 (Gen.
2405 1181 2482 1236 ιν),
2499 1179 2573 1224 sed
2596 1191 2684 1224 non
2706 1179 2753 1225 in

1503 1245 1722 1302 paradiso,
1743 1248 1818 1293 sed
1844 1248 1935 1305 jam
1962 1262 2064 1294 reus
2086 1257 2130 1295 et
2159 1251 2338 1309 ejectus.
2364 1251 2559 1298 Breviter
2582 1253 2754 1311 legisla-

1505 1327 1572 1363 tor
1596 1321 1900 1376 generationes
1924 1322 2029 1370 Adae
2049 1327 2205 1370 transit
2233 1325 2447 1372 festinans
2471 1326 2526 1371 ad
2557 1334 2753 1384 tempora

176 1396 265 1438 tius
287 1395 494 1445 viventes,
543 1396 706 1440 diutius
754 1396 899 1441 miseri
928 1402 1087 1439 essent.
1126 1392 1213 1438 Nec
1253 1398 1320 1436 est
1342 1391 1423 1436 mi-
1446 1376 1480 1420 Β
1502 1394 1838 1452 Abrahaepatris
1867 1396 2166 1454 Hebraeorum,
2191 1406 2235 1445 ει
2258 1400 2404 1456 plures
2439 1400 2627 1445 subticet
2649 1401 2755 1445 Adoe
2830 1393 2835 1397 ⁴
2890 1394 2892 1400 ’

175 1482 290 1523 rum,
314 1470 351 1513 si
377 1470 509 1513 etiam
533 1478 631 1526 post
648 1477 873 1526 peccatum
903 1482 979 1525 per
1001 1480 1124 1513 esum
1159 1467 1264 1524 ligni
1304 1465 1421 1510 illius

176 1544 345 1588 diutius
377 1543 605 1596 vixissent,
632 1556 729 1587 cum
756 1545 899 1587 adhuc
933 1544 1018 1586 sint
1039 1542 1235 1598 quaedam
1271 1540 1422 1583 insulae

174 1617 432 1671 viventium,
477 1618 520 1660 in
552 1618 712 1673 quibus
752 1618 894 1662 nuilus
941 1618 1141 1669 intritur,
1188 1615 1250 1660 sic
1289 1615 1420 1658 etiam

173 1690 336 1746 lanugo
367 1692 415 1734 nt
446 1690 492 1734 in
510 1688 625 1735 loliis
647 1691 871 1745 arborum,
898 1691 1012 1746 apud
1036 1690 1180 1742 Seres,
1206 1688 1332 1744 cujus
1344 1698 1421 1731 esu

173 1763 260 1806 vita
282 1765 536 1820 protelatur.
557 1765 697 1809 Etiam
725 1750 971 1810 Alexander
989 1764 1164 1820 scripsit
1202 1759 1422 1806 Aristoteli

174 1838 228 1885 de
250 1838 550 1883 sacerdotibus
592 1839 799 1883 arborum
827 1840 932 1884 solis
977 1846 1020 1882 et
1044 1839 1173 1892 iunae,
1193 1836 1312 1893 quod
1342 1847 1420 1884 esu

173 1925 403 1969 pomorum
436 1913 732 1969 longissimam
760 1921 892 1971 agant
918 1914 1068 1958 vitam.
1107 1913 1179 1967 Et,
1206 1913 1319 1956 sicut
1352 1910 1422 1956 dt-

174 1994 310 2040 xerat,
329 1987 467 2030 emisit
492 2000 586 2030 eum
612 1987 815 2030 Dominus
853 1988 905 2030 de
928 1987 1128 2042 paradiso
1176 1986 1420 2042 voluptatis,

173 2066 219 2102 ut
242 2065 488 2114 operaretur
511 2067 668 2101 terram
705 2058 755 2100 cle
781 2071 864 2114 qua
906 2065 1144 2114 assumptus
1184 2065 1261 2109 est,
1287 2057 1329 2100 in
1352 2069 1423 2114 ag-

172 2142 270 2173 rum
291 2129 455 2174 scilicet
491 2129 826 2182 Damascenum,
851 2130 904 2173 de
925 2138 1014 2186 quo
1030 2137 1230 2186 sumptus
1263 2129 1419 2183 suerat,

173 2203 218 2247 in
239 2215 326 2258 quo
350 2202 455 2247 Cain
473 2203 580 2247 Abel
600 2215 726 2246 suum
752 2202 931 2246 fratrem
956 2197 1171 2247 interiecit
1194 2202 1315 2260 (Gen.
1342 2203 1421 2261 iv),

170 2278 294 2334 Juxta
314 2289 441 2333 quem
461 2277 617 2330 Adam,
644 2284 685 2320 et
707 2275 794 2320 Eva
823 2276 979 2332 sepulti
1000 2260 1103 2322 sunt
1136 2277 1178 2321 in
1216 2276 1422 2335 spelunca

172 2351 352 2406 duplici,
373 2349 426 2393 Et
457 2350 674 2392 collocavit
698 2358 793 2392 aute
813 2350 1059 2405 paradisum
1082 2337 1306 2406 voluptatis
1328 2351 1422 2394 che-

1502 1465 1616 1513 filios
1653 1473 1696 1509 ει
1716 1467 1844 1514 illias.
1875 1466 1958 1512 Sed
1982 1467 2231 1516 Methodius
2269 1477 2435 1529 martyr
2467 1471 2626 1523 oravit,
2649 1471 2752 1515 dum
2819 1495 2821 1499 Α
2871 1447 2875 1461 ⁵

1502 1547 1618 1584 esset
1640 1538 1683 1583 in
1706 1553 1899 1596 carcere,
1940 1549 1983 1589 ει
2016 1544 2254 1591 revelatum
2284 1553 2351 1591 εει
2384 1546 2422 1590 ei
2459 1558 2483 1590 a
2507 1544 2668 1602 Spiritu
2701 1548 2753 1591 dc

1502 1613 1734 1670 principio,
1763 1623 1806 1660 et
1828 1615 1912 1660 line
1939 1617 2089 1662 mundi
2111 1631 2129 1672 :-
2163 1617 2279 1674 quod
2321 1625 2365 1663 et
2399 1620 2557 1674 oravit,
2582 1626 2624 1663 ει
2645 1633 2757 1664 scri—

1501 1693 1642 1743 ptum,
1679 1688 1781 1734 licet
1827 1690 2098 1746 simpliciter,
2141 1691 2334 1748 requuit,
2360 1692 2510 1736 dicens
2534 1693 2647 1749 quod
2669 1693 2754 1736 vir-

1502 1758 1627 1814 gines
1647 1761 1811 1818 egressi
1852 1770 1955 1807 ειιιιι
1987 1762 2042 1806 de
2064 1763 2283 1818 paradiso.
2306 1761 2359 1806 Et
2385 1774 2500 1807 anno
2523 1763 2755 1808 creationis

1500 1836 1602 1880 vitae
1650 1834 1787 1879 Adam
1835 1835 2006 1879 decimo
2050 1835 2204 1892 quinto
2250 1843 2379 1880 natus
2418 1843 2485 1881 est
2532 1836 2572 1880 ci
2611 1835 2749 1890 Cain,

1501 1916 1544 1955 et
1563 1920 1688 1954 soror
1705 1909 1799 1966 ejus
1817 1909 2071 1953 Chalmana.
2093 1908 2146 1953 Et
2172 1910 2210 1955 si
2232 1910 2348 1954 enim
2368 1909 2510 1955 sactus
2529 1916 2595 1954 est
2617 1910 2754 1954 Adam

1502 1984 1629 2040 quasi
1651 1984 1696 2032 in
1717 1989 1844 2028 aetate
1882 1983 2059 2046 triginta
2075 1995 2324 2043 annorum,
2349 1991 2494 2029 tamen
2520 1984 2604 2029 fuit
2625 1984 2755 2030 unius

1503 2055 1609 2108 diei,
1635 2061 1680 2100 ει
1699 2054 1802 2099 anni
1823 2068 1835 2109 ;
1871 2061 1913 2100 ει
1936 2063 2050 2111 pust,
2076 2054 2264 2107 duorum
2283 2068 2517 2111 annorum,
2541 2063 2584 2101 et
2604 2057 2752 2111 trium,

1501 2135 1546 2175 et
1567 2129 1632 2180 sic
1662 2129 1715 2173 de
1736 2127 1918 2178 caeteris.
1947 2129 1999 2174 Et
2041 2129 2180 2186 potuit
2223 2138 2324 2181 ante
2346 2130 2453 2177 Cain
2491 2131 2650 2178 multos
2679 2142 2753 2190 ge-

1470 2248 1472 2250 .
1501 2201 1666 2255 nuisse,
1685 2202 1759 2259 qui
1783 2209 1981 2247 tacentur
1999 2202 2087 2248 hic.
2104 2202 2209 2248 Post
2226 2203 2334 2248 alios
2353 2204 2597 2261 quindecim
2617 2214 2756 2248 annos

1502 2283 1633 2323 natus
1649 2284 1715 2323 est
1735 2277 1775 2322 ei
1802 2278 1925 2330 Abel,
1945 2283 1989 2323 et
2013 2291 2142 2324 soror
2165 2280 2260 2335 ejus
2286 2279 2485 2324 Delbora.
2507 2280 2631 2324 Anno
2655 2280 2755 2324 vitae

1501 2351 1642 2396 Adam
1663 2351 1902 2395 centesimo
1924 2352 2145 2396 tricesimo
2170 2352 2275 2396 Cain
2298 2353 2454 2397 occidit
2485 2352 2606 2406 Abel,
2626 2359 2670 2398 et
2688 2354 2756 2395 ht-

172 2423 309 2469 rubim
327 2430 364 2465 et
387 2422 624 2477 [iarnmeum
642 2420 826 2477 gladium
847 2428 968 2476 atque
992 2422 1255 2473 versatilem,·
1281 2429 1328 2465 ut
1348 2435 1424 2465 an-
1445 2440 1479 2486 C
1507 2430 1666 2468 xerunt
1684 2437 1783 2471 cum
1803 2424 1961 2478 Adam,
1984 2432 2026 2468 et
2052 2423 2139 2469 Eva
2161 2433 2334 2470 centum
2371 2426 2513 2469 annis.
2532 2424 2655 2470 Tunc
2677 2437 2755 2469 na-

175 2497 299 2554 gelus
336 2502 504 2540 arceret
526 2495 763 2546 diabolum,
787 2494 900 2550 ignis
924 2495 1162 2538 hominem.
1183 2493 1260 2537 Vel
1295 2494 1422 2538 mini·-

174 2569 309 2612 stcrio
331 2568 584 2624 angelorum
620 2568 764 2623 posuit
784 2567 925 2622 ignem
948 2566 1024 2621 ibi,
1050 2567 1123 2623 qui
1158 2567 1422 2611 interclude-

174 2651 241 2687 ret
261 2643 451 2699 paradisi
473 2642 734 2699 ingressum,
760 2644 835 2698 ιμιί
855 2644 1047 2687 ‘nomine
1069 2642 1216 2701 gladii,
1242 2655 1326 2687 non
1346 2655 1422 2687 cu-

170 2716 366 2774 juslibet,
386 2715 460 2761 sed
485 2716 715 2767 versatilis,
737 2716 913 2769 dicitur,
947 2715 990 2759 id
1011 2722 1078 2760 cst
1102 2715 1330 2772 utrobique
1354 2727 1422 2760 se·-

175 2790 330 2842 cantls,
351 2790 453 2846 quia
475 2801 604 2845 poena
622 2788 706 2832 fuit
749 2789 914 2833 homini
937 2789 979 2833 in
1011 2797 1192 2846 utraque
1213 2797 1335 2846 parte
1352 2788 1421 2832 sui

174 2863 338 2920 puniri,
367 2863 411 2906 in
437 2863 582 2906 anima
609 2862 772 2906 scilicet
791 2869 835 2906 et
866 2863 910 2905 in
949 2875 1147 2923 corpore.
1186 2861 1262 2906 Vel
1280 2860 1421 2906 dictus

174 2944 244 2983 εει
259 2938 489 2991 versatilis,
516 2937 557 2981 id
580 2940 651 2981 εει
671 2943 795 2992 aptus
817 2936 870 2981 ad
892 2937 1167 2995 versandum,
1190 2936 1231 2981 id
1254 2944 1322 2981 εει
1339 2924 1423 2981 toi·

174 3011 367 3064 lendum,
388 3023 486 3055 cum
502 3011 614 3055 Deus
637 3012 779 3055 vellet.
798 3010 976 3054 Ablatus
993 3011 1108 3054 enim
1134 3010 1215 3055 suit
1237 3003 1289 3061 ad
1314 3017 1424 3055 tem-

178 3096 278 3140 pus,
300 3084 563 3128 intrantibus
589 3083 697 3138 Elia,
721 3092 767 3128 et
802 3083 967 3137 Enoch,
989 3084 1161 3140 penitus
1190 3095 1292 3128 vero
1314 3095 1420 3139 non,

178 3157 319 3201 donec
337 3158 380 3200 iu
403 3166 540 3201 morte
565 3156 726 3201 Christi
750 3156 833 3200 suit
868 3157 1123 3201 exstinctus.
1146 3157 1191 3201 Si
1211 3159 1423 3214 quaeritur

178 3229 282 3285 quid
305 3229 588 3273 consumebat
626 3230 738 3285 ignis
762 3230 849 3282 ille,
874 3238 1015 3285 potest
1045 3231 1147 3283 dici,
1175 3231 1277 3286 quia
1301 3244 1422 3286 quae·

178 3302 276 3344 dam
302 3300 467 3358 species
487 3307 551 3345 est
594 3302 721 3357 ignis,
764 3303 878 3346 sicut
905 3303 949 3346 in
975 3302 1071 3346 Vita
1109 3303 1223 3348 beati
1257 3302 1423 3348 Nicolai

178 3375 349 3431 legitur,
373 3375 444 3420 cul
462 3376 500 3424 si
520 3386 695 3418 manum
719 3375 913 3429 adhibes,
936 3376 1134 3420 ardorem
1173 3378 1327 3431 sentis,
1346 3377 1422 3422 sed

177 3459 266 3491 non
303 3448 463 3503 pateris
500 3448 769 3493 adustionem
797 3465 808 3504 ;
837 3462 914 3494 ιιεε
938 3460 1032 3506 eget
1069 3452 1252 3496 materia
1289 3465 1419 3508 quam

1504 2504 1574 2542 tus
1593 2502 1660 2542 est
1679 2498 1718 2540 ei
1740 2495 1842 2540 Seth
1862 2497 2082 2553 trigesimo
2101 2509 2216 2542 anno
2233 2499 2384 2555 primae
2397 2498 2614 2552 chiliadis,
2630 2498 2671 2543 id
2687 2505 2756 2543 est

1503 2571 1656 2627 primm
1697 2570 1851 2618 aetatis.
1907 2568 2053 2616 Unum
2102 2572 2310 2615 saeculum
2356 2571 2522 2616 scilicet
2567 2571 2754 2627 spatium

1502 2646 1622 2690 mille
1653 2658 1867 2690 annorum
1905 2646 2134 2691 chiliadem
2174 2647 2395 2697 dicimus,
2419 2645 2599 2691 inchoat
2637 2645 2753 2690 enim

1501 2716 1745 2764 Methodius
1770 2719 1927 2764 saecula
1950 2724 2050 2775 post
2068 2719 2278 2764 ducentos
2302 2731 2440 2763 anuos
2460 2717 2580 2771 Adae,
2613 2723 2656 2762 et
2679 2729 2755 2761 vo-

1502 2796 1571 2834 cat
1594 2790 1802 2834 saeculum
1818 2802 1951 2840 unam
1978 2790 2226 2835 chiliadem.
2258 2789 2309 2834 Et
2333 2794 2575 2834 consonant
2596 2788 2640 2838 in
2670 2787 2756 2834 hoc

1505 2863 1802 2923 Septuaginta,
1825 2878 1923 2922 quae
1945 2865 2096 2910 dicunt
2111 2865 2250 2909 Adam
2271 2865 2557 2909 ducentorum
2581 2862 2754 2918 triginta

1503 2942 1722 2984 annorum
1735 2951 1833 2984 esse
1870 2951 1969 2983 cum
1993 2939 2136 2996 genuit
2167 2937 2284 2991 Seth,
2313 2936 2388 2982 sed
2415 2944 2555 2981 tamen
2589 2937 2632 2980 in
2670 2934 2753 2980 He-

1503 3011 1621 3054 hraeo
1647 3017 1714 3054 est
1751 3015 1924 3054 centum
1949 3014 1993 3052 et
2030 3009 2221 3064 triginta.
2264 3006 2314 3051 Et
2346 3005 2549 3050 omittunt
2584 3002 2751 3048 Hebraei

1504 3092 1675 3129 centum
1701 3083 2046 3137 annosiuctus*.
2069 3081 2152 3126 Sed
2176 3088 2317 3125 tamen
2337 3081 2564 3125 redeamus
2588 3079 2641 3134 ad
2662 3076 2755 3122 brc-

1504 3159 1680 3202 vitatem
1706 3157 1902 3201 Genesis.
1927 3155 2125 3211 Concepit
2151 3154 2257 3207 Eva,
2275 3163 2314 3197 et
2342 3155 2499 3210 peperit
2528 3153 2650 3204 Cain,
2674 3153 2751 3208 qui

1505 3233 1816 3287 interpretatur
1856 3231 2062 3286 possessio
2096 3242 2116 3280 ’;
2165 3241 2413 3284 rursumque
2432 3244 2435 3247 ·
2451 3225 2608 3284 peperit
2622 3224 2750 3278 Atat,

1504 3303 1620 3360 quod
1646 3311 1773 3347 sonat
1793 3302 1948 3354 luctus,
1975 3302 2042 3347 vel
2063 3314 2243 3352 moeror,
2266 3301 2334 3344 vel
2357 3313 2498 3356 vapor,
2517 3299 2642 3359 quasi
2664 3299 2752 3345 cito

1505 3378 1788 3430 transiturus,
1830 3385 2035 3431 tanquam
2059 3375 2236 3422 nomine
2264 3374 2565 3431 prophetatum
2603 3373 2748 3426 fuerit,

1505 3451 1619 3508 quod
1636 3450 1688 3495 de
1709 3451 1804 3505 ipso
1833 3448 2025 3492 futurum
2044 3454 2171 3502 erat;
2194 3454 2333 3491 tamen
2359 3447 2594 3492 secundum
2629 3445 2752 3490 Jose-

178 3527 407 3564 consumat
433 3536 444 3574 ;
478 3528 521 3565 ει
535 3522 676 3565 taliter
701 3524 786 3566 urit
804 3524 1022 3582 spiritum.
1045 3525 1219 3578 lterum,
1243 3527 1278 3570 si
1298 3538 1420 3582 quae·
1446 3509 1482 3552 D
1505 3528 1638 3585 plnum
1679 3529 1984 3582 interpretatur
2002 3523 2108 3567 nihil
2128 3523 2212 3576 hic,
2235 3523 2336 3579 quia
2377 3536 2462 3566 non
2486 3522 2659 3578 reliquit
2681 3533 2752 3565 sc·

177 3594 289 3638 ritui·
323 3607 458 3650 quare
495 3597 691 3651 permisit
730 3596 843 3641 Deus
867 3595 1087 3642 hominem
1123 3601 1298 3651 tentari,
1321 3613 1420 3645 eum

176 3679 276 3710 eum
295 3669 424 3712 sciret
443 3669 682 3724 lapsurum,
705 3677 746 3714 et
766 3670 819 3714 de
849 3671 996 3715 multis
1016 3672 1060 3715 in
1086 3672 1202 3716 hunc
1225 3674 1417 3726 modum,

176 3740 377 3795 dicimus,
405 3748 614 3796 quantum
656 3743 707 3787 ad
748 3754 937 3799 praesens
970 3744 1124 3788 attinet
1167 3758 1292 3801 opus,
1318 3746 1419 3802 quia

179 3813 242 3856 sie
263 3814 410 3856 voluit.
439 3814 483 3857 Si
501 3815 724 3870 quaeritur,
748 3829 826 3862 cur
845 3817 996 3870 voluit,
1021 3817 1205 3873 insipida
1228 3828 1419 3877 estquae-

178 3885 263 3930 stio
304 3899 496 3946 quaerere
518 3900 692 3934 causam
739 3889 895 3933 divinae
917 3891 1166 3947 voluntatis,
1190 3905 1288 3936 cum
1325 3893 1419 3953 ipsa

179 3958 235 4002 sit
255 3971 424 4003 summa
447 3972 581 4010 causa
599 3961 791 4006 omnium
823 3974 1069 4010 causarum.

235 4032 253 4049 ·
272 4032 446 4075 Addicto
469 4033 508 4076 l.
533 4030 655 4085 Quod
697 4034 858 4078 dictum
896 4044 960 4079 est
983 4038 1093 4080 vivat
1132 4039 1174 4081 in
1199 4046 1414 4091 aeternum,

182 4103 236 4148 ad
253 4105 499 4160 opinionem
525 4106 715 4150 hominis
735 4109 993 4153 trahendum
1025 4119 1106 4164 est,
1136 4113 1260 4166 quasi
1282 4112 1415 4166 dieat,

179 4179 223 4219 et
244 4178 442 4220 comedat
463 4178 543 4222 hac
564 4179 779 4234 opinione,
805 4189 849 4224 ut
885 4183 999 4226 vivat
1020 4183 1063 4226 in
1104 4191 1329 4236 aeternnm,
1349 4184 1418 4227 vei

182 4253 381 4290 oeternum
426 4248 635 4304 accipitur
675 4261 753 4304 pro
797 4251 934 4294 multo
973 4259 1179 4307 tempore.
1233 4253 1417 4306 Quidam

181 4324 356 4368 tradunt
374 4338 448 4369 eos
471 4324 605 4370 ruisse
624 4326 668 4370 in
693 4326 893 4382 paradiso
921 4333 1081 4381 septem
1104 4327 1245 4369 horas.

253 4400 300 4415 ‘⁶
330 4400 502 4443 Adaitio
538 4401 581 4444 2.
614 4401 873 4456 Ejectionem
912 4401 1148 4455 primorum
1191 4407 1415 4455 parentum

181 4480 458 4527 repraesentat
478 4473 669 4517 Ecclesia
691 4475 731 4516 in
750 4474 1080 4529 CapitejeJunii‚
1106 4486 1203 4517 cum
1228 4475 1345 4528 ejicit
1363 4487 1417 4518 ex

183 4555 230 4588 fle
252 4546 525 4588 nmltiteutes.
557 4547 753 4588 Cilicium
782 4546 854 4588 dat
892 4547 933 4588 in
969 4547 1137 4588 sianum
1174 4549 1413 4588 tunicarum

1503 3615 1603 3646 men
1645 3613 1776 3657 super
1802 3607 1976 3647 terram.
2002 3597 2106 3642 Abel
2131 3598 2212 3654 fuit
2235 3605 2397 3653 pastor,
2429 3603 2467 3640 et
2503 3595 2608 3640 Cain
2633 3595 2750 3652 aqi-i-
2825 3622 2829 3636 .

1502 3675 1611 3719 cola.
1659 3675 1769 3718 Cum
1813 3674 1926 3717 enim
1975 3678 2090 3718 esset
2131 3671 2488 3727 malignissimuS,
2535 3677 2581 3713 ut
2619 3669 2750 3713 etiam

1501 3747 1696 3792 avaritiae
1718 3746 1962 3790 consuleret
1980 3757 2069 3789 suae
2097 3744 2263 3801 primus
2283 3751 2438 3789 terram
2461 3743 2658 3787 incoluit.

1558 3823 1574 3840 ⁶
1595 3819 1771 3864 Additio
1792 3820 1832 3862 t.
1871 3819 2012 3863 Locus
2036 3818 2078 3860 in
2103 3828 2190 3873 quo
2234 3818 2441 3860 luxerunt
2465 3816 2623 3860 dicitur
2657 3815 2748 3859 val-

1499 3894 1553 3940 lis
1580 3893 1868 3950 lacrymarum
1890 3892 2015 3947 juxta
2040 3889 2242 3934 liebrom.
2267 3888 2432 3932 Chilios
2454 3888 2515 3931 bis
2544 3887 2656 3932 mille
2679 3889 2748 3931 in-

1498 3973 1773 4023 terpretatur,
1799 3972 1841 4009 et
1864 3965 1937 4009 ubi
1955 3977 2036 4008 nos
2053 3975 2128 4008 sex
2147 3969 2293 4007 aetates
2315 3961 2501 4006 dicimus
2521 3961 2658 4006 Graeci
2678 3962 2747 4005 diu

1499 4047 1604 4086 cunt
1620 4053 1695 4084 sex
1715 4040 1941 4091 chiliades,
1965 4051 2051 4085 non
2078 4039 2194 4094 quod
2221 4038 2363 4083 omnis
2385 4043 2491 4080 aetas
2514 4037 2631 4080 mille
2664 4036 2744 4080 ha-
2824 4067 2834 4078 .

1497 4114 1640 4158 buerit
1677 4126 1831 4157 annos.
1853 4111 2055 4166 Quaedam
2078 4112 2193 4156 enim
2232 4110 2394 4166 plures,
2417 4108 2612 4165 quaedam
2639 4107 2746 4164 pau·
2824 4102 2833 4139 ἰ

1497 4185 1638 4232 ciorcs
1664 4185 1830 4229 habult.

1691 4257 1793 4301 Car.
1816 4254 1968 4302 xxvi.
1995 4254 2054 4298 De
2075 4253 2354 4298 oblationibus
2376 4254 2573 4309 [mirum.

1552 4328 1656 4372 Post
1674 4330 1827 4372 multos
1851 4329 1939 4370 dies
1963 4327 2212 4370 obtulerunt
2229 4325 2406 4390 Domino
2434 4338 2604 4367 ηιιιηενα
2625 4322 2746 4378 (Gen,
2826 4334 2827 4346 ³
2874 4347 2882 4355 -

1496 4405 1556 4460 iv)
1586 4403 1725 4446 :Cain
1758 4403 1811 4446 de
1838 4401 2050 4456 frugibus,
2070 4400 2192 4451 Abel,
2232 4399 2468 4442 secundum
2489 4396 2743 4452 Joseplium,
2824 4391 2825 4395 ’

1498 4479 1565 4520 lac
1587 4483 1631 4520 ει
1659 4476 1946 4532 primogenita
1973 4485 2200 4529 agnorum.
2236 4471 2406 4527 Moyses
2431 4471 2506 4521 ait,
2537 4470 2587 4511 de
2606 4468 2747 4522 adipi·
2890 4497 2913 4508 ,.

1498 4547 1573 4588 bus
1593 4560 1755 4588 eorum.
1775 4547 1816 4588 id
1855 4553 1918 4588 est
1943 4546 1993 4588 de
2040 4543 2334 4588 pinguioribus
2355 4541 2495 4588 tri-esis
2519 4544 2650 4587 etiam
2670 4539 2747 4584 ob·
2791 4542 2821 4588 ’.
