2924 4588
272 114 284 153 l
294 110 376 154 64⁷

255 211 342 242 tien
371 193 625 247 certificavit
650 203 723 236 cos
747 200 875 244 super
898 188 979 230 hoe
1011 201 1020 228 z
1047 184 1109 227 Ex
1130 182 1317 239 quodam
1351 188 1494 222 tamen
1520 184 1556 226 A

254 261 387 313 velbo
416 268 459 311 in
485 264 766 320 respmsione
799 262 892 317 ejus
919 258 1076 314 posito,
1109 256 1147 300 si
1174 254 1302 299 scioli
1334 258 1495 297 essent.
1523 290 1532 293 a

259 346 434 399 possent
456 337 695 393 intelligere
739 332 1054 378 restitutionem
1079 329 1195 371 illam
1222 325 1368 380 multis
1388 331 1499 368 ten·-

258 413 437 468 poribus
459 404 751 452 differcndam.
793 421 808 446 ι
847 404 939 447 Non
977 411 1060 454 est,
1106 401 1264 455 inquit,
1308 405 1499 441 vestrum

258 496 386 527 nosse
412 480 713 537 tempora,·vel
743 483 976 524 momenta.
1006 486 1102 531 quae
1133 472 1263 515 Pater
1287 470 1432 526 posuit
1455 470 1498 511 in

259 570 335 600 sua
362 561 583 611 potestate,
615 568 628 594 ι
664 553 707 595 id
727 557 795 595 est
818 559 1044 593 numerum
1069 552 1308 601 temporum
1337 549 1378 585 et
1409 554 1501 583 mo·

261 632 522 677 mentorum,
565 637 703 680 usque
741 623 795 666 ad
832 623 959 666 linem
1002 618 1166 667 saeculi,
1203 627 1297 671 quae
1331 618 1501 656 tantum

258 701 399 744 Patris
424 704 571 755 patent
598 696 806 742 scientiae.
827 694 906 738 Ac
932 693 969 737 si
995 691 1158 735 diceret
1183 702 1194 732 ε
1220 688 1336 731 Nihil
1354 686 1406 731 ad
1427 697 1504 729 vos

259 787 449 832 quaerere
484 773 537 816 de
568 770 746 815 secretis
775 766 1039 823 hujusmodi,
1086 775 1164 807 nec
1189 762 1242 804 ad
1273 773 1325 805 ea
1358 759 1501 816 perci·

259 849 414 904 pientia
455 847 563 891 estis
604 843 764 888 idonei.
805 841 888 885 Sed
913 840 966 884 de
1002 839 1090 888 his,
1116 849 1212 893 quae
1236 835 1289 878 ad
1308 846 1383 877 vos
1406 843 1505 887 spe·

260 927 393 973 etant,
433 923 571 964 estote
596 916 788 967 solliciti,
828 913 931 971 quia
955 925 1031 956 vos
1063 922 1214 955 revera
1236 923 1251 950 ι
1282 906 1504 962 accipietis

260 994 461 1035 virtutem
482 988 827 1045 supervenientis
851 986 1039 1041 Spiritus
1058 983 1212 1033 sancti,
1241 997 1255 1022 »
1280 979 1404 1034 cuins
1419 977 1504 1021 vir⁴

262 1072 352 1108 tute
387 1062 595 1112 roborati,
639 1075 654 1102 ‹
687 1059 809 1103 eritis
835 1057 940 1101 mibi
964 1063 1097 1100 testes
1126 1071 1140 1096 »
1172 1050 1504 1098 resurrectionis

262 1151 382 1188 mcae,
407 1136 547 1192 primo
571 1148 586 1174 «
618 1133 662 1176 in
683 1131 942 1180 Jerusalem,
982 1144 998 1170 ι
1030 1124 1224 1172 secundo
1259 1124 1302 1168 in
1339 1121 1504 1174 Judaea,

199 1203 201 1205 ’
267 1225 282 1250 ι
307 1216 454 1265 postea
477 1208 520 1251 in
542 1205 752 1256 Samaria,
786 1218 802 1245 »
829 1201 1001 1245 tandem
1030 1214 1044 1240 ι
1075 1210 1211 1254 usque
1233 1195 1286 1239 ad
1308 1194 1503 1238 ultimum

263 1293 403 1327 terrae.
443 1297 461 1324 t
481 1280 542 1324 Ae
570 1280 608 1323 si
638 1279 767 1322 tacite
791 1277 956 1320 diceret
983 1289 992 1318 :
1019 1274 1132 1316 Ante
1151 1270 1272 1327 regni
1293 1269 1411 1312 illius
1436 1279 1506 1309 re-

266 1356 535 1400 stitutionem
560 1364 649 1397 non
673 1351 814 1395 solum
838 1346 1202 1401 Hierosolymam,
1234 1342 1308 1386 sed
1336 1348 1380 1384 et
1414 1351 1507 1382 om-

266 1440 342 1472 nes
361 1425 518 1470 ludaeae
540 1423 664 1475 fines,
686 1428 729 1466 et
753 1419 975 1470 Samariae,
1011 1417 1160 1460 mundi
1197 1414 1325 1458 etiam
1361 1411 1509 1454 termi-

266 1514 361 1551 nos,
392 1513 466 1554 per
483 1498 714 1543 circuitum
731 1478 850 1537 ⁷lama
870 1490 1090 1547 Evangelii
1115 1491 1358 1544 pei-curret.

355 1575 455 1616 (Iar.
479 1570 548 1615 tv.
575 1571 634 1612 De
668 1577 762 1611 ortu
782 1575 822 1610 et
850 1577 1043 1620 processu
1079 1557 1408 1617 proedicationis.

320 1646 465 1690 Primo
487 1642 696 1699 siqnidem
727 1638 1008 1696 praedieatum
1053 1640 1120 1678 est
1154 1631 1428 1695 evangelia-m
1465 1628 1508 1671 in

268 1719 550 1774 Hierusalem,
575 1715 649 1760 sed
671 1719 847 1771 propter
870 1709 1181 1767 lapidationem
1212 1702 1433 1760 Stephani,
1469 1707 1510 1745 et

264 1799 447 1837 mortem
470 1789 621 1833 Jacobi
642 1787 785 1844 gladio
809 1783 963 1835 occisi,
988 1780 1152 1839 egressi
1184 1783 1287 1822 sunt
1322 1776 1375 1820 de
1407 1774 1522 1817 Hie--

268 1865 473 1913 rusalem,
521 1860 807 1917 praedicantes
847 1856 895 1900 in
934 1855 1093 1898 finibus
1136 1850 1308 1895 Judaeae.
1355 1847 1510 1892 Postea

267 1939 530 1982 transierunt
547 1935 599 1978 ad
626 1933 944 1981 samaritanos,
962 1936 1003 1972 et
1025 1926 1182 1970 deinde
1206 1928 1511 1981 processerunt

270 2023 344 2066 per
357 2010 605 2055 universum
620 2005 784 2049 orbem.
806 2017 821 2044 ι
837 2001 889 2043 Ει
903 2012 1001 2043 cum
1014 1999 1095 2040 boc
1109 1993 1410 2051 dixisset(Act.
1428 1997 1472 2048 ι),
1494 2008 1508 2034 ι

270 2082 507 2128 secundum
550 2080 682 2121 alium
698 2087 701 2090 ’
720 2075 1026 2130 evangelistam
1042 2103 1054 2123 ,
1093 2069 1272 2113 elevatis
1313 2067 1513 2109 manibus

274 2174 288 2198 ι
310 2154 530 2201 benedixit
552 2154 616 2197 eis
640 2150 758 2207 (Luc.
782 2147 917 2204 xxiv).
951 2163 962 2186 i
987 2144 1039 2187 Et
1053 2149 1147 2199 post
1170 2141 1511 2185 benedictionem

270 2231 403 2280 illam,
431 2240 446 2268 ι
470 2225 715 2270 videntibus
732 2211 818 2266 iilis
839 2220 1030 2265 elevatus
1053 2214 1199 2259 est.Et
1214 2214 1349 2257 nubes
1366 2222 1514 2256 susce⁴

270 2306 332 2359 pit
351 2313 449 2346 eum
490 2300 546 2345 ab
596 2297 735 2342 oculis
775 2306 940 2343 eorum,
956 2306 972 2338 t
1018 2291 1118 2345 quia
1153 2286 1274 2342 quasi
1327 2286 1512 2341 quodam

271 2378 315 2425 in
338 2374 462 2431 globo
483 2371 636 2426 bajulae
666 2368 791 2412 nubis
828 2364 1037 2415 ascendit.
1078 2361 1172 2404 Non
1216 2367 1360 2410 tamen
1399 2357 1512 2408 ideo,

270 2447 381 2503 quod
411 2444 463 2488 ad
488 2441 807 2490 ascendendum
831 2443 975 2494 egeret
999 2434 1243 2478 ministerio
1269 2432 1416 2482 nubis,
1441 2432 1517 2475 sed

270 2525 320 2561 nt
343 2531 417 2575 per
440 2518 523 2561 boc
569 2514 869 2559 ostenderetur
899 2510 1000 2567 quia
1035 2508 1175 2551 omnis
1215 2511 1411 2550 creatura
1441 2515 1516 2559 pa-

272 2599 364 2635 rata
384 2597 450 2635 est
474 2589 653 2644 obsequi
676 2593 756 2631 suo
777 2584 987 2629 Creatori.

444 2665 544 2708 Car.
564 2660 617 2706 V.
642 2659 751 2714 Quia
774 2658 941 2714 fecerim
964 2656 1138 2700 abeunte
1157 2654 1348 2698 Domino.

327 2739 388 2783 De
419 2739 514 2782 loco
552 2733 827 2784 Ascensionis
869 2731 977 2775 dixit
1014 2728 1234 2785 Sulpicius
1256 2728 1507 2783 episcopus,

272 2813 701 2869 llierosolyniitanus‚
717 2807 817 2865 quia
841 2805 899 2848 ibi
916 2817 1014 2849 cum
1027 2811 1170 2860 postea
1184 2795 1390 2846 :edificata
1402 2805 1516 2844 esset

273 2885 483 2934 Ecclesia,
502 2884 623 2926 locus
646 2881 717 2924 ille
739 2880 782 2923 in
801 2889 887 2935 quo
906 2875 1156 2920 institerunt
1179 2873 1359 2929 vestigia
1395 2871 1518 2916 Chri·

273 2960 330 3004 sti
352 2957 642 3010 ascendentis,
668 2963 891 3008 nunquam
917 2949 1056 3007 potuit
1091 2948 1227 2994 sterni
1250 2947 1513 3004 pavimento,

273 3032 360 3077 imo
382 3031 628 3076 resiliebant
653 3037 868 3071 marmora
895 3026 938 3067 in
963 3035 1040 3069 ora
1062 3022 1385 3066 collocantium.
1414 3019 1515 3063 Cal-

275 3106 358 3147 cati
379 3105 505 3148 etiam
542 3102 728 3159 pulveris
753 3112 776 3142 a
807 3098 1006 3148 Domino,
1033 3097 1113 3140 boe
1138 3095 1243 3138 dicit
1260 3107 1357 3140 esse
1381 3094 1515 3138 docu-

274 3183 480 3228 mentum,
499 3176 600 3231 quia
622 3174 800 3231 vestigia
824 3173 1032 3227 impressa
1054 3179 1303 3220 cernuntur,
1333 3175 1375 3212 et
1398 3179 1515 3211 eam-

273 3252 370 3296 dem
393 3250 533 3294 adbuc
560 3249 764 3304 speciem,
791 3246 907 3290 velut
929 3257 1110 3301 pressus
1143 3243 1360 3299 vestigiis,
1399 3248 1514 3287 terra

273 3324 476 3367 custodit.
497 3323 603 3366 Cum
623 3322 712 3377 jam
737 3319 947 3363 Dominus
967 3326 1120 3375 raptus
1151 3323 1266 3361 esset
1285 3329 1308 3359 a
1333 3328 1513 3371 conspe·

1274 89 1438 133 PETRI
1463 85 1812 131 commotus

2705 68 2815 130 {6⁴⁸

1651 179 1751 222 Car.
1782 178 1846 221 Vl.
1876 175 2033 235 Quibus
2059 187 2109 218 ex·
2130 175 2268 230 causis
2287 175 2426 232 anqeh‘
2448 182 2745 230 apparuerunt.

1641 266 1654 290 ι
1688 250 1779 293 Viri
1816 249 1996 298 Galilaei,
2031 250 2133 304 quid
2158 249 2286 292 statis
2320 249 2579 306 aspicientes
2599 248 2643 291 in
2663 251 2820 292 coelum

1580 327 1693 383 (Act.
1714 326 1762 382 ι),
1794 341 1808 365 ι
1833 325 1958 379 quasi
1976 322 2095 367 oblili
2115 323 2215 377 quid
2235 322 2375 367 faeere
2389 323 2595 367 debeatis.
2619 339 2632 364 t
2657 321 2734 365 Hir.
2751 323 2825 368 Je-

1581 411 1672 449 sus,
1694 396 1767 452 qui
1790 401 2038 450 assumptus
2064 402 2130 438 est
2156 407 2179 437 a
2203 396 2327 438 vobis
2353 395 2397 438 in
2426 394 2600 446 coelum,
2634 410 2648 435 ι
2691 395 2731 438 id
2758 406 2825 440 est

1581 471 1624 513 in
1642 468 1790 512 eadem
1825 469 1970 511 carnis
1994 467 2255 518 substantia,
2273 467 2317 509 in
2338 478 2422 521 qua
2442 472 2692 522 assumptus
2709 473 2776 510 est
2799 477 2827 510 a

1580 542 1705 586 vobis
1745 541 1790 584 in
1814 540 1991 591 coelum,
2032 554 2047 580 ι
2072 539 2135 584 sic
2167 539 2309 583 veniet
2342 539 2705 595 quemadmodum
2750 538 2821 581 vi-

1581 614 1709 658 distis
1732 624 1832 658 eum
1855 618 2029 656 euntem
2050 611 2096 655 in
2125 612 2301 662 eoelum,
2330 626 2346 652 ι
2381 611 2424 653 id
2443 617 2509 655 est
2531 612 2645 655 sicut
2669 610 2830 666 baiulis

1582 686 1770 730 nubibus
1805 684 1977 728 vidistis
2005 695 2104 727 eum
2140 684 2441 727 ascendentem
2477 683 2522 726 in
2552 684 2726 734 caelum,
2765 684 2828 728 sic

1584 761 1738 816 bajulis
1763 759 1951 803 nubibus
1975 758 2176 802 videbitis
2201 771 2300 802 eum
2324 760 2369 801 in
2397 770 2496 803 aere
2527 759 2580 801 ad
2609 759 2823 814 iudicium

1581 835 1841 879 venientem.
1872 832 2041 887 Duplici
2065 831 2118 875 de
2136 843 2268 875 causa
2285 833 2330 875 bi
2353 831 2438 875 duo
2459 833 2596 887 angeli
2617 844 2835 889 apparue-

1582 916 1701 959 runt,
1728 908 1908 958 scilicet,
1942 912 1988 950 ut
2014 913 2191 951 moestos
2219 905 2272 949 de
2303 903 2499 950 absentia
2526 906 2695 949 Domini
2725 918 2833 950 conv

1584 980 1811 1031 fortarent,
1829 983 1873 1022 et
1896 983 1942 1021 ut
1961 989 2062 1020 eum
2083 989 2183 1020 vere
2220 978 2468 1022 ascendisse
2496 980 2540 1021 in
2573 979 2732 1022 coelum
2754 979 2834 1023 ‹le-

1586 1055 1893 1101 monstrarent,
1929 1048 2097 1093 scilicet
2132 1049 2175 1091 in
2198 1048 2419 1105 regionem
2439 1050 2708 1106 angelorum.
2736 1049 2830 1098 Non

1586 1125 1701 1170 sieut
1721 1123 1856 1175 Elias,
1881 1123 1955 1179 qui
1970 1128 2118 1178 raptus
2131 1122 2250 1166 estin
2267 1122 2392 1178 igneo
2413 1134 2560 1175 curru,
2579 1129 2622 1167 et
2639 1123 2835 1167 ascendit
2864 1158 2871 1167 .

1585 1211 1723 1255 usque
1733 1197 2071 1242 adsublunarem
2086 1197 2301 1253 regionem
2314 1196 2354 1253 (1
2371 1197 2398 1241 V
2410 1195 2563 1254 Req.n;
2580 1196 2830 1255 Ecclicvtn),

1587 1285 1666 1317 nec
1688 1283 1784 1316 eam
1806 1269 2091 1319 transcendit,
2124 1269 2199 1313 sed
2242 1275 2408 1312 tantum
2435 1271 2674 1319 translatus
2699 1277 2767 1316 est
2787 1273 2836 1316 in

1586 1346 1834 1403 paradisum
1858 1350 2124 1395 terrestrem,
2151 1344 2251 1398 quia
2271 1343 2379 1387 adco
2399 1344 2575 1393 eminet,
2602 1349 2649 1387 ut
2667 1346 2835 1400 pertin*

1587 1418 1731 1475 gatlad
1757 1417 2037 1462 sublunarem
2061 1417 2300 1473 regionem,
2329 1428 2411 1461 nec
2439 1425 2583 1462 tamen
2609 1423 2835 1463 transcen·

1588 1493 1665 1536 dit.
1693 1506 1708 1532 a
1742 1490 1867 1535 Tune
1897 1490 2062 1534 reversi
2097 1495 2200 1535 sunt
2243 1489 2585 1548 Hierosolymam
2617 1502 2639 1534 a
2667 1499 2832 1547 monte,

1589 1564 1660 1618 qui
1685 1568 1864 1607 vocatur
1895 1560 2076 1617 Oliveti,
2105 1577 2128 1609 ,ι
2166 1568 2345 1617 propter
2383 1563 2553 1619 copiam
2601 1565 2832 1618 olivarum,

1595 1651 1608 1677 ι
1642 1636 1818 1679 Sabbati
1839 1636 2003 1678 liabens
2029 1636 2124 1688 iter,
2160 1643 2179 1677 r
2200 1635 2241 1679 id
2266 1642 2331 1679 est
2370 1637 2540 1681 itinere.
2565 1636 2742 1684 Sabbati
2767 1639 2835 1683 di·

1591 1716 1712 1757 stans
1745 1718 1768 1749 a
1806 1705 2094 1758 Hierusalem,
2121 1706 2289 1750 scilicet
2323 1709 2465 1763 spatio
2491 1707 2701 1759 milliarii,
2729 1710 2835 1766 quia

1591 1788 1676 1823 non
1700 1779 1898 1834 amp'iori
1917 1779 2056 1834 spatio
2085 1779 2244 1830 licebat
2265 1777 2427 1823 «ludaeis
2451 1779 2496 1823 in
2523 1778 2711 1824 Sabbato
2734 1794 2837 1838 pro-0

1590 1853 1708 1909 gredi
1745 1852 1798 1895 de
1829 1852 2020 1904 civitate,
2054 1853 2118 1895 vel
2156 1853 2248 1904 illa,
2279 1854 2323 1896 in
2359 1865 2445 1908 qua
2476 1860 2618 1905 erant,
2653 1854 2731 1898 sed
2758 1865 2835 1910 per

1592 1925 1708 1967 mille
1732 1935 1887 1980 passus
1907 1930 2106 1981 poterant
2128 1927 2244 1968 circa
2269 1926 2563 1971 deambulare.
2592 1926 2726 1973 Vetus
2748 1927 2838 1972 edi·

1592 1998 1653 2040 tio
1674 1997 1804 2040 habet.
1831 2010 1853 2039 a
1878 2003 2025 2042 monte
2050 1999 2185 2040 trium
2220 1998 2454 2051 luminum.
2484 2000 2558 2044 Sic
2592 2007 2737 2045 autem
2767 2001 2837 2045 di-

1593 2076 1690 2113 ctus
1713 2077 1778 2114 est
1808 2082 1933 2114 mons
1964 2069 2134 2120 oliveti,
2159 2071 2263 2127 quia
2292 2071 2347 2116 de
2386 2077 2513 2125 nocte
2536 2085 2588 2117 ex
2621 2082 2740 2130 parte
2762 2088 2839 2121 oc·

1594 2143 1776 2187 cidentis
1802 2143 2126 2186 illuminabatur
2170 2146 2267 2200 igne
2301 2145 2594 2202 templi;quia
2613 2152 2706 2190 erat
2724 2148 2838 2204 ignis

1591 2217 1706 2274 jugis
1729 2217 1774 2260 in
1796 2215 1939 2268 altari,
1967 2228 2094 2260 mane
2110 2228 2160 2260 ex
2187 2223 2309 2272 parte
2336 2219 2516 2263 orientis
2541 2219 2681 2275 primo
2715 2222 2830 2264 exci-

1596 2371 1697 2407 tem.
1726 2361 1920 2406 Habebat
1944 2362 2074 2406 etiam
2097 2363 2267 2418 copiam
2288 2363 2389 2415 olei,
2415 2363 2534 2421 quod
2566 2372 2634 2409 est
2671 2365 2832 2412 somen-

1597 2441 1685 2478 tum
1706 2435 1898 2481 luminis.

1777 2511 1874 2554 Car.
1901 2495 1989 2555 Vll.
2019 2509 2070 2554 In
2090 2502 2169 2567 quo
2194 2512 2412 2556 intilamnr
2430 2516 2658 2570 apostolos,

1655 2598 1678 2635 ι,
1698 2581 1892 2639 Cumque
1910 2585 2100 2641 regressi
2122 2591 2272 2633 essent
2310 2586 2356 2629 in
2393 2585 2663 2632 Hierusalem
2686 2592 2839 2634 omnes
2884 2614 2886 2618 >
2916 2602 2922 2611 ·

1595 2656 1872 2710 unanimiter,
1923 2658 2160 2713 apostolos,
2204 2672 2343 2716 nsque
2378 2661 2431 2704 ad
2467 2673 2615 2705 eorum
2651 2661 2838 2719 hospitia

1595 2731 2074 2781 conduxerunt,deinde
2092 2731 2144 2775 ad
2159 2734 2330 2789 propria
2341 2735 2564 2779 redierunt
2580 2734 2682 2788 (72).
2697 2735 2840 2782 illane

1595 2805 1916 2860 processionem
1929 2806 2264 2861 discipulorum,
2282 2809 2356 2864 qui
2384 2809 2644 2854 unanimiter
2661 2810 2715 2854 de
2731 2810 2839 2856 civi,

1594 2884 1681 2923 tate
1709 2885 1812 2922 sunt
1836 2881 2016 2935 egressi,
2043 2889 2085 2926 et
2107 2887 2208 2938 post
2247 2883 2512 2927 unanimiter
2547 2885 2736 2941 regressi
2771 2897 2841 2930 re,

1595 2959 1830 3003 praesentat
1864 2952 2056 2999 Ecclesia
2085 2955 2269 3012 singulis
2304 2955 2539 3003 Dominicis
2563 2958 2718 3006 diebus
2738 2972 2838 3016 pro-

1594 3028 1834 3071 cessionem
1860 3027 2042 3074 saciens.
2066 3028 2188 3075 Unde
2205 3032 2317 3075 sicut
2337 3033 2399 3076 illi
2422 3035 2585 3090 egressi
2609 3042 2710 3079 sunt
2734 3049 2839 3092 prae·

1596 3100 1775 3144 cedente
1793 3099 2028 3153 crucifixo,
2058 3103 2115 3145 ita
2137 3109 2178 3146 et
2199 3116 2281 3149 nos
2303 3106 2359 3149 de
2381 3105 2574 3151 Ecclesia
2593 3109 2838 3165 egredimur

1595 3173 2064 3229 crucemprzeserendo.
2097 3175 2148 3218 Et
2178 3177 2277 3220 licet
2311 3191 2396 3222 non
2432 3180 2609 3224 redierit
2639 3194 2738 3228 cum
2773 3183 2839 3228 eis

1593 3247 1845 3301 crucifixus,
1894 3261 1974 3293 nos
2003 3255 2146 3294 tamen
2182 3251 2416 3296 redeuntes
2445 3267 2618 3298 crucem
2644 3263 2838 3311 reporta-

1592 3330 1706 3362 mus.
1727 3317 1833 3371 Quia
1860 3319 1961 3364 licet
1984 3332 2070 3364 non
2089 3321 2265 3366 redierit
2285 3335 2383 3366 cum
2408 3325 2473 3368 eis
2491 3328 2719 3382 praesentia
2745 3339 2841 3371 cor·

274 3403 344 3439 ctu
368 3394 686 3447 eorum,adhuc
699 3399 841 3435 tamen
860 3390 1086 3446 suspensis
1107 3388 1315 3438 vultibus,
1334 3389 1514 3435 stabant
1539 3381 1571 3423 D
1595 3388 1749 3442 porali,
1779 3389 1905 3433 rediit
1927 3395 2071 3434 tamen
2101 3405 2199 3436 eum
2230 3394 2294 3437 eis
2339 3397 2566 3450 praesentia
2603 3395 2836 3454 spirituali,

274 3469 531 3524 aspicientes
555 3467 597 3511 in
621 3467 799 3517 coelum,
822 3477 920 3509 cum
948 3463 1093 3519 potius
1112 3462 1275 3506 veverti
1298 3461 1343 3503 in
1369 3460 1515 3503 llieru-

274 3541 408 3584 salem
451 3538 720 3587 debuissent,
758 3536 858 3591 quia
895 3535 1054 3576 dictum
1079 3538 1169 3577 erat
1188 3533 1251 3577 eis
1277 3547 1288 3576 ε
1318 3547 1330 3572 α
1363 3531 1515 3581 Sedete

274 3612 318 3653 in
341 3611 539 3663 civitate,
579 3608 864 3665 quoadusque
889 3607 1127 3650 induamini
1164 3606 1322 3648 virtute
1351 3618 1400 3647 ex
1427 3606 1515 3647 alto

277 3682 395 3738 (Luc.
422 3683 554 3737 xxiv).
581 3696 594 3722 ι
621 3681 670 3724 Ει
693 3694 746 3725 ne
776 3680 939 3724 diutius
972 3680 1029 3722 ibi
1067 3684 1359 3730 morarentur,
1392 3678 1514 3720 missi

276 3762 378 3799 sunt
397 3756 535 3810 angeli
555 3757 818 3798 instruentes
838 3766 927 3797 eos.
953 3752 1075 3796 Unde
1099 3750 1295 3807 sequitur
1316 3766 1326 3795 :
1354 3766 1367 3792 ‹
1391 3751 1516 3795 Cum-

277 3841 361 3884 que
400 3828 669 3871 intuerentur
700 3828 744 3869 in
776 3827 933 3869 coelum
958 3830 1135 3869 euntem
1157 3825 1298 3877 iilum,
1330 3840 1343 3866 ›
1372 3824 1415 3867 id
1449 3831 1515 3868 cst

278 3900 353 3944 illo
382 3900 580 3951 abeunte,
618 3906 664 3942 ut
691 3901 966 3943 accusativus
1007 3905 1193 3955 ponatur
1222 3910 1300 3954 pro
1329 3897 1516 3946 ablativo

279 3973 488 4023 absolute,
515 3984 592 4029 pro
605 3984 688 4028 quo
706 3973 876 4029 ponitur
891 3973 1104 4028 genitivus
1135 3973 1178 4015 in
1215 3971 1379 4015 Graeco.
1401 3986 1415 4012 ‹
1435 3970 1515 4025 Vel

279 4059 376 4090 cum
399 4048 519 4109 prius
539 4047 808 4096 intuerentur
830 4052 1003 4090 euntem
1034 4046 1170 4098 illum,
1204 4051 1246 4090 et
1283 4044 1425 4096 adbuc
1447 4044 1516 4088 in-

279 4125 503 4162 tuerentur
535 4119 581 4162 in
612 4121 786 4170 coelum,
829 4131 930 4162 ecce
952 4118 1038 4161 duo
1065 4119 1164 4169 viri,
1201 4134 1214 4160 ι
1242 4118 1285 4162 id
1318 4123 1387 4161 est
1427 4117 1514 4161 duo

280 4192 416 4247 angeli
442 4191 485 4233 in
509 4191 644 4234 forma
666 4206 680 4231 ι
711 4190 809 4241 viri,
830 4190 1058 4234 astiterunt
1075 4190 1195 4246 juxta
1208 4191 1303 4235 illos
1320 4192 1364 4235 in
1384 4190 1514 4235 vesti·

279 4263 360 4308 bus
378 4264 502 4313 albis,
528 4264 601 4318 qui
623 4269 666 4307 et
685 4263 886 4307 dixerunt
908 4263 1018 4321 (Act.
1046 4266 1095 4321 ι).
1125 4281 1137 4305 ι

335 4401 423 4472 (72)
447 4402 509 4445 Ex
534 4402 761 4461 Evangelio
784 4404 1008 4450 Nicodemi

1591 3460 1713 3515 juxta
1735 3462 1852 3518 qnod
1876 3463 1984 3508 dixit
2011 3480 2020 3507 :
2052 3480 2066 3505 ‹
2089 3464 2319 3510 Vobiscum
2346 3481 2442 3511 sum
2482 3475 2622 3526 usque
2652 3471 2707 3514 ad
2732 3483 2839 3515 eou-

1595 3536 1923 3580 summationem
1950 3539 2096 3580 saeculi
2117 3539 2289 3594 (Manli.
2316 3543 2486 3599 xxviii).
2519 3561 2532 3583 ι
2555 3542 2601 3587 ln
2632 3556 2685 3589 eo
2713 3556 2834 3600 ergo,

1594 3607 1705 3659 quod
1723 3609 1970 3663 egredimur
1993 3624 2163 3655 crucem
2188 3613 2354 3657 Domini
2374 3616 2652 3671 pra-serendo,
2679 3630 2836 3674 reprae-

1595 3687 1832 3731 sentamtis,
1873 3681 1975 3736 quia
2008 3683 2067 3725 illi
2104 3687 2268 3740 egressi
2304 3693 2404 3729 sunt
2431 3695 2654 3743 praeeunte
2678 3688 2835 3733 Cruci-

1596 3751 1693 3794 lixo.
1713 3750 1758 3794 ln
1783 3765 1834 3796 eo
1859 3755 1973 3810 quod
2006 3768 2177 3801 crucem
2210 3757 2378 3803 Domini
2410 3768 2699 3817 reportamus,
2734 3776 2834 3806 cum

1594 3836 1681 3867 non
1699 3825 1876 3868 redierit
1893 3839 1990 3870 cum
2011 3831 2072 3873 eis
2093 3833 2321 3884 praesentia
2347 3834 2578 3888 corporali,
2597 3847 2835 3892 repraesen-

1596 3903 1734 3942 tamus
1751 3898 1866 3954 quod
1891 3901 1952 3943 ait
1978 3916 1988 3943 :
2020 3916 2034 3942 ι
2062 3901 2299 3947 Vobiscum
2336 3918 2432 3948 sum
2469 3919 2606 3965 usque
2651 3907 2704 3950 ad
2730 3920 2836 3951 con-

1594 3971 1924 4015 summationem
1950 3974 2111 4018 saeculi.
2137 3991 2151 4016 ι
2174 3975 2221 4019 ln
2241 3978 2459 4033 primitiva
2479 3986 2620 4023 autem
2641 3979 2835 4025 Ecclesia

1593 4043 1846 4100 hujusmodi
1870 4048 2194 4102 repraesentatio
2233 4050 2359 4093 fiebat
2392 4052 2434 4093 in
2466 4050 2658 4097 Ecclesia
2682 4036 2833 4110 quinta

1535 2307 1568 2352 C
1596 2288 1911 2348 piebatradios
1956 2288 2083 2342 solis,
2118 2295 2350 2346 antequam
2386 2290 2653 2335 illustrarent
2681 2293 2835 2337 civita·
2901 2323 2906 2327 -

1595 4113 1717 4166 seria,
1746 4128 1841 4171 quae
1860 4123 1961 4161 tunc
1986 4121 2193 4175 temporis
2215 4134 2336 4178 aeque
2368 4124 2580 4169 solemnis
2602 4133 2696 4169 erat
2721 4126 2834 4169 sicut
2910 4126 2914 4137 '

1593 4189 1748 4249 prima.
1786 4189 1947 4243 Quinta
1970 4204 2048 4248 pro
2071 4197 2354 4240 veneratione
2375 4197 2663 4242 ascensionis.
2687 4197 2833 4246 Prima

1593 4272 1671 4315 pro
1690 4263 1930 4306 reverentia
1955 4267 2310 4317 resurrectionis.
2332 4267 2452 4314 Unde
2475 4269 2518 4315 in
2539 4270 2714 4328 vulgare
2731 4281 2835 4328 pro·
