2924 4588
218 134 327 193 {ilfi-⁹,

1215 124 1378 169 parm
1410 119 1761 184 connsroms

2677 125 2784 172 {ost
2817 92 2819 95 ¹

216 235 281 272 est
304 228 446 284 gluten
469 222 849 285 ferventissimum,
876 219 1091 281 quoligna
1122 217 1244 262 linita
1268 230 1353 260 non
1371 217 1460 260 dis-
1484 221 1517 265 Α
1543 221 1628 268 tur,
1657 222 1800 262 utrum
1820 216 1873 260 de
1895 214 2088 275 minutis,
2119 215 2184 260 vel
2213 214 2448 262 immundis
2473 217 2783 274 animantibus,

216 302 442 346 solvuntur
461 299 604 352 aliqua
631 296 688 347 vi,
711 295 776 338 vel
796 302 1014 346 arte,.nec
1035 286 1235 345 matoria,
1276 291 1341 334 vel
1367 302 1461 334 ma-

215 371 328 415 ceria
351 371 605 428 bituminatfl
647 367 754 412 solvi
789 374 945 425 potest,
983 367 1077 416 sine
1115 372 1339 413 menstruo
1363 376 1459 411 mu-

213 446 349 489 lieris.
376 444 422 487 ln
443 444 624 492 lacubus
641 441 800 486 Judaea·
825 447 1118 497 supernatans
1152 439 1384 495 colligitur.
1410 437 1458 482 ln

214 516 337 573 Syria
358 517 487 560 limus
506 523 573 560 est
596 528 620 559 a
646 522 762 560 terra
785 522 995 560 aestuans.
1035 515 1166 559 Facta
1207 522 1308 565 suut
1337 515 1380 558 in
1403 526 1456 563 ea

212 590 451 642 coenacula,
471 596 514 633 et
539 589 731 645 tristega,
760 589 803 633 id
842 596 909 632 est
950 589 1251 634 distinctiones
1280 589 1404 632 dietae
1431 600 1455 631 a

213 663 327 707 trita.
369 661 478 705 Dicit
499 661 583 706 alia
619 662 847 706 translatio
876 661 1155 715 bicamerata,
1180 669 1224 706 et
1255 662 1456 711 tricame-

211 743 332 787 rata;
368 735 519 780 babuit
558 735 673 778 enim
707 736 900 792 quinque
939 749 1152 791 cameras,
1187 749 1295 792 quas
1315 738 1456 796 Augu-

209 808 349 851 stinus
370 809 517 861 etiam,
539 815 696 864 praeter
717 810 951 863 sentinam,
974 811 1080 854 dicit
1121 810 1178 854 ibi
1212 810 1363 866 fuisse,
1387 812 1453 860 di-

206 891 309 923 cens
349 891 479 935 super
503 879 743 922 tabulatum
766 881 946 925 sentium
970 881 1105 931 fuisse
1126 883 1450 929 bicameratam.

207 947 299 994 Una
321 956 435 994 enlm
454 963 724 995 camerarum
745 959 839 995 erat
881 954 1158 1005 stercoraria,
1184 955 1320 999 altera
1345 968 1452 1011 apo-

206 1023 413 1077 thecaria,
436 1030 476 1067 ct
498 1036 630 1080 super
658 1025 771 1067 bane
798 1027 1066 1070 mansionem
1090 1034 1185 1071 erat
1212 1029 1294 1071 alia
1322 1029 1453 1073 trica-

205 1104 385 1140 merata.
408 1096 626 1141 Laterales
643 1110 826 1143 camerae
843 1106 968 1144 erant
1005 1112 1090 1146 una
1115 1099 1365 1152 immitium,
1388 1102 1451 1145 al-

205 1178 294 1215 tera
316 1172 484 1215 mitium
507 1173 936 1227 animalium,media
955 1175 1200 1229 bominum,
1225 1183 1266 1229 et
1286 1178 1446 1226 avium.

207 1244 253 1288 Et
279 1246 426 1290 babuit
451 1247 608 1290 ostium
650 1247 724 1291 ubi
769 1247 1053 1302 bicamerata,
1089 1256 1133 1294 et
1173 1251 1447 1298 tricamerata

199 1320 502 1375 jungebantur.
527 1320 610 1364 Alii
635 1333 739 1366 vere
758 1322 836 1365 has
862 1322 1055 1380 quinque
1080 1336 1274 1374 cameras
1309 1327 1350 1368 in
1381 1327 1446 1370 al·-

202 1390 383 1436 liludine
408 1393 499 1436 sola
539 1393 793 1448 disponunt,
815 1392 1154 1451 inferioremque
1195 1403 1238 1441 et
1277 1398 1446 1445 sentina

201 1466 502 1510 stercorariam
524 1465 743 1523 dicentes;
770 1470 1007 1517 secundam
1031 1483 1163 1526 supra
1196 1471 1314 1515 illam
1341 1484 1447 1528 apo·

200 1538 452 1591 tliecariam,
480 1541 648 1584 tertiam
669 1542 901 1586 immitium
924 1544 1178 1588 animalium
1203 1554 1246 1590 et
1268 1559 1448 1602 serpen-

198 1619 304 1663 tum,
334 1613 403 1656 ubi
429 1614 494 1658 11ae
527 1614 770 1672 junguntur
812 1617 972 1661 ostium
1002 1626 1195 1674 ponunt;
1244 1629 1443 1676 quartam

196 1685 364 1729 mitium
391 1686 668 1742 animalium;
689 1701 937 1746 supremam
966 1691 1192 1736 bominum
1214 1699 1257 1738 ct
1280 1695 1441 1738 avium.

194 1758 406 1816 Josepbus
430 1768 571 1807 tamen
598 1762 704 1807 dicit
729 1777 875 1808 arcam
904 1774 1097 1821 quatuor
1138 1779 1338 1815 cameras
1366 1769 1445 1815 ba-

195 1833 381 1888 benteni,
408 1837 517 1880 forte
557 1839 879 1892 stercorariam,
904 1840 968 1888 vel
994 1841 1207 1885 sentinam
1239 1855 1326 1885 non
1373 1842 1442 1885 in-

193 1906 387 1950 cludens.
410 1907 529 1952 Fecit
563 1909 606 1951 in
635 1921 684 1953 ea
712 1909 802 1955 Noe
841 1911 1077 1957 fenestram
1102 1927 1233 1971 quam
1274 1914 1441 1960 llcbraei

193 1979 487 2033 crystallinam
517 1980 654 2025 fuisse
676 1983 868 2036 tradunt,
907 1997 1004 2040 quae
1028 1987 1070 2028 iu
1097 1986 1276 2031 Hebraeo
1314 2001 1443 2032 voca-

193 2059 259 2096 tur
283 2054 585 2111 meridianum,
616 2069 640 2100 a
661 2057 922 2116 Symmacho
948 2061 1200 2105 diluculum.
1219 2061 1331 2106 Dicit
1355 2051 1441 2107 Ra-

190 2126 329 2171 banus
357 2127 527 2174 cubitos
566 2143 679 2178 areae
718 2132 853 2179 ruisse
899 2136 1204 2191 geometricos,
1246 2137 1438 2191 alioquin

190 2207 307 2244 tauta
332 2213 486 2256 capere
523 2215 611 2247 non
652 2205 829 2261 valeret,
871 2206 1077 2262 Continet
1104 2210 1220 2258 enim
1267 2201 1462 2255 cubitus

189 2275 475 2328 geometricus
514 2283 676 2332 septem
722 2286 918 2334 nostros,
945 2282 1010 2326 vel
1048 2294 1220 2332 novem.
1259 2282 1438 2340 Proprie

187 2347 301 2390 enim
328 2348 499 2394 cubitus
521 2352 674 2407 pedem
698 2358 742 2396 et
774 2353 1001 2399 dimidium
1025 2356 1177 2404 babet.

246 2419 259 2437 ¹
276 2419 452 2464 Acidino
477 2422 516 2466 t.
546 2422 679 2476 Quasi
705 2425 905 2481 agricolae
926 2426 1097 2471 loeutus
1119 2434 1189 2481 est
1211 2427 1437 2485 Dan-inus,

188 2499 236 2537 ut
260 2492 602 2560 iaceretseilicet
624 2511 793 2552 navem,
835 2499 974 2545 instar
1011 2503 1197 2562 arconii,
1219 2504 1261 2547 id
1286 2514 1350 2549 est
1386 2507 1440 2551 ad

186 2578 344 2612 conum
368 2569 600 2625 tendentis,
626 2571 692 2615 vel
712 2569 825 2617 sorte
849 2573 905 2618 ab
929 2575 1136 2631 arcendo,
1164 2578 1270 2634 quia
1312 2580 1440 2624 nudi·-

187 2651 272 2696 que
293 2640 458 2685 clausa.
1047 2680 1050 2681 γ

247 2715 279 2734 ··
302 2715 478 2759 Αιίάίιὶο
495 2717 538 2762 2.
565 2716 688 2770 Quod
713 2718 870 2763 dieitur
894 2732 995 2765 arca
1020 2722 1226 2768 babuisse
1264 2725 1437 2783 triginta

186 2787 356 2833 cubitos
386 2788 428 2830 in
466 2788 620 2842 altum,
657 2789 700 2832 in
748 2802 933 2848 corpore
974 2792 1069 2847 ejus
1114 2794 1436 2851 intelligendum

186 2868 269 2913 est,
289 2860 331 2903 id
351 2868 416 2906 est
438 2873 460 2903 a
481 2860 616 2905 lumlo
635 2851 772 2918 usque
791 2849 862 2917 ad·
884 2864 1141 2909 tabulatum.
1168 2865 1438 2923 Impossibile

186 2933 300 2975 enim
323 2939 436 2976 esset
458 2942 703 2990 operturam
738 2934 832 2989 ejus
853 2947 952 2979 non
990 2936 1086 2993 plus
1107 2941 1373 3002 ascendisse,
1396 2950 1438 2985 et

186 3005 302 3062 tigna
326 3006 497 3061 triginta
521 3007 766 3051 cubitorum
790 3014 971 3062 tantum,
998 3011 1167 3066 operire
1200 3012 1436 3070 longitudi-

187 3088 283 3123 nem
303 3084 346 3121 et
367 3078 650 3129 latitudinem,

381 3151 484 3196 Citr.
506 3142 697 3195 X'xxnl.
721 3150 781 3195 De
804 3153 1053 3215 inqvessu-in
1086 3170 1246 3210 arcam.
1308 3195 1311 3198 .

240 3220 432 3266 Perfecta
458 3223 585 3276 igitur
608 3235 725 3275 arca,
745 3222 852 3266 dixit
873 3223 1082 3268 Dominus
1113 3226 1166 3269 ad
1207 3225 1296 3270 Noe
1319 3243 1329 3281 ξ
1362 3226 1436 3280 Iu-

187 3293 386 3348 gradieris
406 3306 548 3339 arcam
582 3301 643 3346 tu,
667 3300 705 3336 et
739 3293 821 3347 fitia·
856 3295 934 3346 tui,
962 3309 1071 3338 uxor
1111 3304 1200 3349 tua,
1222 3307 1260 3351 et
1286 3311 1434 3342 uxores

186 3363 372 3420 filiorum
392 3373 558 3409 tuorum
579 3366 700 3422 (Gen.
726 3366 802 3422 vt).
845 3366 890 3410 ln
931 3368 1000 3413 liis
1032 3378 1127 3414 octo
1167 3383 1431 3417 reseruatun‘i

1472 1288 1506 1331 B

1538 289 1681 345 aliqua
1708 289 1953 338 introducta
1995 296 2098 333 sunt
2125 289 2179 333 ad
2227 290 2346 335 bunc
2375 288 2638 343 numerum,
2679 292 2786 334 dicit
2810 291 2814 294 ’

1537 361 1822 420 Augustinus,
1857 363 1972 418 quod
2001 375 2098 419 quae
2129 375 2217 408 non
2258 371 2521 420 generantur
2557 364 2612 408 de
2648 365 2781 414 coitu,
2812 362 2815 366 '

1538 446 1624 477 non
1653 433 1735 477 suit
1758 446 1935 479 necesse
1958 448 2053 480 esse
2074 436 2116 478 in
2145 447 2264 490 arca,
2290 448 2388 491 quae
2410 437 2572 481 scilicet
2601 437 2654 481 de
2687 436 2783 492 pnl-

1535 518 1653 560 vere,
1672 512 1720 550 ut
1739 507 1921 563 pulices,
1946 509 2012 552 vel
2053 508 2106 551 de
2145 508 2417 562 humoribus,
2438 509 2504 553 vel
2535 517 2781 566 corruptio·

1534 574 1664 623 nibus
1682 587 1937 625 naseuntur.
1970 579 2092 634 Quod
2121 589 2266 626 autem
2300 594 2351 627 ex
2390 583 2504 627 coitu
2535 584 2809 639 generativa·

1535 658 1703 696 tantum
1726 652 1975 701 introducta
1998 655 2101 710 sint,
2128 656 2327 699 innuitur
2349 668 2448 700 cum
2475 655 2610 711 addit,
2629 669 2753 701 secun
2765 653 2788 692 -⁵

1534 726 1634 770 dum
1647 740 1774 782 qenus
1794 741 1933 783 suum,
1947 729 2014 775 vel
2045 718 2087 780 :fii
2117 742 2263 791 genere
2284 743 2376 777 auo,
2396 729 2611 787 Quaeritur
2629 730 2779 783 etiam,

1534 800 1568 843 si
1589 800 1682 845 sine
1701 804 2043 859 transgressione
2062 804 2252 848 mandati
2278 804 2336 847 ibi
2355 804 2500 859 aliqua
2522 803 2697 851 suerunt
2713 795 2781 848 in·

1533 873 1672 929 clusa,
1695 886 1791 929 quae
1814 877 2051 935 necessitas
2084 888 2233 924 eorum
2261 875 2514 924 alendorum
2553 889 2650 932 quae
2680 889 2779 922 ves-

1532 952 1691 997 cuntur
1708 947 1914 993 carnibus
1937 948 2151 1005 coegisset
2169 949 2359 994 includi?
2378 949 2490 994 Dicit
2510 948 2778 1006 Augustinus

1530 1029 1660 1077 posse
1683 1031 1780 1066 esse
1795 1006 1948 1080 praeter
1977 1034 2130 1070 carnes
2152 1023 2356 1072 alimenta
2395 1023 2659 1075 eommunia,
2684 1035 2778 1067 ma·-

1530 1090 1646 1136 xime
1663 1104 1760 1137 cum
1785 1104 1833 1139 ea
1857 1106 1955 1153 quae
1974 1095 2180 1141 carnibus
2215 1103 2447 1140 vescuntur
2471 1095 2554 1140 fico
2579 1102 2622 1140 et
2643 1101 2780 1155 casta·
2800 1095 2803 1098 ’

1530 1177 1612 1208 nea
1647 1165 1762 1209 vesei
1801 1167 1987 1223 possint,
2010 1169 2226 1226 praecipue
2270 1181 2368 1212 cum
2411 1162 2615 1222 omnibus
2658 1169 2778 1213 vesci
2815 1188 2828 1194 ⁷-

1530 1247 1653 1295 cogat
1674 1239 1826 1284 sames.
1854 1237 1983 1284 Forte
2009 1242 2199 1286 nondum
2232 1237 2363 1287 etiam
2399 1241 2600 1298 animalia
2637 1240 2778 1285 carni-

1528 1311 1609 1356 bus
1632 1311 1931 1366 vescebantur,
1959 1314 2074 1356 sicut
2104 1325 2186 1357 nec
2209 1314 2424 1358 homines.
2457 1300 2656 1361 Fefi'itaue
2686 1310 2779 1361 Noe
2808 1309 2820 1322 ⁵

1527 1394 1693 1437 concur,
1717 1399 1810 1441 quae
1828 1386 1905 1429 sibi
1923 1386 2126 1430 Dominus
2143 1396 2412 1445 praeceperat.
2452 1387 2778 1438 sexcentesimo
2802 1419 2819 1448 4

1526 1469 1642 1500 anno
1666 1459 1763 1502 vitae
1781 1472 1870 1503 suat
1889 1461 2110 1516 ingressus
2131 1468 2196 1505 est
2215 1459 2306 1506 Noe
2328 1461 2371 1504 in
2388 1473 2534 1510 arcam
2564 1467 2663 1506 cum
2683 1475 2776 1506 om-

1526 1530 1671 1584 nibns,
1698 1545 1795 1589 quae
1812 1533 1979 1577 dixerat
2000 1548 2038 1576 et
2069 1533 2293 1588 Dominus,
2310 1547 2406 1591 quae
2426 1542 2469 1579 ct
2486 1543 2591 1580 nutu
2613 1536 2774 1592 divine,

1526 1614 1562 1649 et
1592 1607 1845 1663 angelorum
1873 1608 2116 1652 ministerio
2143 1608 2325 1653 adducta
2369 1617 2486 1664 sunt,
2511 1623 2662 1656 mense
2707 1619 2775 1657 se·-
2822 1663 2829 1671 ¹

1525 1680 1669 1723 cundo
1693 1679 1763 1724 die
1789 1680 1958 1724 decima
1983 1682 2166 1737 septima
2202 1682 2275 1739 qui
2319 1682 2376 1728 ab
2415 1683 2775 1732 llebraeis‘·²'Nisau

1524 1754 1699 1805 divitur,
1747 1766 1771 1798 a
1819 1748 1987 1799 Latini's
2022 1756 2178 1811 Maius,
2222 1770 2247 1801 a
2293 1757 2602 1805 Macedonibus
2644 1759 2775 1806 Dion.
2823 1775 2835 1820 j

1523 1826 1692 1883 Moyses
1731 1834 1875 1872 autem
1922 1829 1963 1872 in
1997 1830 2200 1887 legitimis
2221 1829 2373 1886 Nisan,
2401 1833 2441 1876 iil
2474 1839 2539 1878 est
2563 1834 2771 1891 Aprilem,
2817 1884 2825 1886 -

1522 1901 1710 1956 primum
1743 1914 1940 1947 mensem
1975 1904 2217 1958 constituit,
2244 1906 2481 1950 seeundum
2517 1901 2789 1962 sompnum}
2816 1898 2838 1910 ”

1522 1973 1567 2017 ln
1599 1977 1899 2022 contractibus
1918 1989 2037 2031 vero,
2071 1978 2112 2022 id
2137 1985 2203 2023 est
2235 1979 2279 2026 in
2304 1975 2522 2032 mercibus
2547 1980 2775 2036 faciendis,
2838 2006 2839 2009 =

1521 2054 1564 2091 et
1593 2046 1634 2091 in
1660 2050 1744 2093 alia
1770 2051 2083 2107 gubernatione
2123 2050 2269 2102 &eruli
2305 2050 2546 2112 temporum
2581 2055 2771 2109 decreta,

1520 2132 1561 2168 et
1583 2124 1780 2168 usualem
1799 2124 1997 2178 ordinem
2026 2126 2242 2170 niensium
2265 2118 2468 2171 servavit.
2508 2127 2618 2172 Dicit
2645 2127 2772 2174 Jose·

1502 2197 1648 2258 plius,
1668 2198 1790 2254 'quod'
1811 2198 1866 2242 ab
1885 2197 2023 2251 Adam
2053 2211 2193 2255 usque
2228 2199 2282 2243 ad
2329 2201 2411 2245 boc
2453 2207 2638 2258 tempus,
2681 2202 2772 2247 lue·

1518 2278 1619 2315 runt
1642 2269 1745 2315 anni
1769 2279 1855 2316 uuo
1877 2271 2009 2316 millia
2029 2273 2216 2318 sexcenti
2233 2266 2549 2332 quinquaginta
2562 2288 2636 2319 sex
2655 2277 2773 2332 quoti

1459 2361 1502 2406 (3⁴
1520 2343 1563 2388 in
1587 2345 1725 2390 saeris
1747 2344 1904 2390 litteris
1925 2341 2224 2403 conscriptum
2246 2353 2326 2401 cst,
2358 2354 2401 2391 et
2437 2347 2685 2404 integritate
2707 2348 2771 2392 si-

1524 2424 1681 2477 gnatus
1702 2425 1787 2463 est.

1575 2491 1775 2536 *Acidino
1799 2492 1835 2537 l.
1855 2491 2074 2545 UxorNoe
2085 2492 2384 2550 Phuarpbara,
2403 2505 2512 2537 uxor
2527 2493 2624 2538 Sem
2636 2493 2773 2538 Phar„

1519 2562 1638 2619 pitia,
1663 2576 1773 2608 uxor
1796 2564 1934 2611 Cham
1955 2565 2196 2620 Gathassua,
2221 2578 2332 2609 uxor
2355 2565 2541 2623 Jap'betb
2558 2566 2695 2613 Fliva.

1603 2632 1707 2680 Cn».
1732 2635 1924 2682 XXXIV.
1963 2637 2026 2682 De
2057 2638 2332 2682 inundatione
2358 2647 2396 2682 et
2423 2639 2694 2691 cataclismo„
2727 2643 2746 2649 ‘⁴

1575 2709 1775 2766 Ingresso
1797 2708 1888 2754 Noe
1907 2710 1950 2755 in
1975 2722 2139 2764 arcam,
2160 2710 2274 2766 rupti
2307 2718 2407 2754 runt
2447 2712 2581 2767 sontes
2609 2711 2766 2773 abyssi,

1519 2785 1560 2830 id
1589 2793 1657 2830 est
1676 2797 1799 2842 aquae
1823 2798 1919 2842 quae
1942 2794 2044 2833 sunt
2070 2786 2113 2830 in
2140 2785 2380 2839 visceribus
2406 2794 2552 2841 terrae,
2591 2793 2768 2830 etcum·

1519 2869 1650 2905 ractae
1669 2861 1778 2915 coeli,
1801 2861 1842 2905 id
1865 2868 1933 2905 est
1954 2861 2153 2915 fenestrae
2178 2868 2335 2918 apertae
2349 2869 2465 2915 sunt,
2490 2863 2529 2907 id
2551 2870 2617 2907 est
2632 2862 2769 2915 nubes

1519 2933 1639 2992 (Gen.
1669 2933 1760 2990 vn).
1790 2933 2030 2990 Cataractae
2054 2935 2228 2991 proprie
2256 2942 2359 2982 sunt
2380 2944 2548 2981 meatus
2576 2935 2669 2980 Nili·
2685 2937 2768 2982 ssu-

1516 3009 1593 3066 vii,
1612 3021 1710 3051 rum
1731 3008 1852 3052 Nilus
1872 3021 1948 3064 per
1970 3016 2132 3064 septem
2161 3009 2267 3053 ostia
2288 3016 2532 3064 separatur,
2567 3011 2636 3054 vel
2670 3010 2766 3059 loca

1516 3082 1726 3138 eJusdem,
1748 3095 1843 3138 quae
1868 3083 2097 3138 catadupla
2115 3083 2334 3129 dicuntur.
2361 3084 2552 3129 Abusive
2583 3085 2766 3142 quilibet

1517 3167 1725 3211 aquarum
1741 3166 1909 3203 meatus
1931 3156 2133 3209 dicuntur
2157 3156 2360 3211 initiales,
2383 3157 2422 3200 id
2436 3165 2503 3203 est
2521 3164 2764 3216 cataractae,

1516 3227 1567 3270 Et
1591 3229 1698 3286 pluit
1719 3241 1850 3290 super
1878 3236 2035 3272 terram
2059 3229 2351 3287 quadraginta,
2370 3231 2539 3284 diebus,
2560 3238 2603 3276 et
2619 3234 2763 3276 nocti-

1515 3300 1614 3356 bus,
1639 3308 1682 3345 et
1705 3303 1870 3357 elevata
1893 3315 2010 3355 arca,
2031 3303 2073 3346 in
2092 3302 2277 3347 sublime
2303 3302 2534 3357 serebatur,
2565 3312 2608 3348 et
2631 3317 2763 3361 super

1516 3389 1668 3421 omnes
1696 3383 1864 3421 montes
1884 3377 2077 3420 exerevit
2095 3384 2207 3434 aqua
2235 3377 2362 3421 altior
2382 3377 2539 3426 cubitis
2579 3379 2762 3436 quinde-

185 3446 251 3487 cst
272 3442 552 3487 seminarium
595 3443 762 3501 generis
784 3443 961 3488 humani
987 3447 1017 3489 ⁶.
1048 3445 1099 3490 Et
1123 3460 1318 3492 seorsum
1363 3450 1430 3492 vi··
1455 3442 1489 3486 D
1511 3449 1614 3503 eim,
1640 3457 1686 3493 ut
1709 3449 1899 3494 ablueret
1919 3452 2070 3494 sordes
2109 3451 2237 3505 aeris,
2286 3465 2511 3508 usquequo
2555 3452 2762 3496 ascende-

185 3527 275 3570 ros,
294 3527 489 3561 seorsum
519 3518 720 3562 mulieres
750 3518 988 3563 nominavit
1010 3520 1219 3566 Dominus
1254 3535 1352 3566 cum
1377 3524 1429 3568 de

185 3585 381 3643 ingressu
408 3588 670 3646 loqueretur.
709 3591 773 3637 Ac
804 3592 839 3636 si
870 3592 1047 3638 diceret.
1074 3593 1284 3650 Tempore
1323 3597 1426 3640 ailli-

183 3660 339 3706 ctionis
363 3661 600 3708 vacandum
623 3672 690 3708 est
725 3667 779 3708 ab
810 3667 1078 3722 amplexibus
1100 3669 1344 3713 mulierum.
1375 3669 1426 3713 Et

179 3745 235 3781 tx
257 3736 416 3777 cunctis
435 3738 721 3789 animantibus
741 3744 939 3784 uuiversae
970 3742 1111 3786 carnis
1136 3743 1232 3785 bina
1256 3744 1427 3789 induces

183 3807 226 3850 iu
245 3821 362 3862 arca,
392 3810 432 3853 id
455 3817 521 3855 est
538 3812 799 3865 combinata,
824 3814 864 3857 id
884 3823 949 3858 est
978 3815 1219 3860 masculum
1237 3824 1279 3861 et
1305 3817 1429 3862 semi·

183 3893 302 3927 nam.
327 3880 386 3925 De
423 3884 656 3929 immundis
697 3886 811 3929 enim
856 3888 1115 3933 animalibus
1161 3889 1336 3935 suerunt
1369 3892 1428 3938 ibi

183 3959 349 3999 tantum
367 3956 453 4000 duo
475 3957 710 4001 secundum
731 3972 867 4015 genus
889 3973 1037 4012 suum.
1059 3962 1111 4006 ‹le
1130 3964 1302 4008 mundis
1326 3977 1429 4010 vero

184 4034 366 4083 septem.
397 4027 622 4073 immunda
647 4044 747 4075 vero
771 4039 896 4076 vocat
923 4046 973 4077 ea
993 4034 1162 4092 Moyses
1190 4038 1427 4081 secuudum

183 4103 354 4156 tempus
371 4113 514 4156 suum,
538 4115 635 4157 quae
664 4104 827 4149 scilieet
865 4106 932 4149 lex
972 4106 1160 4152 Mosaios
1195 4119 1319 4153 vocat
1347 4110 1429 4153 im-

182 4172 360 4216 munda.
389 4173 583 4218 Veltunc
617 4176 731 4220 dicta
770 4185 871 4221 sunt
898 4178 1137 4235 immunda,
1172 4195 1268 4238 quae
1299 4184 1426 4227 ctiam

183 4251 287 4290 tunc
307 4249 558 4292 naturaliter
575 4250 666 4294 esui
686 4250 907 4296 bominum
929 4267 1013 4298 non
1042 4263 1164 4301 erant
1189 4264 1306 4314 apta.
1329 4257 1429 4304 idco

184 4316 292 4370 dixi,
317 4319 583 4372 naturaliter,
609 4322 708 4376 quia
733 4325 847 4369 nulla
867 4326 1008 4371 adbuc
1030 4326 1082 4370 ad
1093 4327 1304 4372 edendum
1324 4342 1429 4374 con-

184 4399 321 4431 cessa.
351 4390 562 4447 Tollesque
583 4400 714 4437 tecum
742 4409 794 4440 ea:
820 4399 1014 4441 euntibus
1044 4413 1138 4455 quoe
1164 4402 1308 4443 »tutudi
1331 4415 1428 4457 pos-

185 4467 299 4514 sunt,
321 4469 363 4503 ut
382 4463 464 4506 sint
492 4471 573 4507 tam
596 4465 806 4524 tibiquam
835 4469 919 4513 illis
937 4471 978 4512 in
1016 4485 1168 4517 escant.
1199 4472 1241 4517 Si
1269 4474 1426 4531 qumi-i-

1511 3529 1608 3577 rant
1645 3535 1776 3580 opera
1822 3524 2064 3567 hominum.
2107 3523 2251 3580 Usque
2285 3525 2338 3573 ad
2385 3526 2582 3577 eumdem
2615 3526 2758 3570 locum

1509 3597 1711 3642 ascendet
1736 3596 2007 3656 ignisjudicii
2029 3599 2084 3648 ob
2107 3598 2221 3651 aeris
2245 3598 2558 3654 mirgationem.
2574 3599 2654 3643 Sed
2674 3612 2759 3643 non

1510 3670 1677 3723 videtur
1700 3682 1830 3726 opera
1855 3671 2079 3724 bominum
2098 3677 2266 3726 tantum
2287 3673 2522 3717 ascendere
2547 3673 2757 3728 potuisse,

1510 3756 1607 3787 itum
1632 3742 1829 3799 olympus
1847 3755 1984 3798 usque
2001 3743 2052 3787 ad
2077 3743 2287 3799 liquidum
2315 3755 2414 3788 aera
2441 3746 2585 3798 vadat,
2631 3758 2760 3802 super

1509 3829 1639 3874 quem
1659 3817 1815 3861 litter-<e
1843 3817 2062 3872 inscriptae
2088 3815 2130 3859 in
2151 3816 2345 3871 pulvere,
2389 3829 2466 3873 per
2484 3829 2647 3861 annum
2686 3829 2756 3862 re-

1509 3896 1641 3946 perta:
1665 3896 1764 3933 sunt
1783 3889 1954 3932 stetisse
1972 3888 2233 3941 immobiles,
2261 3889 2360 3944 quia
2380 3889 2495 3942 venti
2514 3889 2656 3942 delere
2669 3898 2754 3933 non

1509 3969 1726 4019 poterant,
1744 3968 1919 4018 propter
1945 3961 2214 4007 altitudinem
2246 3964 2476 4011 montium..
2501 3963 2574 4006 ubi
2600 3975 2676 4024 pro
2695 3964 2759 4009 ni-

1510 4037 1595 4079 mia
1617 4035 1730 4079 aeris
1750 4035 1939 4087 raritate,
1959 4046 2038 4078 nec
2053 4035 2182 4079 etiam
2201 4047 2303 4078 aves
2321 4035 2466 4079 vivere
2483 4043 2660 4091 queunt,
2680 4045 2756 4083 nec

1508 4106 1753 4164 philosophi
1780 4107 2078 4161 ascendentes,
2097 4107 2260 4163 absque
2276 4107 2466 4164 spongiis
2479 4106 2617 4162 plenis
2626 4118 2754 4162 aqua,

1509 4179 1825 4236 aliquantulum
1851 4179 1907 4223 ibi
1932 4191 2107 4224 manere
2143 4187 2390 4236 potnerunt,
2434 4192 2542 4235 quas
2577 4180 2754 4222 naribus

1509 4259 1773 4308 apponentes
1798 4253 2060 4297 crassiorem
2084 4245 2182 4296 inde
2198 4264 2340 4296 aerem
2361 4252 2647 4296 attrahebant.
2670 4251 2751 4295 Sed

1508 4335 1608 4372 sunt
1622 4328 1694 4383 qui
1717 4333 1868 4382 putant
1882 4326 2150 4370 altitudinem
2171 4326 2380 4369 montium
2395 4331 2496 4368 tunc
2515 4337 2598 4367 non
2621 4324 2755 4367 fuisse

1511 4407 1690 4452 tautam,
1719 4410 1879 4456 quanta
1908 4411 2024 4443 nunc
2041 4406 2122 4452 cst,
2142 4399 2208 4441 vel
2231 4398 2416 4443 sortasse
2433 4399 2477 4441 in
2496 4398 2753 4445 sublimibus

1512 4472 1803 4518 sacrificantes
1831 4472 1973 4528 ignem
2001 4469 2309 4524 accendebant,
2351 4471 2474 4528 cuius
2521 4481 2667 4529 vapor,
2711 4475 2755 4527 ct
