2924 4588
0 90 121 160 'aas

819 106 1126 153 SERMONES.
1157 129 1212 138 —-
1233 103 1286 148 tii
1316 103 1408 150 Dm
1440 105 1486 150 S.
1519 103 1807 149 STEPHANI.

2521 101 2605 147 29⁴

37 205 214 249 tantem,
232 199 492 257 quicaudor
508 197 618 244 lucis
641 205 812 248 aeternae
831 203 924 250 est;
949 197 994 244 in
1022 195 1186 252 augelis
1208 206 1282 239 π·
1305 198 1343 244 Α
1363 201 1430 238 tre
1451 193 1607 237 Filium
1625 193 1720 245 Dei,
1740 194 1834 238 sine
1852 198 1976 249 patre
1994 190 2152 235 Filium
2174 190 2379 236 bominis.
2410 190 2605 244 invenio,

37 276 278 323 sistentem,
300 273 378 322 oui
397 273 535 329 pietas
553 276 636 317 est.
660 268 761 318 Haec
783 270 927 314 omnia
946 275 1150 325 operatur
1166 279 1280 312 unus

1362 270 1555 323 inquam,
1577 265 1693 310 hunc
1715 261 1871 310 Filium
1898 265 2086 308 hominis
2111 276 2196 308 non
2231 264 2369 309 solum
2400 269 2605 317 stantem,

38 337 234 401 idemque
256 345 468 402 spiritus,
502 343 698 388 omnium
743 348 835 386 tam
870 342 1118 401 spirituum,
1151 351 1282 398 quam
1361 338 1439 383 sed
1455 345 1498 382 et
1513 338 1734 382 sedentem
1751 350 1777 381 a
1801 336 1965 381 dextris
1991 339 2159 381 virtutis
2174 331 2263 380 Dei.
2287 336 2400 392 Lego
2422 349 2610 393 namque

12 426 15 431 '
38 431 266 475 corporum
294 416 494 461 eonditor
516 417 789 473 omnipotens
819 412 934 458 Deus
972 418 1137 468 noster,
1173 412 1286 456 divi·
1360 412 1408 456 in
1430 405 1660 468 Evangelio
1683 410 1846 457 dixisse
1874 410 2035 458 Judaeis
2061 429 2070 455 :
2108 410 2307 456 videbitis
2338 409 2500 454 Filium
2535 409 2612 455 ko·-

41 492 148 536 dens
165 488 348 545 singulis
370 493 500 545 prout
521 488 612 532 vult
638 486 680 544 (1
703 485 800 531 Cor.
826 480 1013 543 xum).
1039 478 1147 529 Cum
1179 494 1282 540 ergo

38 563 131 608 haec
149 570 274 618 atque
297 561 381 604 alia
401 561 517 612 hunc
549 558 808 616 pertinentia
833 558 876 601 in
903 556 1284 612 contemplationis

40 636 162 692 apice
194 635 358 679 levatus
379 619 499 682 claro
522 632 680 676 mentis
709 629 867 674 intuitu
890 629 1129 686 perspicis,
1161 635 1284 684 pote·

41 707 117 757 ris,
144 717 243 748 cum
271 705 322 748 ad
343 717 424 748 nos
447 702 741 753 descenderis,
765 701 908 746 dicere
937 701 1100 745 vidisse
1119 706 1162 744 te
1197 713 1287 744 coe->

42 777 108 822 tos
130 784 318 833 apertos,
343 776 398 820 ad
425 767 596 819 laudem
620 765 665 819 et
687 775 865 830 gloriam
888 770 982 826 Dei,
1007 768 1081 829 qui
1105 771 1172 817 est
1191 773 1286 830 vbe-

41 846 239 913 nedictus
261 849 303 891 in
333 848 507 892 saecula
533 837 685 891 Amen.

493 929 676 998 senno
701 952 868 997 xxxn.

179 1054 281 1094 nnat
310 1057 352 1088 m
383 1056 454 1088 nm
485 1057 523 1089 s.
551 1053 758 1089 sternant
787 1047 1157 1086 vnoroninrnus,

0 1172 1 1199 i
43 1151 107 1196 De
124 1151 283 1195 duabus
307 1151 470 1194 naturis
494 1150 670 1203 christi,
690 1158 731 1194 et
760 1148 822 1198 de,
846 1147 1137 1210 spiritualibus
1159 1151 1291 1193 coens.

49 1253 248 1299 Srsorsts
273 1261 496 1299 sunnonis.
518 1278 574 1287 ——
598 1254 637 1297 i.
661 1254 793 1298 Coelis
815 1253 976 1307 apertis
992 1250 1202 1294 videndus
1221 1246 1294 1314 Fi-

104 1311 185 1354 lius
204 1311 407 1354 bominis.
425 1334 481 1342 --
501 1309 545 1353 2.
569 1309 680 1362 Quid
705 1311 763 1353 sit
797 1309 943 1352 videre
965 1307 1122 1351 Filium
1151 1306 1290 1350 honn-

102 1367 175 1412 nis
195 1372 382 1410 stantem
415 1378 438 1408 a
474 1365 638 1409 dextris
674 1365 847 1411 virtutis
881 1362 954 1407 Dei
985 1364 1103 1406 :imo
1138 1362 1292 1407 seden-

103 1430 205 1473 tem,
231 1430 271 1464 et
294 1421 603 1467 ambulantem.
629 1446 683 1456 ·—-
708 1419 749 1472 5,
777 1419 822 1464 ln
852 1419 1144 1463 ambulatione
1167 1418 1294 1460 Chri-

105 1477 175 1528 sti,
199 1477 421 1533 operati03
456 1477 499 1519 in
527 1477 723 1521 sessione
744 1477 899 1519 modus
933 1475 1198 1531 operationis
1228 1479 1293 1516 at·

105 1533 308 1577 tenditur.
323 1532 548 1576 —dslioc
573 1545 705 1576 unum
724 1532 919 1577 mirabile
935 1533 978 1574 in
1001 1533 1087 1574 vita
1110 1530 1291 1581 Christi,

106 1589 276 1634 infirma
293 1594 439 1632 nostra
462 1590 721 1645 suscepisse.
742 1613 797 1620 —
815 1588 856 1632 5.
879 1587 1083 1630 Ambulat
1102 1584 1230 1630 Jesus
1250 1588 1295 1629 in

105 1645 385 1692 mortalitate,
412 1644 532 1688 sedet
554 1644 599 1687 in
623 1643 950 1700 glorificatione,
978 1648 1063 1686 stat
1085 1643 1128 1685 in
1169 1647 1296 1685 aeter-

104 1700 256 1744 nitate.
281 1723 338 1732 --
359 1699 402 1743 6.
437 1699 501 1743 Ex
553 1700 746 1756 subjecta
792 1697 1154 1754 contemplatione
1197 1698 1295 1753 quis

46 1763 49 1766 ’
106 1754 276 1801 fructus
312 1755 593 1800 hauriendus.
614 1772 674 1789 ⁷--
694 1756 735 1799 Ἰ.
753 1753 800 1798 ln
825 1765 977 1798 novem
996 1754 1143 1798 choris
1166 1765 1298 1810 ange-

44 1854 46 1857 .
107 1813 247 1865 lorum
269 1812 373 1868 quid
400 1813 663 1867 praecipuum
687 1810 970 1868 spectandum
997 1814 1216 1854 occurrat.
1241 1833 1298 1841 —-

107 1866 150 1912 8.
167 1867 338 1912 Felices
358 1868 438 1922 .qni
461 1863 616 1911 Filium
644 1866 832 1911 bominis
869 1866 1176 1914 ambulantem,
1202 1865 1298 1908 seli-

107 1924 248 1968 ciores
272 1924 345 1979 qui
369 1923 604 1972 sedentem,
629 1923 866 1967 felicissimi
889 1921 963 1978 qui
986 1929 1170 1966 stantem
1193 1932 1299 1964 con-

106 1980 192 2023 tem
225 1980 383 2023 tantur,
407 1999 465 2011 -·-
483 1980 530 2022 9.
569 1977 826 2023 Deficientes
855 1980 899 2021 in
934 1978 1299 2032 contemplatione

111 2033 197 2080 Ver
214 2036 260 2085 )i,
280 2034 463 2091 pausent
502 2035 546 2078 in
576 2043 648 2087 ea,
672 2047 767 2091 quae
799 2041 867 2080 est
882 2032 980 2078 Filii
1017 2034 1220 2077 bominis.
1243 2057 1301 2065 --

47 2136 49 2139 ,
110 2091 179 2135 ¹0.
200 2091 320 2135 Filiae
337 2089 443 2134 Sion
472 2096 573 2135 sunt
599 2091 753 2134 animae
777 2091 918 2135 adbuc
941 2088 1122 2132 iniirmae
1152 2090 1302 2132 buma-

109 2146 257 2190 'nitatis
295 2146 456 2190 Christi
501 2159 526 2189 o
559 2146 705 2191 eribus
752 2145 1050 2202 inspectandis
1098 2145 1297 2188 detentae.

114 2226 167 2267 ’.'‘
192 2203 258 2246 il.
299 2201 527 2259 Anacepba
546 2203 674 2247 aeosis
708 2214 785 2259 per
813 2201 1123 2246 cohaerentiam
1160 2207 1300 2244 mate-

115 2271 214 2302 riae.·

1364 483 1487 526 minis
1511 481 1715 526 sedentem
1741 478 1780 526 α’
1798 479 1957 527 dextris
1987 479 2154 528 virtutis
2189 483 2266 526 Dei
2289 481 2460 541 (Haut.
2485 493 2609 533 xxvt,

1365 554 1453 612 64).
1474 548 1645 598 Marcus
1685 566 1856 610 quoque
1874 550 2168 611 evangelista:
2195 553 2414 610 Dominus,
2452 554 2610 611 inquit,

1365 625 1508 680 lesus,
1525 633 1741 683 postquam
1769 626 1930 670 [ocinus
1950 635 2010 670 est
2033 631 2108 677 eis,
2127 636 2364 684 assumptus
2382 635 2442 673 est
2469 629 2513 671 in
2533 641 2614 672 σω·-

1366 700 1471 752 lum,
1515 707 1555 744 et
1572 697 1683 745 sedet
1702 715 1728 744 a
1747 702 1904 744 dextras
1931 701 2007 744 Dei
2028 701 2180 758 (filare.
2204 714 2292 753 xw,
2317 697 2403 758 119).
2436 699 2616 747 Habetis

1367 773 1513 830 itaque
1530 786 1617 818 non
1642 772 1771 817 modo
1794 787 1910 826 eum,
1928 780 1974 817 ut
1997 774 2109 831 apud
2126 770 2390 830 Stephanum
2410 780 2612 829 stantem,

1369 845 1445 891 sed
1467 851 1510 889 et
1532 847 1647 902 apud
1677 847 1983 903 evangelistam
2022 846 2242 890 sedentem
2276 859 2299 889 a
2331 846 2497 892 dextris
2526 846 2617 891 vir-

1369 918 1474 961 tutis
1500 915 1588 960 Dei.
1610 916 1739 962 Stetit
1754 911 1927 973 quidem
1952 924 1994 961 et
2014 917 2243 974 aliquando
2270 911 2383 974 apud
2405 926 2504 971 nos,
2526 919 2618 965 sic-

1371 995 1419 1032 ut
1459 989 1600 1047 legitis
1643 998 1655 1033 2
1705 990 1789 1041 Qui
1833 998 1946 1032 stans
1980 981 2109 1044 jussit
2147 1004 2239 1034 eum
2285 981 2437 1032 adduci
2476 984 2532 1034 ad
2575 998 2619 1034 se

1373 1052 1445 1117 (Μ
1448 1075 1532 1105 arc.
1558 1075 1602 1112 x,
1635 1056 1746 1115 ter,
1777 1060 2057 1119 praefigurans
2079 1062 2197 1106 illum
2223 1075 2374 1116 suum,
2395 1068 2522 1119 quem
2545 1063 2621 1106 ha·

1371 1131 1443 1176 bet
1467 1145 1491 1174 a
1527 1132 1691 1176 dextris
1724 1133 1900 1179 virtutis
1924 1128 2015 1184 Dei,
2037 1138 2213 1184 statum,
2248 1134 2363 1178 unde
2386 1134 2536 1178 habuit
2572 1135 2622 1179 ut

1373 1217 1535 1264 caecum
1589 1205 1832 1249 illuminare
1872 1212 2034 1262 posset.
2083 1196 2202 1250 Sedit
2254 1207 2535 1252 nibilominus
2575 1213 2621 1251 et

1321 1271 1350 1314 Β
1375 1277 1488 1335 apud
1515 1290 1611 1330 nos,
1645 1280 1694 1322 ut
1717 1277 1820 1324 dicit
1842 1274 2054 1332 loannem
2088 1279 2201 1335 quod
2236 1278 2440 1335 fatigatus
2462 1291 2515 1323 ex
2548 1279 2622 1322 iti-

1371 1362 1476 1394 nere
1496 1350 1672 1395 sedebat
1701 1350 1766 1395 sic
1805 1362 1936 1407 supra
1976 1350 2136 1395 fontem
2175 1352 2220 1397 et
2251 1351 2478 1408 adjunxit:
2503 1352 2622 1396 Hora

1371 1430 1462 1466 erat
1488 1424 1610 1479 quasi
1638 1430 1758 1468 sexta
1777 1422 1920 1475 (Joau.
1947 1430 2007 1480 ιγ,
2029 1423 2091 1479 6).
2114 1422 2237 1477 Quod
2267 1424 2370 1482 quid
2387 1425 2503 1469 aliud
2526 1433 2624 1470 esse

1373 1482 1592 1551 putamus,
1617 1495 1703 1539 nisi
1719 1495 1834 1551 quod
1859 1496 2062 1540 laborans
2087 1496 2157 1541 ille
2178 1494 2491 1553 primogenitus
2508 1508 2626 1559 mor·

1373 1576 1549 1612 tuorum
1594 1580 1644 1612 ex
1684 1568 1974 1612 mutabilitate
2013 1570 2180 1612 naturae
2229 1575 2463 1630 assumptae
2502 1574 2624 1613 sexta

1373 1641 1522 1684 mundi
1545 1642 1669 1684 aetate
1701 1640 1946 1683 humiliavit
1973 1652 2020 1684 se
2045 1638 2183 1697 usque
2205 1639 2260 1683 ad
2282 1640 2624 1698 profunditatem

1374 1713 1631 1757 humilitatis
1651 1717 1838 1766 nostrae;
1861 1714 1931 1757 cui
1953 1708 2128 1769 quidem
2150 1712 2215 1759 sie
2239 1712 2294 1756 ad
2322 1719 2493 1770 tempus
2514 1714 2625 1775 ‘sub-

1372 1786 1543 1841 jacebat
1566 1786 1805 1839 voluntate‚
1827 1788 1874 1830 ut
1896 1786 1936 1830 ei
1958 1793 2129 1843 semper
2153 1785 2366 1831 emineret
2394 1792 2623 1843 potestate.

1375 1857 1598 1911 Quatenus
1616 1859 1654 1904 ei
1686 1860 1769 1903 hoc
1793 1860 1850 1902 sit
1886 1858 2066 1916 fatigato
2089 1873 2144 1905 ex
2175 1858 2331 1904 itinere
2365 1860 2472 1904 hora
2504 1866 2625 1906 sexta

1376 1931 1548 1994 sedere·;
1588 1944 1676 1976 non
1709 1932 1884 1989 quidem
1917 1932 1963 1975 in
1998 1931 2131 1983 sonte,
2170 1932 2245 1977 sed
2282 1945 2412 1990 supra
2447 1932 2623 1980 sontem.

1379 2001 1464 2046 Sed
1487 2007 1530 2046 et
1556 2003 1847 2048 ambulantem
1877 2004 2051 2049 invenio
2084 2005 2237 2049 erebro
2260 2018 2357 2050 eum
2387 2006 2428 2049 in
2452 2008 2627 2064 regione

1378 2083 1544 2121 nostra.
1582 2071 1694 2120 Toto
1726 2089 1913 2134 namque
1951 2078 2024 2122 illo
2049 2083 2243 2134 tempore
2279 2078 2503 2124 ambulare
2538 2093 2627 2125 non

1378 2149 1567 2193 cessavit
1590 2148 1703 2206 apud
1725 2162 1822 2202 nos,
1849 2162 1936 2206 quo
1967 2149 2245 2193 Pertransivit
2284 2151 2570 2207 benefaciendo
2587 2161 2628 2197 et

1379 2209 1568 2266 sanando
1587 2236 1724 2266 oannes
1742 2234 1956 2278 oppressos
1979 2236 2006 2266 α
2027 2222 2193 2266 diabolo
2212 2222 2322 2281 (Act.
2350 2238 2393 2277 x,
2415 2224 2503 2280 58).

1440 2290 1509 2338 m.
1535 2292 1587 2336 Et
1612 2294 1725 2338 hane
1747 2289 1920 2351 quidem
1957 2291 2073 2338 Petri
2098 2295 2353 2338 sententiam
2383 2304 2628 2340 consortem

110 2359 141 2406 t.
169 2352 343 2406 Habetis
362 2361 451 2417 jam
479 2369 521 2406 et
552 2361 695 2425 quilii
725 2361 822 2406 coeli
844 2371 972 2412 sunt,
1011 2367 1053 2404 et
1083 2360 1300 2417 quomodo
1321 2343 1357 2388 C
1384 2366 1479 2421 eius
1505 2364 1687 2409 Paulum
1725 2365 1914 2409 arbitror
1937 2361 2164 2422 exponere,
2189 2367 2262 2422 qui
2286 2365 2329 2408 in
2355 2368 2543 2410 secunda
2575 2366 2629 2410 ad

56 2436 230 2494 pulsare
251 2432 461 2486 debeatis,
490 2437 537 2478 nt
561 2435 683 2479 vobis
703 2436 967 2492 aperiantur.
1005 2433 1090 2478 Sed
1118 2433 1263 2479 dicitis
1289 2448 1301 2477 t

58 2503 161 2560 Quae
184 2506 348 2550 utilitas
379 2507 422 2548 in
458 2506 681 2562 apertione
709 2506 865 2550 borum
894 2505 1132 2550 coelorum?
1171 2505 1306 2548 multa

61 2580 232 2637 quoqne
247 2583 290 2621 et
308 2590 462 2634 magna
499 2583 574 2633 per
603 2590 773 2622 ornnem
814 2578 1002 2622 modum.
1036 2577 1144 2621 Nam
1183 2578 1305 2622 coelis

59 2650 217 2706 'apertis
234 2650 336 2706 quid
358 2650 512 2693 beatus
549 2648 794 2706 Stephanus
811 2650 944 2694 vidit?
975 2651 1083 2694 dixit
1125 2651 1302 2707 quidem

61 2733 106 2766 se
131 2721 274 2765 videre
292 2723 426 2777 coelos
445 2727 633 2778 apertos,
662 2722 736 2766 sed
772 2723 873 2779 quid
905 2723 1128 2779 adjunxit?
1150 2722 1205 2766 Et
1228 2720 1305 2766 Fa·-

60 2794 162 2838 lt'um
202 2793 380 2839 hominis
405 2802 584 2838 stantem
623 2792 840 2839 a‘dextris
881 2796 1047 2840 virtutis
1077 2796 1154 2840 Dei
1191 2796 1302 2853 (Act.

61 2859 248 2925 vin-55).
267 2855 321 2911 Et
342 2870 477 2919 certe,
500 2866 673 2919 tratres,
702 2868 802 2912 felix
841 2870 916 2925 qui
953 2872 1095 2927 potest
1132 2869 1306 2914 assidue

63 2952 219 2997 eoquo
239 2940 362 2985 vobis
379 2931 587 2991 diximus,
609 2939 738 2984 modo
774 2941 918 2986 videre
938 2943 1075 2987 coelos
1099 2946 1272 2999 apertos
1291 2976 1302 2987 .

58 3014 196 3058 multo
219 3011 362 3059 autem
383 3009 564 3064 felicior,
601 3013 677 3069 qui
700 3012 855 3056 Filium
894 3008 1081 3059 bominis
1119 3020 1308 3059 meretur

66 3086 205 3131 videre
226 3091 413 3130 stantem
435 3098 460 3128 a
479 3086 643 3130 dextris
660 3086 834 3130 virtutis
856 3085 948 3131 Dei.
980 3085 1073 3131 Non
1094 3081 1162 3131 me
1182 3086 1307 3131 video

65 3161 169 3205 ‘satis
206 3160 406 3205 idoneum
448 3159 503 3203 ad
541 3159 819 3216 aperiendum
858 3166 1174 3206 sacramentum
1207 3161 1304 3213 hoc,

34 3264 35 3267 =
69 3245 147 3278 nec
160 3234 283 3290 plene
301 3232 633 3289 comprehendo,
650 3233 753 3289 qnid
770 3233 826 3277 sit
842 3233 989 3279 videre
1000 3233 1155 3278 filium
1170 3234 1310 3279 homi„

69 3306 134 3350 nis
158 3311 339 3350 stantem
359 3317 382 3347 a
406 3305 570 3349 dextris
601 3305 770 3349 virtut-is
791 3305 882 3355 Dei,
915 3306 1015 3362 quia
1047 3307 1308 3364 caliginosos

70 3445 140 3506 'ius
156 3447 252 3513 Filii
270 3449 458 3496 hominis
477 3455 639 3496 statum
659 3453 746 3496 tam'
765 3452 1011 3504 sublimem,
1038 3458 1212 3509 tamque
1244 3453 1255 3495 i
1263 3468 1310 3497 n-

73 3515 295 3568 flexibilem
313 3525 469 3568 intueri
486 3536 573 3568 non
590 3533 782 3580 possum.
813 3524 895 3578 Qui
913 3530 1055 3569 autem
1078 3526 1159 3570 bos
1178 3527 1311 3571 coelos

74 3590 317 3649 frequenter
340 3593 524 3650 ingredi,
549 3593 592 3639 et
609 3594 680 3652 pia
703 3595 845 3640 solent
868 3597 1119 3641 curiositate
1143 3609 1312 3653 peram·

76 3664 233 3718 bulare,
256 3673 383 3723 atque
401 3666 530 3722 hujus
549 3666 647 3711 Filii
670 3668 857 3714 hominis
881 3674 1058 3722 statum,
1090 3669 1201 3714 duce
1224 3670 1313 3726 spi-

75 3738 390 3798 rituvveritatis,
425 3740 584 3784 audent
603 3740 830 3797 explorare
855 3753 994 3786 :·ecce·
1025 3743 1069 3786 hi
1100 3743 1244 3788 sciunt
1271 3752 1313 3788 et

77 3811 269 3864 possiunt,
305 3811 342 3854 si
364 3812 515 3855 volunt
543 3811 688 3856 dicere
702 3814 850 3864 vobis,
883 3814 987 3870 quid
1008 3815 1063 3858 sit
1081 3814 1226 3860 videre
1248 3816 1316 3860 Fi-

0 3902 1 3905 =
79 3881 178 3927 lium
210 3883 398 3928 hominis
417 3889 604 3928 stantem
623 3895 644 3927 a
663 3884 827 3928 dextris
845 3886 1021 3931 virtutis
1038 3884 1129 3932 Dei.

131 3953 182 3999 11.
203 3954 249 3999 Si
278 3968 383 4000 vero
415 3957 551 4001 tutius
584 3957 854 4002 arbitrantur
893 3968 1066 4004 servare
1102 3959 1314 4004 secretum

0 4038 2 4050 >
81 4034 203 4069 suum
236 4026 342 4078 silvi,
367 4026 509 4070 dicam
553 4039 633 4083 ego
665 4028 796 4084 igitur
818 4029 921 4084 qnid
961 4030 1065 4073 mibi
1096 4031 1236 4074 visum
1259 4032 1317 4076 sit

80 4097 222 4144 ridere
241 4097 397 4143 Filium
430 4100 618 4144 hominis
655 4106 838 4145 stantem
877 4113 900 4143 a
935 4102 1099 4146 dextris
1141 4104 1316 4147 virtutis

81 4165 179 4221 θεὶς
200 4170 246 4213 in
260 4171 381 4214 nullo
397 4172 460 4214 eis
487 4171 793 4227 praejudicans,
824 4172 969 4227 quide
987 4173 1068 4216 hoc
1107 4174 1253 4218 verius
1274 4181 1317 4218 et

85 4239 336 4294 profundius
373 4243 516 4287 dicere
556 4255 786 4288 noverunt.
821 4242 998 4290 Invenio
1018 4244 1134 4290 hunc
1162 4246 1317 4290 Filium

87 4309 268 4359 bominis
298 4321 415 4371 (nam
450 4315 549 4371 quis
587 4316 642 4361 sit
664 4317 811 4363 dicere
832 4328 1007 4363 neeesse
1027 4325 1214 4372 nonest,
1252 4325 1318 4364 est

85 4392 265 4442 namque
289 4385 499 4432 Dominus
530 4398 674 4434 noster
693 4389 816 4435 Jesus
847 4388 1048 4438 Christus
1107 4392 1202 4437 sine
1223 4396 1317 4435 ma-

1384 2438 1632 2483 Corinthios
1656 2438 1838 2495 epistola
1864 2436 1989 2494 129
2006 2427 2135 2482 dicit:
2153 2438 2261 2482 Deus
2279 2447 2367 2482 erat
2385 2441 2427 2482 in.
2446 2440 2627 2492 Christo,

1385 2511 1584 2554 mundum
1609 2512 1880 2555 reconcilians
1904 2510 1984 2555 sibi
2007 2510 2074 2568 (11
2101 2508 2198 2556 Cor.
2223 2526 2263 2565 v,
2290 2513 2376 2571 19).
2402 2513 2510 2557 vide
2528 2526 2631 2571 ergo

1384 2581 1430 2624 in
1462 2575 1640 2636 Virgine
1671 2580 1724 2623 de
1754 2578 1919 2635 Spiritu
1957 2585 2108 2623 sancto
2139 2586 2411 2635 conceptum,
2442 2579 2495 2623 de
2526 2591 2632 2624 con·

1382 2660 1536 2710 ceptu,
1559 2653 1633 2709 qui
1657 2658 1750 2696 erat
1774 2652 1868 2696 sine
1892 2652 2168 2710 corruptione
2193 2653 2246 2696 ad
2270 2653 2532 2697 nativitatem
2558 2667 2631 2697 ve·

1384 2728 1574 2770 nientem
1595 2758 1605 2776 ,
1630 2739 1725 2782 quae
1743 2725 1823 2768 fuit
1848 2725 1940 2769 sine
1956 2726 2150 2778 laesione;
2176 2725 2228 2769 de
2254 2731 2375 2770 utero
2399 2726 2452 2768 ad
2475 2740 2632 2782 praese-

1383 2800 1519 2857 pium,
1544 2797 1596 2842 de
1618 2798 1842 2841 nativitate
1868 2797 1920 2840 ad
1943 2797 2334 2850 circumcisionem,
2365 2799 2418 2843 de
2446 2799 2633 2843 circum-

1386 2870 1549 2915 cisione
1576 2871 1629 2913 ad
1657 2869 1934 2920 oblationem,
1961 2869 2014 2912 de
2036 2869 2253 2914 oblatione
2277 2869 2329 2913 ad
2351 2872 2630 2926 baptismum,

1387 2943 1437 2986 de
1461 2944 1675 2999 baptismo
1694 2942 1747 2985 ad
1762 2943 1990 2997 jejunium,
2014 2942 2066 2987 de
2083 2943 2248 2999 jejunio
2269 2944 2322 2987 ad
2342 2946 2552 2997 esuriem,
2579 2946 2632 2989 de

1386 3017 1528 3060 esurie
1546 3016 1598 3058 ad
1620 3016 1918 3066 tentationem,
1947 3016 1998 3060 de
2020 3016 2259 3060 tentatione
2283 3017 2336 3060 ad
2359 3015 2631 3074 praedicatio-

1387 3102 1500 3140 nem,
1536 3089 1587 3133 de
1616 3089 1922 3145 praedicatione
1943 3090 1996 3133 ad
2020 3091 2326 3134 miraculorum
2349 3090 2633 3147 perpetratio-

1387 3173 1501 3211 nem,
1525 3160 1578 3203 de
1603 3161 1909 3204 miraculorum
1938 3162 2257 3218 perpetratione
2286 3162 2340 3206 ad
2372 3153 2629 3219 passionem,

1388 3235 1439 3277 de
1466 3236 1666 3289 passione
1688 3235 1739 3278 ad
1763 3241 1944 3278 mortem
1981 3236 2138 3286 crucis,
2174 3235 2226 3280 de
2252 3242 2390 3280 morte
2420 3236 2561 3280 crucis
2579 3237 2629 3279 ad

1390 3306 1650 3361 sepulcrum,
1673 3305 1726 3348 de
1745 3303 1943 3360 sepuicro
1975 3306 2028 3348 ad
2068 3309 2444 3358 resurrectionem,
2476 3308 2528 3351 de
2565 3309 2633 3349 re·-

71 3377 230 3421 babens
260 3377 424 3427 oculos,
443 3382 486 3419 et
510 3374 564 3418 ad
585 3376 671 3419 ima
689 3386 859 3432 semper
874 3389 982 3433 pene
1004 3377 1209 3430 deflexos,
1236 3380 1309 3421 hu-
1334 3406 1368 3449 Π
1392 3378 1659 3422 surrectione
1679 3377 1733 3420 ad
1756 3378 2075 3432 ascensionem;
2102 3378 2146 3422 in
2174 3380 2373 3424 omnibus
2395 3379 2463 3423 bis
2488 3380 2632 3424 consi-

1391 3451 1494 3495 dera
1528 3451 1843 3504 ambulantem;
1884 3452 1977 3506 eius
2005 3451 2214 3507 siquidem
2239 3451 2351 3508 apud
2376 3465 2456 3496 nos
2489 3451 2634 3495 ambu-

1390 3523 1497 3572 lare,
1521 3528 1587 3566 est
1611 3522 1655 3565 in
1678 3522 1966 3566 mutabilitate
1988 3529 2153 3568 naturae
2175 3531 2406 3579 assumptae
2438 3528 2631 3566 nostram

1391 3593 1560 3649 operari
1599 3595 1776 3638 salutem
1797 3611 1799 3615 ’
1817 3592 1862 3636 in
1889 3594 2029 3639 medio
2059 3601 2200 3640 terrae.
2227 3594 2272 3638 Si
2295 3595 2392 3652 quis
2416 3602 2557 3640 autem
2589 3602 2632 3639 et

1391 3666 1541 3711 sedere
1563 3679 1705 3719 suum,
1721 3666 1771 3711 'et
1787 3667 2017 3711 *ambulare
2034 3669 2086 3711 ad
2108 3681 2236 3711 unum
2251 3668 2353 3724 quid
2373 3670 2546 3714 tendere
2565 3655 2633 3713 di-

1393 3743 1483 3787 eat‚
1505 3750 1589 3781 non
1608 3738 1713 3782 mihi
1731 3739 1899 3783 videtur
1914 3752 1937 3782 a
1962 3741 2143 3784 veritate
2164 3737 2421 3796 dissentire;
2454 3755 2568 3792 nam,
2595 3742 2630 3785 si

1394 3811 1612 3855 ambulare
1632 3811 1724 3866 eius
1747 3819 1938 3856 nostram
1972 3811 2052 3855 fuit
2084 3812 2251 3869 operari
2291 3813 2488 3863 salutem,
2524 3825 2633 3869 quo-

1392 3883 1521 3927 modo
1542 3890 1744 3939 operatus
1759 3890 1841 3937 est,
1865 3884 1949 3928 nisi
1973 3884 2139 3942 agendo
2155 3891 2198 3930 et
2221 3886 2443 3929 docendo?
2462 3873 2629 3941 alioqui

1393 3968 1479 3999 non
1503 3955 1718 3999 diceretur
1738 3974 1747 3998 :
1773 3956 1976 4011 Propheta
1996 3954 2138 4012 potens
2171 3958 2214 4001 in
2247 3970 2365 4013 opere
2387 3964 2424 3999 et
2448 3970 2632 4000 sermone

1396 4026 1512 4085 (Luc.
1551 4036 1665 4077 xxxv,
1704 4028 1795 4084 19).
1826 4039 1905 4072 nec
1938 4028 2164 4073 affirmaret
2201 4023 2248 4074 se
2282 4036 2457 4091 sanet-us
2494 4026 2632 4074 Lucas

1395 4114 1635 4145 sermonem
1653 4102 1805 4145 fecisse
1826 4101 1881 4143 de*
1893 4102 2081 4145 munibus
2104 4100 2194 4158 quoe
2214 4104 2330 4158 coepit
2352 4101 2475 4146 Jcsus
2497 4103 2632 4157 facere

1395 4182 1432 4216 et
1475 4174 1620 4217 docere
1659 4172 1768 4229 (Act.
1807 4184 1839 4222 ι,
1874 4174 1932 4228 1).
1970 4174 2018 4218 ln
2050 4175 2338 4219 ambulatione
2370 4175 2515 4231 itaque
2537 4175 2632 4230 ejus

1396 4246 1686 4303 operationem
1706 4247 1934 4292 considera
1948 4243 2112 4291 'salutis'
2130 4252 2240 4302 tuae;
2261 4249 2304 4291 in
2322 4248 2515 4291 sessione
2530 4260 2637 4291 vero·

1396 4320 1569 4363 modum
1608 4320 1799 4375 eiusdem
1823 4322 2102 4377 operationis.
2128 4322 2179 4366 Et
2201 4322 2271 4366 liic
2294 4322 2466 4378 quidem
2499 4318 2635 4378 gemiss
2695 4322 2697 4325 ’

1398 4407 1481 4438 nus
1530 4406 1628 4436 nam
1651 4396 1856 4447 speciosus
1883 4395 2016 4439 forma
2037 4407 2123 4451 prae
2151 4396 2246 4439 'iliis
2269 4396 2477 4438 hominum
2494 4427 2505 4448 ,
2531 4400 2633 4452 pro-
