2924 4588
139 167 247 221 toea
257 161 261 170 ”’

786 159 1042 214 ιιιετοιιιΑ
1078 142 1472 214 scitotasrteA.
1503 191 1558 199 -
1588 165 1750 212 maim
1783 167 2013 215 Genesis

2582 174 2692 221 {070

134 258 394 316 operaretur,
418 266 467 302 ut
493 257 653 303 dictum
674 265 756 303 est.
780 251 964 312 Quidam
989 257 1165 304 codices
1191 271 1278 302 non
1303 259 1377 302 ha·
1397 261 1435 307 Α
1457 256 1570 314 cipe.
1601 257 1678 302 Vel
1701 259 1902 303 universa
1933 268 2034 305 sunt
2059 268 2208 315 terrae,
2236 263 2336 319 quia
2361 265 2489 308 etiam
2515 277 2614 322 quae
2637 270 2691 314 de

136 332 256 385 beut,
282 330 421 385 illum,
444 331 518 375 sed
540 330 664 384 illud,
685 339 728 374 et
749 338 852 375 tune
875 338 942 375 est
965 344 1136 380 sensus,
1170 340 1212 375 et
1235 339 1375 376 custo·

1457 330 1782 385 aquiscondita
1807 340 1910 376 sunt
1933 335 2097 390 aliquid
2123 335 2284 380 habent
2307 344 2432 382 terrae
2454 338 2496 382 in
2521 350 2567 383 se
2589 353 2602 384 e
2624 342 2694 386 vel

134 403 260 454 diret,
281 402 321 445 id
339 407 402 445 est
420 400 844 456 consideraret‘opus
869 413 996 446 suum
1019 402 1167 455 homo,
1190 408 1237 445 ut
1261 401 1376 458 quod
1454 402 1600 457 potius
1623 403 1764 458 pisces
1795 413 1895 459 post
1919 407 1974 449 ab
2000 406 2251 452 hominibus
2289 417 2389 453 sunt
2429 411 2613 467 cogniti,
2649 419 2694 459 et

112 505 114 508 ψ
135 474 294 518 faceret
318 473 518 527 interra,
540 485 614 529 per
639 474 966 530 agriculturam,
991 474 1241 517 observaret
1264 474 1307 516 in
1331 485 1380 518 se

134 559 211 603 per
231 546 524 602 disciplinam,
548 553 597 590 ut
618 546 738 591 sicut<
755 553 867 590 terra
893 547 994 599 sibi,
1014 547 1085 589 hie
1106 547 1197 602 ipse
1215 547 1379 590 obtem-

69 643 76 648 »
134 625 303 675 peraret
326 631 405 662 suo
429 619 640 662 Creatori.
669 617 953 675 praecepitque
973 621 1010 661 ei
1033 619 1192 673 dicens,
1217 627 1299 663 etc.
1322 617 1377 662 Ut

135 690 265 733 homo
287 689 417 733 sciret
440 702 486 732 se
512 701 607 733 esse
631 689 712 732 sub
735 689 934 742 Domino,
972 696 1231 745 praeecptum
1255 700 1378 731 acce-

134 768 195 823 pit
222 781 246 811 a
271 767 469 812 Domino.
503 766 653 811 Omnis
689 773 830 810 autem
866 767 1008 821 jussio
1032 773 1097 809 est
1124 767 1165 808 in
1189 760 1375 818 duobus,

134 840 177 883 in
215 840 501 896 praeccptione
540 846 583 883 et
623 830 942 895 prohibitione,
983 845 1025 881 et
1062 839 1157 882 ideo
1194 844 1377 893 utroque

134 923 240 957 usus
269 919 335 956 est
371 913 598 957 Dominus.
628 911 862 968 Praecepit,
889 924 942 954 cx
966 913 1078 954 omni
1103 911 1216 967 liquo
1244 923 1376 967 para-

134 987 217 1030 disi
239 986 418 1031 comede.
457 986 717 1031 Prohihuit:
761 987 811 1029 de
847 986 961 1043 liquo
999 987 1187 1031 scientioe
1219 986 1376 1030 boniet

135 1059 238 1103 niati
270 1073 319 1102 ne
352 1061 558 1104 comedas.
588 1059 641 1103 Et
662 1059 809 1103 datum
835 1066 903 1103 est·
922 1059 1014 1102 viro
1038 1060 1306 1112 mandatum,
1330 1067 1378 1103 ut

134 1147 211 1190 per
240 1134 381 1178 virum
420 1135 550 1178 etiam
577 1134 780 1179 transiret
805 1135 857 1178 a'd
885 1134 1108 1177 mulierem
1133 1147 1144 1177 2
1174 1134 1241 1177 vel
1265 1131 1376 1175 sorte

133 1213 197 1250 cst
212 1206 544 1262 praeoccupatio,
564 1206 682 1262 qnia,
704 1205 813 1249 saeta
833 1205 1032 1257 muliere,
1052 1205 1228 1260 utrique
1246 1203 1376 1248 simul

132 1277 278 1320 datum
299 1285 381 1322 est.
426 1277 743 1321 Subdit‘autem
769 1288 941 1334 poenam
959 1307 969 1327 ,
1000 1277 1036 1320 si
1064 1281 1373 1320 contemneret..

134 1350 390 1405 Quocunque
416 1349 484 1394 die
516 1350 742 1393 comederis
759 1383 770 1402 ,
797 1356 928 1392 morte
953 1349 1146 1392 morieris
1162 1382 1176 1402 ,
1209 1349 1376 1393 scilicet

133 1421 303 1475 animae,
327 1431 370 1466 et
392 1424 691 1467 necessitatem
727 1422 881 1466 mortis
907 1415 1102 1480 habebis.
1144 1417 1268 1466 Unde
1292 1421 1376 1466 alia

133 1495 358 1549 translatio
400 1496 528 1539 habet
563 1494 799 1551 planius*:
844 1493 1039 1536 Mortalis
1065 1493 1167 1538 eris.
1193 1493 1375 1550 Septua-

133 1568 249 1626 ginta
271 1569 496 1625 pluraliter
514 1575 697 1624 ponunt.
725 1567 981 1623 Quocunque
1007 1566 1075 1609 die
1094 1567 1374 1619 comederitis,

131 1647 265 1684 morte
288 1639 539 1683 moriemini.
581 1638 682 1682 Ideo
716 1637 909 1681 vcreditur
931 1649 955 1679 a
980 1636 1242 1692 quibusdam
1267 1637 1377 1679 utri-

133 1725 218 1769 que
240 1714 419 1766 dictum,
442 1719 486 1756 et
509 1712 580 1756 hic
601 1716 968 1768 praeoccupatum.
993 1708 1122 1752 Facta
1144 1715 1210 1752 est
1230 1715 1375 1752 autem

133 1785 224 1829 haec
243 1785 384 1840 jussio
405 1797 482 1840 per
509 1783 697 1839 aliquam
722 1789 964 1826 creaturam
991 1779 1247 1836 subiectam,
1265 1780 1378 1823 sicut

131 1857 176 1902 'ct
199 1858 325 1901 nobis
351 1857 428 1913 per
450 1858 683 1913 prophetas
706 1863 749 1912 et
771 1855 965 1910 angelos.

187 1930 389 1973 ‘Additio
404 1931 439 1973 1.
472 1930 531 1974 De
550 1929 732 1974 diversis
752 1927 1108 1973 translationibus
1125 1928 1256 1972 semel
1272 1928 1379 1972 dici-

133 2014 232 2048 mus
248 2017 258 2047 :
274 2003 383 2048 Ante
395 2003 734 2048 incarnationem
750 2002 933 2054 Domini,
949 2014 1062 2045 anno
1077 2003 1376 2046 trecentesimo

133 2076 466 2132 quadragesimo
491 2075 633 2131 primo
650 2107 662 2127 ‚
702 2075 967 2131 temporibus
990 2074 1207 2119 Ptolemaei
1228 2074 1347 2117 Phila
1363 2099 1376 2107 -

133 2147 277 2207 delphi
300 2149 413 2194 Lxx
437 2150 692 2205 interpretes
715 2148 966 2194 floruerunt..
1011 2149 1116 2194 Post
1151 2151 1376 2194 ascensio-

112 2233 232 2265 ¹nem
273 2220 471 2273 Domini,
516 2234 630 2265 anno
670 2220 906 2264 centesimo
945 2221 1152 2265 vicesimo
1189 2229 1362 2278 quarto,

132 2295 286 2351 Aquila
304 2294 478 2339 ‚Iudaeus
504 2295 642 2338 sactus
662 2294 952 2345 Christianus,
976 2295 1144 2348 primus
1165 2295 1377 2350 interpres

1456 475 1556 519 inde
1572 477 1805 520 nominati.
1832 477 1956 530 Quod
1975 485 2106 535 patet,
2132 482 2231 536 quia
2253 484 2570 538 aequivocantur
2599 487 2698 532 ani-

1458 546 1644 590 malibus
1668 554 1793 591 terrae
1812 579 1824 599 ,
1866 552 1968 604 quia
1985 574 1992 579 -
2011 551 2171 595 similes
2211 554 2276 596 his
2298 554 2550 609 deprehensi
2574 563 2692 602 sunt.

1460 617 1578 662 Fecit
1602 627 1745 662 autem
1769 627 1817 663 ut
1837 622 1983 665 omnia
2008 624 2137 666 simul
2160 636 2212 668 eo
2235 634 2341 670 nutu
2373 630 2582 683 venirent,
2606 644 2695 686 quo

1458 691 1603 758 omnia
1641 692 1834 736 creavit:
1871 695 1937 737 vel
1974 693 2083 739 sorte
2119 695 2277 741 suetum
2312 709 2378 744 est
2403 714 2478 757 per
2502 704 2692 759 angelos.

1457 761 1645 805 Adduxit
1670 771 1811 807 autem
1842 777 1920 819 pro
1948 766 2135 820 duobus,
2159 778 2206 812 ut
2229 770 2466 825 imponeret
2485 775 2614 819 homo
2631 778 2695 820 eis

1457 835 1654 890 nomina,
1679 836 1722 879 in
1747 850 1835 892 quo
1859 839 2021 883 scirent
2044 854 2141 884 cum
2168 843 2250 886 sibi
2275 857 2473 898 praeesse,
2504 856 2544 891 et
2566 850 2697 894 sciret

1456 903 1591 948 Adam
1617 907 1780 951 nullum
1798 920 1850 952 ex
1872 909 1935 953 eis
1957 911 2098 955 simile
2117 913 2215 956 sibi.
2236 913 2288 957 Et
2308 915 2513 970 imposuit
2535 919 2599 962 eis
2618 932 2698 961 no-

1462 977 1579 1020 mina
1603 979 1739 1022 Adam
1759 980 1903 1036 lingua
1929 980 2122 1036 Hebraea,
2145 997 2242 1040 quae
2259 987 2346 1030 sola
2368 987 2447 1031 fuit
2479 990 2532 1033 ab
2554 991 2693 1035 initio.

1460 1048 1584 1102 Quod
1614 1051 1713 1094 inde
1736 1054 2030 1108 perpenditur,
2063 1057 2162 1111 quia
2188 1059 2358 1102 nomina
2384 1073 2479 1115 quae
2496 1062 2696 1117 leguntur

1457 1137 1594 1180 usque
1637 1127 1688 1169 ad
1727 1127 1983 1172 divisionem
2014 1130 2258 1185 linguarum
2282 1131 2458 1176 Hebraea
2487 1128 2601 1178 sunt.
2643 1135 2698 1178 Et

1461 1208 1547 1240 non
1574 1199 1764 1242 invento·
1786 1199 1913 1243 simili
1949 1202 2044 1254 sibi,
2067 1203 2239 1245 immisit
2280 1204 2391 1248 Deus
2424 1219 2610 1261 soporem
2651 1209 2697 1250 in

1457 1271 1592 1315 Adam
1609 1305 1620 1323 ,
1647 1284 1732 1315 non
1757 1285 1956 1316 somnum
1973 1306 1984 1326 ‚
2008 1276 2079 1318 scd
2110 1277 2313 1320 exstasim
2339 1279 2380 1320 in
2405 1291 2487 1334 qua
2509 1282 2698 1324 creditur

1402 1322 1435 1364 B
1457 1356 1655 1399 supernae
1684 1344 1933 1389 interfuisse
1957 1347 2105 1390 curiae.
2139 1347 2262 1392 Unde
2295 1357 2336 1393 et
2359 1353 2567 1407 evigilans
2593 1367 2696 1409 pro-

1456 1419 1644 1473 phetavit
1668 1418 1720 1461 de
1750 1420 2061 1475 conjunctione
2086 1421 2245 1465 Christi
2271 1429 2313 1465 et
2339 1423 2557 1478 Ecclesiae,
2579 1435 2621 1470 et
2643 1429 2698 1472 do

1456 1491 1618 1534 diluvio
1646 1491 1809 1545 futuro,
1835 1488 1878 1535 et
1904 1493 1957 1535 de
1979 1493 2143 1549 judicio
2162 1508 2235 1549 per
2257 1496 2398 1550 ignem
2417 1497 2572 1542 ibidem
2597 1512 2697 1557 cog-

1457 1562 1593 1614 novit,
1617 1568 1657 1604 et
1682 1561 1829 1607 liberis
1865 1564 1955 1607 suis
1979 1573 2128 1620 postea
2154 1565 2375 1610 indicavit.

1457 1650 1559 1694 Car.
1585 1649 1715 1694 xvu.
1748 1650 1807 1695 De
1842 1665 1986 1696 sonmo
2016 1654 2136 1706 Adra,
2171 1663 2207 1697 et
2238 1656 2487 1710 formatione
2509 1659 2697 1704 naaliel-is

1921 1710 1971 1752 de
1992 1719 2108 1753 costa
2132 1711 2237 1764 ejus.

1514 1779 1700 1837 Cumque
1720 1780 2022 1835 obdormisset,
2054 1781 2151 1825 tulit
2176 1782 2380 1827 Dominus
2404 1800 2529 1830 zenam
2558 1789 2608 1833 de
2629 1804 2699 1834 co-

1458 1855 1534 1898 stis
1554 1856 1661 1910 ejus,
1695 1867 1870 1899 carnem
1895 1856 2061 1900 scilicet
2086 1864 2127 1899 et
2151 1867 2222 1909 os,
2248 1867 2290 1902 et
2314 1860 2542 1905 aedificavit
2564 1864 2699 1917 mini·

1458 1928 1591 1972 sterio
1615 1930 1866 1985 angelorum
1895 1930 2011 1973 illam
2038 1931 2085 1974 in
2109 1932 2349 1985 mulierem,
2377 1935 2429 1978 de
2454 1947 2582 1980 carne
2603 1951 2700 1982 car·

1457 2014 1573 2055 nem,
1604 2002 1656 2044 de
1695 2014 1795 2046 osse
1835 2014 1932 2047 ossa
1974 2003 2153 2057 faciens,
2196 2013 2236 2048 et
2276 2008 2425 2051 statuit
2465 2023 2558 2052 cam
2600 2018 2701 2055 ante

1456 2073 1611 2116 Adam.
1638 2073 1718 2126 Qui
1743 2075 1834 2118 ait:
1879 2075 1970 2119 Hoc
2010 2091 2118 2120 moze
2154 2092 2197 2120 os
2235 2092 2286 2121 ea:
2317 2080 2476 2123 ossibus
2502 2084 2629 2135 mers,
2659 2092 2698 2126 et

1458 2159 1555 2188 caro
1579 2146 1628 2189 de
1652 2160 1774 2190 carne
1798 2160 1916 2200 mea;
1942 2150 2024 2193 hoc
2049 2151 2318 2203 adverbium,
2362 2166 2485 2198 nunc.
2525 2154 2699 2201 Judaeos

1458 2220 1588 2262 traxit
1614 2220 1654 2262 in
1681 2232 1890 2275 errorem,
1916 2228 1966 2265 ιιι
1986 2222 2134 2267 dicant
2153 2225 2281 2268 aliam
2302 2227 2422 2280 prius
2447 2227 2622 2282 factam,
2646 2230 2700 2272 de

1458 2305 1544 2348 qua
1582 2293 1743 2336 dictum
1781 2299 1869 2347 cst,
1909 2295 2141 2339 masculum
2165 2304 2204 2340 et
2236 2298 2432 2350 seminam
2456 2302 2607 2343 creavit
2630 2314 2698 2345 eos

134 2380 188 2412 ex
213 2366 393 2410 Hebraeo
418 2368 460 2409 in
484 2366 700 2419 Graecum,
731 2366 875 2408 tlorait
911 2365 1102 2407 Adriano
1139 2372 1374 2421 regnante;
1401 2389 1432 2432 C
1462 2363 1582 2419 (Gen.
1607 2364 1671 2421 1)·,
1704 2371 1745 2408 et
1782 2379 1899 2411 nunc
1936 2368 2169 2411 secundam
2189 2392 2214 2421 ,Δ
2242 2370 2366 2424 quasi
2391 2370 2504 2414 dicat
2527 2370 2696 2415 Adam:

89 2453 91 2455 ’
132 2440 288 2484 deinde
308 2446 404 2496 post
425 2452 563 2484 annos
581 2440 891 2496 quinquaginta
916 2447 1121 2495 quatuor,
1137 2437 1378 2484 Commodo

134 2509 339 2571 regnante
359 2508 663 2566 Theodosium
699 2511 854 2557 deinde
890 2518 989 2567 post
1019 2525 1157 2555 annos
1183 2512 1375 2567 triginta,

135 2585 217 2630 sub
240 2586 400 2630 Severo
427 2584 741 2641 Symmachus3
781 2584 936 2627 deinde
970 2579 1069 2639 post
1097 2595 1239 2628 annos
1257 2589 1376 2637 octo,

134 2662 284 2716 quinta
319 2659 453 2704 editio
483 2659 767 2717 lerosolymis
807 2665 874 2702 est
915 2659 1106 2711 inventa,
1144 2670 1242 2715 quae
1275 2660 1376 2715 quia

121 2740 286 2778 ‚auctor
304 2733 399 2789 eius
416 2731 843 2790 ignoratur-,Vulgata
862 2731 1038 2775 dicitnr.
1053 2730 1250 2787 Origenis
1269 2743 1379 2787 quo-

117 2819 219 2864 -que
255 2807 390 2851 editio
423 2807 582 2851 dicitur
605 2804 825 2862 Vulgaris,
864 2804 966 2860 quia
1010 2816 1058 2847 ea
1099 2804 1223 2859 quasi
1249 2804 1379 2861 vulgo

132 2881 313 2925 utimur.
335 2878 499 2924 Deinde
517 2885 616 2936 post
635 2890 774 2923 annos
796 2878 954 2936 viginta
973 2884 1088 2930 octe,
1105 2877 1382 2922 subAlcxan·

134 2953 232 3006 dro,
271 2952 480 3010 origenes
520 2951 710 2996 correxit
747 2949 879 3004 LXX,
923 2963 1021 2995 cum
1064 2950 1299 3004 asterisco,
1336 2956 1380 2994 et

135 3026 259 3071 obelo
281 3041 292 3071 ι
317 3036 467 3083 postea
496 3027 589 3070 sine
611 3025 680 3069 his
702 3025 936 3068 transtulit.
974 3022 1025 3065 Hi
1051 3035 1203 3068 omnes
1224 3024 1277 3067 de
1294 3021 1380 3067 He-

136 3097 252 3141 hraeo
285 3098 327 3140 in
349 3097 544 3141 Graecum
569 3097 914 3141 transtulerunt:
949 3096 1126 3151 quidam
1152 3095 1204 3154 de
1229 3095 1379 3140 Graeco

136 3170 178 3212 in
216 3169 432 3214 Latinum.
470 3169 620 3214 Plures
661 3170 703 3212 in
740 3169 959 3224 primitiva
995 3166 1216 3221 Ecclesia,
1254 3167 1376 3212 scioli

127 3243 362 3298 *utriusque
381 3243 565 3299 linguae,
602 3242 654 3286 de
677 3241 825 3286 Graeco
847 3242 889 3284 in
913 3241 1116 3284 Lat'num
1142 3239 1376 3284 transfere-

135 3315 238 3358 hant
274 3328 535 3360 sermonem.
562 3315 850 3372 Hieronymus
878 3315 1032 3358 ultimo
1052 3314 1106 3358 de
1129 3312 1310 3357 Hebraeo
1333 3313 1377 3356 in

19 3406 27 3424 ›
87 3394 90 3397 ’
137 3387 355 3443 Latinum,
395 3390 522 3446 euius
547 3388 677 3433 editio
698 3399 815 3433 nune
836 3388 996 3444 ubique
1023 3392 1221 3431 servatur
1245 3398 1268 3429 a
1297 3398 1378 3429 ne«

1460 2435 1582 2479 Prior
1607 2438 1762 2481 mulier
1786 2438 1902 2482 facta
1938 2446 2003 2483 est
2039 2441 2092 2484 de
2124 2441 2228 2484 limo
2252 2447 2376 2486 terrae
2399 2455 2586 2497 meeum,
2623 2445 2694 2488 sed

1460 2506 1551 2551 haee
1575 2521 1693 2554 nunc
1725 2510 1777 2554 de
1800 2523 1930 2555 carne
1953 2524 2064 2555 mea.
2100 2511 2151 2555 Et
2180 2511 2395 2569 Iosephus
2421 2514 2523 2558 dicit
2543 2518 2699 2560 mulie·

1460 2592 1549 2622 rem
1589 2588 1710 2624 extra
1751 2580 1997 2636 formatam,
2042 2590 2084 2627 et
2123 2584 2165 2627 in
2204 2587 2451 2640 paradisum
2477 2600 2574 2631 cum
2603 2589 2697 2632 viro

1459 2653 1737 2705 translatam,
1781 2656 1845 2698 sic
1877 2655 2024 2700 dicens
2050 2669 2060 2699 τ
2090 2671 2106 2698 ι
2135 2655 2181 2700 In
2210 2659 2322 2702 hunc
2348 2660 2519 2703 hortum
2562 2663 2698 2706 intro*-

1459 2724 1583 2767 duxit
1610 2723 1724 2768 Deus
1747 2725 1905 2781 Adam,
1940 2734 1980 2771 et
2009 2741 2185 2773 uxorem
2213 2731 2323 2785 ejus,
2347 2733 2598 2788 praecipiens
2622 2746 2699 2779 eos

1458 2796 1738 2851 plantationis
1777 2799 1934 2843 habere
1969 2801 2324 2846 sollicitudinem.
2352 2819 2366 2844 ι
2387 2804 2504 2849 Etex
2528 2806 2698 2852 duabus

1459 2870 1673 2913 uxoribus
1706 2871 1806 2914 Adae
1831 2872 2189 2925 innumerabiles,
2232 2875 2321 2918 sire
2358 2877 2698 2923 interminabiles

1458 2943 1627 2997 tingunt
1651 2944 1946 2999 genealogias,
1970 2944 2044 2987 sed
2070 2958 2120 2988 cx
2147 2946 2241 3001 ipso
2264 2953 2381 2993 textu
2406 2949 2603 3000 convinci
2628 2951 2694 2992 vi-

1459 3015 1631 3067 dentur,
1673 3018 1714 3059 in
1755 3029 1841 3072 quo
1880 3029 2046 3074 semper
2078 3020 2355 3075 singulariter
2387 3032 2529 3065 sermo
2553 3029 2619 3065 est
2643 3023 2698 3067 de

1459 3087 1555 3140 ejus
1595 3100 1746 3131 uxore.
1789 3086 1898 3133 Nota
1937 3091 2072 3145 quod,
2113 3092 2165 3135 de
2204 3091 2464 3137 formatione
2501 3094 2696 3138 mulieris

1460 3160 1643 3215 agendo,
1668 3162 1719 3203 dc
1742 3174 1922 3217 corpore
1947 3170 2111 3205 tantum
2136 3164 2297 3208 dietum
2323 3173 2403 3210 est.
2445 3165 2567 3211 Unde
2595 3167 2694 3223 qui-

1459 3233 1559 3276 dam
1582 3235 1677 3277 ideo
1699 3236 1877 3278 tacitum
1907 3247 2002 3279 esse
2022 3236 2251 3280 voluerunt
2274 3237 2326 3281 de
2350 3239 2514 3288 antima,
2544 3247 2591 3283 ut
2614 3241 2666 3283 da
2681 3264 2694 3275 ·

1459 3311 1580 3348 retur
1603 3306 1799 3363 intelligi,
1831 3308 1893 3350 sic
1934 3307 2174 3350 traductam
2215 3309 2258 3350 in
2289 3310 2476 3353 animam
2501 3310 2694 3354 mulieris

1459 3378 1511 3421 de
1535 3379 1682 3421 anima
1703 3379 1803 3431 riri,
1831 3381 1944 3424 sicut
1980 3393 2151 3424 carnem
2178 3381 2230 3424 de
2252 3394 2395 3426 carne.
2428 3384 2693 3439 Augustinus

136 3462 219 3509 bis.
242 3463 522 3515 periarchon,
545 3463 842 3519 principatus:
884 3461 1146 3505 Periarchon
1178 3466 1245 3504 est
1267 3460 1376 3503 liber
1401 3457 1437 3504 D
1459 3452 1588 3494 ctiam
1634 3452 1831 3496 haesitare
1875 3453 2046 3496 videtur
2085 3453 2187 3508 quid
2230 3455 2499 3498 sentiendum
2546 3458 2601 3499 sit
2640 3457 2693 3500 de

123 3537 182 3581 vin
209 3550 293 3594 quo
329 3537 535 3593 Origenes
572 3537 677 3580 dicit
698 3535 929 3580 Christum
946 3534 1088 3578 adhuc
1109 3534 1150 3576 in
1175 3545 1276 3577 aere
1298 3544 1377 3587 pro

0 3630 2 3644 ·
55 3619 57 3623 ’
110 3636 114 3675 j
136 3614 404 3660 daemonibus
425 3613 530 3669 pati,
553 3615 667 3657 sicut
691 3613 734 3655 in
761 3620 874 3655 terra
902 3622 980 3667 pro
1004 3610 1254 3653 hominibus
1278 3619 1378 3662 pas-

139 3699 214 3731 sus
235 3695 326 3738 est,
353 3687 432 3731 hac
468 3686 757 3731 auctoritate:
791 3683 912 3728 Nihil
936 3684 1065 3727 odisti
1091 3694 1233 3725 eorum
1250 3712 1262 3732 ,
1285 3692 1377 3735 quae

138 3760 274 3814 >fecisti
299 3759 420 3816 (Sap.
442 3760 522 3816 ιιι).
875 3746 880 3749 ’
1012 3771 1015 3775 ’

140 3849 240 3896 Car.
275 3850 388 3893 ΧΠ.
438 3850 498 3892 De
541 3849 805 3904 impositione
845 3849 1056 3890 nominum
1096 3843 1376 3888 animam-iam

325 3906 633 3963 principaliter,
655 3913 693 3947 et
715 3903 902 3947 mulieris
926 3903 1194 3958 formatione.

197 3980 313 4025 Dixit
337 3992 495 4037 quoque
518 3972 630 4021 Deus
651 3991 664 4020 .·
702 3976 800 4020 Non
820 3983 880 4018 est
906 3977 1058 4018 bonum
1083 3975 1288 4017 hominem
1312 3985 1379 4023 so-

142 4051 228 4094 lum
253 4064 363 4103 esse,·
394 4051 600 4106 faciamus
626 4050 664 4092 ei
689 4048 950 4103 adjutorium
968 4077 979 4098 ,
1006 4046 1059 4089 ad
1085 4043 1380 4100 procreandos

112 4122 318 4177 Hiberos,
353 4123 470 4180 quud
496 4123 552 4166 sit
574 4121 710 4166 simile
735 4120 812 4164 illi.
853 4119 1021 4162 Similia
1045 4117 1159 4160 enim
1183 4116 1234 4158 de
1258 4115 1380 4158 simi·

37 4255 42 4263 ι
64 4180 65 4186 ¹
131 4195 258 4240 libus
284 4196 536 4240 naturaliter
554 4190 817 4238 nascuntur.
854 4191 938 4234 Sed
959 4203 1013 4234 nc
1035 4185 1254 4233 videretur
1277 4186 1380 4229 Adae

145 4268 361 4324 superflua
404 4268 600 4311 mulieris
638 4265 866 4315 formatio,
909 4263 1077 4318 putanti
1103 4261 1184 4304 sihi
1217 4260 1258 4301 in
1286 4258 1381 4301 ani·

126 4330 368 4385 'mantibus
388 4352 482 4383 esse
503 4338 660 4391 simile,
698 4336 792 4381 ideo
818 4334 994 4378 adduxit
1024 4332 1131 4374 Deus
1162 4331 1217 4374 ad
1241 4330 1379 4372 Adam

125 4407 286 4458 '‘onnzia
314 4421 435 4456 terroe
460 4411 694 4454 “minantia
722 4415 766 4452 et
792 4408 924 4451 aeris.
970 4404 1014 4446 ln
1040 4404 1198 4459 quibus
1222 4400 1379 4444 intelli-

155 4486 288 4539 genda
314 4490 428 4539 sunt,
453 4493 495 4528 et
520 4496 641 4540 aquae
663 4479 912 4526 animantia.
942 4475 976 4518 A
998 4483 1119 4532 parte
1146 4482 1279 4519 totum
1301 4484 1376 4516 ae-

1459 3525 1634 3577 anima,
1667 3536 1720 3567 an
1756 3537 1807 3567 cx
1849 3526 2027 3570 traduce
2064 3528 2119 3570 sit
2156 3539 2208 3569 an
2246 3539 2299 3570 ex
2338 3527 2489 3571 nihilo.
2530 3528 2611 3572 Sed
2650 3529 2691 3571 id

1426 3592 1598 3651 ‘ipsum
1643 3598 1756 3652 quod
1800 3599 1974 3640 tacitum
2016 3605 2080 3642 est
2120 3599 2170 3641 de
2206 3599 2347 3641 anima
2377 3601 2517 3655 potius
2542 3607 2691 3643 contra

1459 3680 1533 3711 eos
1556 3669 1637 3711 est.
1679 3668 1721 3710 Si
1747 3670 1859 3711 enim
1887 3664 2031 3712 anima
2068 3663 2260 3713 mulieris
2294 3670 2375 3714 suit
2412 3684 2461 3714 ex
2499 3672 2688 3724 traduce,

1457 3741 1582 3783 aliter
1606 3741 1717 3784 saeta
1741 3751 1806 3784 est
1830 3753 1959 3796 quam
1997 3741 2138 3784 anima
2163 3742 2272 3796 viri,
2312 3755 2406 3798 quae
2442 3744 2494 3787 de
2535 3743 2687 3787 nihilo.

1457 3814 1509 3857 Et
1533 3815 1567 3857 si
1593 3815 1716 3857 aliter
1740 3815 1866 3858 tiebat
1898 3816 2029 3857 taceri
2067 3827 2152 3857 non
2185 3816 2356 3867 debuit,
2397 3827 2449 3858 ne
2484 3816 2544 3858 sic
2578 3814 2688 3859 sacta

1459 3887 1698 3943 putaretur,
1719 3893 1764 3929 ut
1787 3886 1874 3942 Jam
1895 3887 2168 3930 aulieramus
2193 3888 2245 3930 dc
2270 3887 2410 3929 anima
2432 3888 2530 3939 viri,
2549 3888 2691 3944 itaque

1458 3960 1638 4003 tacendo
1668 3960 1837 4010 innuit,
1871 3971 1954 4001 non
1987 3959 2109 4002 aliter
2131 3959 2366 4014 putandum
2397 3959 2551 4004 tactam
2578 3973 2688 4013 esse,

1459 4044 1588 4086 quam
1615 4032 1903 4075 didiceramus
1926 4032 2058 4085 prins.

1646 4098 1752 4147 Car.
1774 4102 1920 4147 xvln.
1954 4103 2015 4146 De
2037 4104 2271 4146 nominibus
2301 4106 2501 4149 rnulicris.

1514 4177 1567 4219 Et
1603 4177 1807 4231 imposuit
1844 4176 1979 4218 Adam
2018 4177 2142 4217 uxori
2183 4187 2271 4219 suae
2304 4190 2456 4219 nomen
2485 4184 2695 4232 tauquam-

1459 4250 1660 4293 dominus
1683 4242 1803 4303 ejus,
1829 4254 1870 4291 et
1893 4248 1953 4291 ait
1975 4263 1986 4291 ε
2025 4246 2126 4289 Hoec
2151 4247 2365 4289 vocabitur
2391 4249 2528 4304 viv-ayo
2565 4250 2683 4304 (Gen.

1459 4328 1537 4380 ιι),
1575 4326 1616 4368 id
1650 4331 1715 4368 est
1749 4338 1774 4366 a
1808 4325 1894 4366 viro
1922 4331 2047 4376 actu,
2082 4330 2124 4367 et
2149 4330 2212 4366 est
2237 4334 2453 4376 sumptum
2479 4337 2631 4366 nomen
2661 4338 2682 4366 a

1457 4400 1539 4442 viri
1562 4398 1750 4450 nomine,
1773 4403 1820 4440 ut
1845 4395 2021 4440 materia
2050 4397 2101 4440 de
2126 4397 2301 4438 materia
2328 4404 2495 4450 sumpta
2530 4396 2684 4440 suerat.

1461 4470 1599 4512 Etiam
1642 4469 1935 4512 denominatio
1973 4469 2015 4510 in
2059 4467 2235 4511 llebneo
2274 4475 2353 4512 est.
2396 4467 2434 4511 Is
2471 4469 2582 4513 enim
2619 4460 2691 4526 vir
