2924 4588
95 132 215 180 effla

746 133 1007 179 HISTORIA
1042 135 1437 186 SCnOLAS'rmA.
1469 165 1523 173 -
1555 140 1710 186 LIBER
1742 143 2004 189 DANlELlS.

2533 157 2638 199 wst

103 221 183 272 vit.
199 220 421 266 civitatem
442 231 665 276 reparans,
685 220 744 264 ita
768 227 1102 278 utnequaquam
1134 226 1335 270 obsideo·
1359 232 1396 276 Α
1416 226 1579 271 clinans
1607 231 1688 274 sub
1733 231 1870 288 Sarug
1906 245 2066 289 proavo
2107 236 2287 283 Abrahae
2330 249 2371 287 et
2419 243 2635 288 det-‚cendia

103 301 172 340 tes
195 294 386 339 valerent
409 293 582 336 fluvium
608 298 816 345 avertere,
837 299 878 338 et
909 297 1099 350 paternis
1124 298 1337 353 regalibus

101 365 267 422 maJora
290 363 586 421 superaddidit
601 395 613 415 ,
638 369 682 407 et
706 363 751 408 in
782 365 935 410 diebus
963 367 1206 422 quindecim
1231 380 1336 412 con-

51 487 54 489 ,
87 437 349 489 summavit,
369 436 491 491 juxta
509 447 604 491 quae
622 435 788 492 lapides
816 437 961 491 posuit
989 439 1174 494 grandes
1198 440 1336 485 instar

101 509 278 559 montis,
306 514 348 552 et
366 509 707 564 superplantavit
739 510 934 561 arbores,
980 516 1023 554 ct
1052 512 1240 567 hortum,
1261 515 1334 569 qui

29 580 41 639 ⁴]-
100 579 359 635 suspensilis
395 577 644 630 dicebatur,
673 591 727 624 eo
768 582 886 635 quod
924 593 1032 625 uxor
1061 584 1172 638 ejus,
1197 587 1335 641 quiin

26 668 41 722 ’ᾗ
101 650 258 695 tinibus
270 649 418 698 Mediae
438 657 598 692 nutrita
619 649 773 704 fuerat,
791 653 1007 708 regionem
1027 666 1146 698 suam
1171 658 1335 713 alonge

24 721 48 773 '1³2
95 721 247 766 *videre
274 719 554 764 desideraret.
593 719 732 776 Hujus
759 723 955 766 meminit
988 724 1254 781 Megastencs
1292 728 1334 770 in

96 793 210 838 libro
232 790 512 842 luiticiorum,
537 797 579 834 et
594 792 752 836 asserit
784 805 883 836 eum
909 794 1176 847 fortitudine,
1198 803 1240 840 et
1261 809 1334 841 ac-

27 858 57 928 ξ
94 871 217 908 tuum
243 861 537 919 magnitudine
564 862 791 917 {ferculem
824 867 1160 911 transcendisse.
1187 868 1270 912 Sed
1293 875 1334 913 et

20 927 64 990 s‘jf'
97 935 267 980 Diocles
293 934 335 976 in
355 933 467 977 libro
488 933 758 978 Ceioniorum
791 934 899 979 dicit
926 938 1040 992 quod
1080 938 1162 982 iste
1181 937 1332 982 Nabu-

20 1015 57 1051 ,»ῑ-·
94 1005 370 1051 chodonosor
392 1005 562 1050 obsedit
585 1003 744 1062 Tyrum
761 1005 910 1051 tribus
933 1007 1075 1059 annis,
1109 1014 1150 1051 et
1186 1008 1333 1052 decem

23 1074 46 1116 Ρ
98 1077 321 1122 mensibus
347 1078 378 1121 ·.
408 1076 470 1121 Eo
489 1082 678 1128 mortuo,
704 1078 896 1134 regnavit
925 1090 1003 1134 pro
1035 1091 1086 1122 eo
1106 1079 1333 1124 Amilitana

93 1149 350 1207 pagus-Hie
373 1155 440 1194 cst
458 1148 799 1202 Evilmerodach,
818 1151 890 1206 qni
911 1152 1130 1207 trigesimo
1151 1154 1333 1208 septimo

89 1236 211 1267 ,antio
229 1222 643 1278 transmigrationis,
664 1235 811 1267 mense
824 1223 1099 1274 duodecimo,
1127 1225 1330 1280 vigesima

1416 308 1553 352 usque
1577 300 1628 342 ad
1651 301 1843 356 quintam
1872 304 1952 347 sub
1973 304 2202 350 Baltassar.
2228 310 2348 362 Quod
2393 320 2532 358 antem
2559 318 2634 358 alze

1413 370 1574 413 evulsae
1591 378 1710 424 sunt,
1733 378 1775 416 et
1799 375 1917 418 stetit
1943 382 1989 418 ut
2011 376 2153 431 hom0,
2173 387 2213 424 et
2233 394 2308 425 cor
2330 385 2367 427 ei
2386 385 2529 429 datum
2552 398 2632 436 est,

1415 440 1470 482 ad
1499 439 1780 495 deiectionem
1803 442 2197 493 Nabuchodonosor
2235 454 2422 509 respicit,
2451 464 2492 500 et
2514 462 2635 501 resti-

1415 510 1638 555 tutionem.
1669 528 1683 553 «
1716 512 1911 558 Secunda
1949 516 2084 561 bestia
2116 522 2268 584 similis
2299 537 2398 567 urso
2418 526 2458 568 in
2499 535 2634 581 parte,

1414 586 1455 624 et
1479 587 1567 626 tres
1585 583 1756 628 ordines
1777 585 1966 630 dentium
1981 596 2104 632 erant
2126 591 2167 634 in
2188 604 2261 637 ore
2281 594 2389 650 ejus,
2410 602 2451 638 et
2470 598 2510 640 in
2531 600 2634 643 den-

1413 653 1529 698 tibus
1560 656 1655 710 ejus
1678 657 1894 714 principes
1917 665 2020 710 tres,
2045 668 2086 704 et
2108 662 2274 707 dicebat
2300 667 2339 710 ei
2360 684 2369 709 ε
2390 667 2542 724 Surge,
2566 682 2636 715 co-

1413 726 1534 769 mede
1552 738 1703 772 carnes
1722 729 1946 783 plurimas,
1971 731 2052 775 hoc
2080 740 2151 777 est
2186 747 2364 792 regnum
2388 739 2631 791 Persarum,

1411 798 1524 852 quod
1557 808 1831 855 comparatur
1859 815 1959 847 urso
1996 811 2169 860 propter
2204 810 2451 863 patientiam
2477 814 2633 857 laboris

1413 874 1455 910 et
1478 868 1618 912 victus
1641 871 1912 924 parcitatem.
1931 872 2036 917 Nam
2070 888 2147 930 pro
2186 879 2405 932 pulmento
2430 883 2518 926 sale
2540 891 2634 926 ute-

1412 937 1585 990 bantur,
1622 946 1664 983 et
1701 942 1990 995 cardamomo,
2033 947 2107 990 sed
2150 948 2301 993 similis
2345 952 2422 994 suit
2455 966 2557 999 urso
2592 962 2632 998 m

1412 1016 1548 1064 parte,
1574 1025 1660 1056 non
1678 1025 1728 1057 ex
1747 1021 1856 1068 toto,
1882 1019 1979 1073 quia
2004 1021 2046 1062 in
2071 1022 2270 1076 populum
2294 1023 2366 1068 Dei
2396 1026 2502 1070 nihil
2536 1040 2635 1072 crn-

1413 1081 1565 1127 dcliter
1586 1085 1688 1140 egit,
1707 1086 1820 1131 unde
1843 1088 1885 1131 in
1901 1088 2109 1133 Zacharia
2144 1092 2344 1138 dicuntur
2373 1098 2470 1152 eqni
2507 1100 2590 1143 albi
2620 1104 2633 1117 ”

1414 1151 1557 1208 (Zach.
1580 1155 1659 1212 vt).
1682 1155 1789 1201 Tres
1808 1158 1981 1203 ordines
1996 1160 2188 1206 dentium
2209 1165 2354 1209 habuit
2370 1199 2382 1219 ,
2403 1169 2443 1212 id
2460 1177 2524 1214 cst
2551 1174 2632 1214 tria

1416 1225 1598 1279 regnain
1617 1228 1826 1284 principio
1840 1231 1922 1282 sui,
1944 1231 2176 1287 Medorum,
2202 1236 2423 1283 Persarum
2448 1248 2489 1286 et
2513 1242 2634 1286 Chal-

92 1298 278 1354 septima
299 1295 370 1339 die
396 1297 557 1340 mensis
575 1296 815 1340 sublevavit
835 1303 959 1352 caput
979 1295 1190 1348 Joachim‚
1216 1299 1329 1352 regis
1355 1294 1387 1340 B
1411 1296 1613 1348 daeorum.
1633 1300 1698 1343 vel
1721 1307 1807 1345 tres
1828 1303 2044 1360 principes
2070 1306 2217 1351 habuit
2233 1321 2361 1365 super
2377 1319 2544 1357 centum
2570 1319 2633 1358 vi.

31 1366 44 1415 3>
89 1369 116 1412 J
121 1367 203 1413 uda
219 1369 272 1412 de
289 1379 481 1422 carcere,
501 1374 543 1411 et
555 1368 700 1425 posuit
716 1368 922 1412 thronum
946 1368 1040 1424 ejus
1057 1381 1188 1425 super
1218 1371 1336 1413 thro-

28 1475 43 1492 ,
92 1452 197 1485 num
213 1453 380 1497 regum,
405 1440 480 1497 qui
510 1446 635 1485 erant
658 1452 756 1484 cum
780 1453 832 1484 eo
857 1441 900 1483 in
934 1439 1150 1497 Babylone
1197 1449 1238 1485 ct
1260 1455 1334 1486 co-

26 1542 30 1544 *
91 1513 292 1557 medebat
337 1523 483 1556 eoram
525 1524 624 1569 rege
663 1512 832 1557 cunetis
851 1512 1006 1557 diebus
1029 1515 1128 1557 vitae
1165 1522 1333 1568 suae,et

22 1575 48 1636 ς’,
90 1585 204 1631 banc
228 1586 328 1630 fecit
351 1598 448 1630 eum
481 1597 534 1630 eo
563 1585 905 1630 misericordiam
923 1617 935 1637 ‚
967 1587 1068 1642 quia
1097 1593 1218 1642 pater
1241 1588 1333 1644 ejus

93 1669 176 1702 non
207 1663 452 1703 servaverat
491 1658 529 1702 ei
567 1657 711 1701 tidem.
754 1656 950 1700 Tradunt
979 1664 1123 1702 tamen
1158 1660 1331 1715 quidam

82 1730 208 1787 :quod
227 1731 552 1776 Erilmenodach
571 1730 706 1775 frater
719 1730 900 1774 minoris
920 1729 1328 1786 NaLuchodonosor,

90 1803 136 1847 in
157 1804 309 1848 diebus
331 1803 555 1848 electionis
580 1808 770 1859 paternae
795 1835 807 1855 ,
845 1803 979 1847 multa
1010 1806 1096 1860 egit
1132 1804 1262 1861 impie
1287 1808 1329 1848 in

23 1866 39 1927 ⁷?
87 1882 220 1930 terra,
244 1882 302 1928 et,
325 1882 446 1934 patre
468 1877 684 1927 restituto,
710 1883 939 1921 accusatus
965 1878 1077 1934 apud
1094 1890 1207 1929 eum,
1225 1879 1331 1922 mis*

87 1961 167 1994 sus
183 1955 248 1994 est
266 1949 308 1992 in
325 1960 560 2000 carcerem,
576 1948 648 1991 ubi
662 1947 1131 2004 Joachimerat‚.usque
1150 1950 1201 1993 ad
1220 1961 1331 1992 mor·

21 2021 40 2070 ζ’
89 2028 176 2066 tem
195 2020 341 2065 fratris
365 2021 448 2065 sui.
472 2020 667 2077 Cumque
690 2033 871 2077 regnare
908 2021 1126 2078 coepisset‚
1149 2022 1329 2066 clevavit

86 2093 300 2147 Joachim,
321 2107 447 2151 quem
471 2095 635 2138 socium
661 2094 924 2139 habueratin
939 2106 1126 2145 carcere,
1153 2096 1328 2139 timens·

27 2195 32 2200 ν
87 2180 175 2225 que
193 2179 248 2212 ne
262 2173 518 2225 resurgeret
536 2173 658 2222 pater
680 2179 803 2216 suus,
847 2166 992 2222 quide
1015 2167 1150 2211 bestia
1189 2167 1263 2210 red
1273 2169 1327 2211 ie-

23 2235 27 2240 ’
87 2246 158 2284 rat
179 2241 223 2283 in
246 2239 480 2296 bominem,
500 2238 719 2282 consuluit
738 2237 950 2283 Joachim.
977 2237 1041 2282 Ad
1073 2240 1198 2294 cujus
1222 2252 1326 2283 con-

31 2361 42 2366 >
88 2312 234 2356 silium
254 2311 437 2356 cadaver
457 2311 593 2368 patris
616 2313 681 2355 sui
696 2311 915 2365 effossum,
934 2310 1083 2356 divisit
1100 2313 1142 2355 in
1159 2319 1326 2355 trecen-

89 2391 158 2430 tas
181 2391 340 2442 partes,
363 2390 406 2430 et
426 2385 543 2429 dedit
564 2397 638 2428 cas
669 2384 876 2428 trecentis
898 2385 1158 2429 vulturibus.
1190 2384 1241 2428 Et
1268 2386 1327 2429 ait

23 2458 26 2460 ’
86 2458 255 2502 adeum
285 2457 480 2501 Joachim
508 2473 517 2500 :
550 2471 565 2498 ‹
589 2456 681 2500 Non
700 2464 896 2514 resurget
936 2464 1058 2513 pater
1099 2465 1214 2508 tuus,
1243 2458 1326 2502 nisi

90 2532 266 2576 redeant
290 2531 481 2573 vultures
517 2523 559 2572 in
587 2542 736 2573 unum.
758 2544 774 2572 ι
802 2529 878 2573 llic
913 2530 1061 2573 habuit
1085 2535 1172 2574 tres
1217 2530 1326 2572 lilios

21 2602 31 2614 ²
85 2603 382 2660 Egessarium,
407 2603 480 2659 qni
503 2611 544 2646 et
566 2601 755 2647 Rccnsat
779 2603 922 2648 dictus
944 2609 1026 2654 est,
1052 2610 1094 2646 ct
1116 2603 1328 2646 Labosar-

86 2677 290 2728 dochum,
319 2683 362 2720 et
392 2675 550 2727 Nabar,
592 2675 667 2731 qui
708 2675 927 2720 Baltassar
945 2674 1326 2731 recognominatus

79 2754 171 2799 -est,
191 2748 393 2804 a21-quem
419 2753 517 2804 post
535 2758 667 2804 regna
692 2747 899 2800 fratrum,
939 2759 1117 2803 regnum
1147 2746 1325 2790 devolu-

83 2825 179 2866 ”tum
203 2827 286 2867 est.

145 2899 160 2916 ·
186 2895 357 2939 Aci-titio
387 2893 425 2939 t.
451 2892 594 2950 'syrus
618 2893 760 2936 insula
788 2899 891 2937 tunc
911 2892 1122 2948 temporis
1162 2893 1258 2940 l'uit,
1284 2897 1325 2935 ct

24 3007 25 3012 ,
90 2969 259 3013 volebat
278 2979 372 3012 eam
392 2969 645 3012 continuare
660 2972 803 3018 terrae,
829 2965 905 3011 sed
922 2973 1067 3021 postea
1088 2964 1326 3008 Alexander

90 3043 172 3086 hoc
194 3043 520 3088 consummavit.

336 3116 437 3159 Car.
460 3114 530 3160 Vl.
561 3115 723 3169 Quarta
747 3114 850 3158 visio
871 3113 1074 3156 Danielis.

146 3186 354 3247 Sequitur
386 3193 539 3245 quarta
572 3189 683 3234 visio
710 3187 915 3238 Danielis,
959 3199 1046 3229 non
1088 3184 1322 3229 secundum

82 3266 284 3310 ordinem
300 3266 401 3310 libri
427 3264 628 3321 ejus,sed
653 3263 890 3309 secundum
911 3261 1155 3313 historiam,
1175 3261 1217 3302 in
1239 3270 1322 3315 qua

1413 1369 1520 1424 ginti
1545 1376 1757 1426 satrapas.
1784 1373 1903 1424 Quod
1924 1375 2122 1420 dicebant
2143 1379 2207 1431 ei,
2236 1394 2250 1420 ‹
2274 1383 2446 1427 comede
2481 1397 2630 1432 carnes

1414 1440 1647 1495 plurimas,
1677 1457 1691 1484 ι
1718 1443 1800 1487 hoc
1822 1445 2008 1490 refertur
2048 1449 2101 1492 ad
2123 1449 2383 1506 Assuerum,
2418 1459 2484 1500 cui
2524 1459 2631 1503 dixit

1411 1509 1627 1562 Aman,ut
1651 1514 1867 1559 occideret
1887 1515 2056 1563 Judaeos
2085 1519 2222 1576 (Eut.
2249 1523 2333 1580 tu).
2361 1540 2374 1565 ι
2402 1526 2543 1572 Tertia
2557 1532 2630 1574 be-

1412 1583 1493 1626 stia
1521 1587 1643 1639 quasi
1665 1588 1841 1641 parduS,
1862 1595 1905 1633 et
1928 1590 2109 1635 habebat
2133 1593 2222 1638 alas
2248 1596 2355 1647 avis,
2379 1605 2420 1641 et
2450 1606 2632 1655 quatuor

1411 1657 1550 1712 capita
1572 1664 1694 1702 erant
1713 1659 1755 1702 in
1778 1671 1843 1711 ea,
1864 1667 1906 1705 et
1925 1669 2110 1717 potestas
2128 1665 2224 1708 data
2246 1674 2312 1712 est
2335 1670 2374 1712 ei
2394 1684 2404 1723 ;
2431 1686 2445 1711 ι
2468 1671 2548 1715 hoc
2567 1680 2632 1716 cst

1409 1740 1587 1783 regnum
1608 1729 1880 1784 Graecorum,
1912 1735 2027 1790 quod
2061 1745 2338 1793 eomparatur
2374 1743 2522 1798 pardo,
2561 1748 2631 1799 qui

1410 1801 1518 1844 saltu
1538 1802 1686 1846 ruitin
1717 1812 1895 1848 mortem
1946 1814 2120 1863 propter
2161 1811 2360 1866 impetum
2386 1813 2629 1860 Alexandri.

1409 1872 1583 1917 Etvarii
1604 1876 1787 1929 colores,
1808 1878 1976 1924 diversa
2009 1881 2090 1925 suh
2118 1894 2172 1926 eo
2208 1896 2338 1941 regna
2375 1887 2627 1943 significant.

1407 1945 1508 1990 Alas
1529 1946 1694 1999 habuit,
1714 1951 1814 2006 quia
1832 1952 1938 1995 nihil
1963 1954 2150 1999 velocius
2174 1957 2352 2000 victoria
2369 1959 2593 2005 Alexandri
2617 1978 2627 2016 ;

1407 2027 1593 2074 quatuor
1614 2023 1754 2077 capita
1775 2024 1867 2079 ejus
1892 2030 2075 2080 quatuor
2099 2031 2199 2071 sunt
2221 2029 2445 2074 Alexandri
2467 2046 2632 2079 succes·

1407 2103 1529 2136 sores
1613 2093 1699 2137 Nee
1723 2095 1833 2139 hanc
1850 2103 2100 2151 potestatem
2121 2087 2300 2145 hahuita
2315 2115 2360 2147 se
2373 2104 2628 2160 Alexander,

1406 2164 1482 2207 sed
1506 2163 1585 2207 suit
1610 2166 1729 2222 virga
1760 2167 1918 2213 suroris
1951 2169 2116 2214 Domini
2142 2173 2184 2215 in
2212 2172 2321 2219 lilios
2365 2177 2627 2230 pestilentes,

1403 2250 1425 2275 ⁴‹
1447 2236 1608 2289 Quarta
1634 2239 1772 2283 bestia
1795 2242 2013 2292 terribilis,
2041 2250 2082 2286 et
2103 2243 2252 2295 sortis,
2288 2246 2437 2292 dentes
2471 2248 2630 2294 ferreos

1404 2310 1584 2362 habens,
1609 2314 1855 2365 comedens,
1881 2321 1922 2358 et
1945 2315 2108 2371 reliqua
2132 2318 2310 2372 pedibus
2326 2322 2626 2370 conculcans.»

1348 2364 1380 2408 C
1406 2384 1488 2427 hoe
1515 2390 1582 2429 est
1609 2398 1787 2441 regnum
1819 2387 2138 2441 Romanorum,
2177 2391 2293 2446 ‘quod
2338 2392 2444 2435 nulli
2485 2393 2631 2438 hestiae

1405 2458 1666 2510 comparavit
1687 2456 1851 2510 Daniel,
1871 2464 1916 2501 nt
1939 2459 2147 2515 quidquid
2170 2460 2356 2506 ferocius
2395 2464 2437 2506 in
2478 2465 2626 2509 bcstiis

1405 2527 1658 2583 cogitamus,
1681 2530 1968 2587 intelligamus
2012 2534 2056 2574 in
2088 2531 2306 2578 Romanis.
2342 2533 2543 2581 Hebraeus
2566 2544 2631 2581 ta·

1404 2613 1502 2643 men
1525 2601 1627 2644 dicit
1651 2616 1666 2641 ‹
1695 2602 1877 2645 similem
1914 2601 2048 2647 fuisse
2071 2615 2190 2659 apro,
2221 2619 2235 2645 ι
2265 2606 2495 2648 secundum
2527 2607 2629 2650 illud

1404 2671 1642 2716 Psalmistae
1669 2689 1678 2715 :
1709 2689 1724 2714 ι
1756 2672 1948 2717 Vastavit
1972 2686 2064 2718 eam
2085 2687 2188 2730 aper
2212 2676 2263 2719 de
2287 2677 2409 2727 silva,
2431 2680 2629 2734 etsingn-

1405 2744 1507 2788 laris
1533 2745 1649 2789 serus
1675 2744 1878 2801 depastus
1912 2751 1978 2790 est
2013 2759 2106 2790 eam
2150 2747 2285 2804 (Psoi.
2309 2749 2468 2803 mxxvi),
2503 2765 2516 2790 ι
2540 2749 2627 2793 lloc

1402 2828 1580 2874 regnum
1603 2823 1754 2862 caetera
1773 2819 2058 2862 conculcavit.
2085 2818 2205 2871 Quod
2227 2822 2419 2876 sequitur
2443 2835 2457 2860 t
2488 2826 2529 2863 ct
2549 2821 2626 2863 ba-

1406 2888 1530 2931 bebat
1555 2900 1717 2932 cornua
1758 2888 1929 2937 decem,
1961 2903 1974 2928 ›
2012 2888 2185 2943 respicit
2215 2888 2268 2930 ad
2305 2887 2428 2931 linem
2461 2889 2623 2935 mundi,

1404 2961 1503 3016 quia
1527 2967 1627 3004 tunc
1646 2973 1823 3017 regn-um
1857 2961 2144 3004 Romanorum
2167 2959 2386 3004 dividetur
2411 2960 2454 3003 in
2481 2961 2625 3003 decem

1403 3045 1563 3088 regna;
1589 3031 1701 3088 quod
1723 3032 2005 3088 significatum
2042 3041 2105 3076 est
2145 3044 2219 3088 per
2261 3031 2406 3076 decem
2431 3032 2542 3075 soles
2582 3033 2626 3075 in

1402 3106 1603 3148 vaticinio
1629 3104 1815 3162 Sibyllae.
1847 3120 1859 3145 ε
1891 3103 1942 3147 Et
1960 3116 2058 3149 ecce
2073 3117 2205 3148 cornu
2229 3104 2342 3148 aliud
2366 3116 2538 3159 parvum
2562 3115 2627 3146 or-

1404 3184 1492 3220 tum
1520 3183 1585 3221 est
1603 3177 1655 3220 de
1678 3176 1819 3219 medio
1837 3188 2000 3221 eorum.
2034 3191 2047 3216 ι
2075 3174 2152 3218 Hic
2174 3174 2552 3219 est'Anticbristus
2574 3176 2625 3218 dc

1403 3251 1514 3293 tribu
1540 3249 1628 3292 Dan
1652 3248 1866 3305 ignobilis,
1892 3248 1935 3290 iu
1958 3248 2141 3291 obscuro
2168 3247 2262 3290 loco
2285 3245 2524 3302 Babyloniae
2547 3257 2621 3288 na·-

88 3339 197 3383 vidit
223 3339 458 3384 secundum
484 3338 693 3394 imagines
724 3342 914 3392 quatuor
930 3333 1189 3383 bestiarum,
1218 3342 1324 3386 qua-
1397 3325 1606 3368 sciturus.
1632 3323 1691 3366 Ex
1710 3323 1946 3368 seminibus
1975 3322 2142 3377 quidem
2171 3325 2391 3376 parentum
2410 3320 2622 3374 concipie-

91 3420 189 3458 tuor
209 3423 360 3469 regna,
397 3423 492 3468 quae
527 3411 634 3455 vidit
671 3408 1068 3467 Nabuchodonosor
1097 3407 1142 3448 in
1182 3409 1322 3447 statua
1346 3417 1382 3459 1)
1405 3402 1490 3448 tur,
1517 3396 1591 3440 sed
1613 3402 1708 3451 post
1726 3401 1974 3450 conceptum
2011 3393 2186 3448 spiritus
2209 3392 2419 3447 malignus
2442 3391 2622 3435 descen-

88 3485 397 3543 quadrimi-mh
414 3484 488 3529 sed
509 3483 701 3527 additum
724 3486 791 3525 est
825 3479 877 3523 de
894 3478 1176 3527 Antichristo,
1196 3480 1239 3518 et
1257 3474 1324 3517 die

87 3557 259 3616 judieii.
282 3557 416 3603 Porro
447 3568 560 3599 anno
594 3555 734 3611 primo
772 3553 991 3595 Baltassar
1027 3548 1136 3592 vidit
1177 3543 1324 3588 Daniel

91 3633 322 3683 somnium,
347 3631 473 3686 cujus
496 3640 706 3675 summam
724 3626 917 3672 scribens
946 3624 1031 3666 ait:
1062 3636 1077 3663 ‹
1102 3619 1322 3666 Videbam,

89 3706 135 3746 et
162 3713 263 3747 ecce
299 3706 484 3758 quatuor
526 3700 643 3744 venti
671 3697 919 3755 pugnabant
963 3695 1006 3738 in
1045 3692 1185 3737 medio
1217 3688 1324 3732 mari

89 3773 221 3831 (Dan.
249 3774 344 3831 vn).
377 3789 393 3817 ι
421 3774 495 3820 ttae
514 3779 617 3818 sunt
636 3772 839 3828 angelicae
858 3774 1107 3826 potestates,-
1147 3777 1241 3822 quae
1264 3764 1326 3807 la-

90 3846 249 3891 borant
274 3859 351 3903 pro
368 3847 513 3905 regnis
540 3845 686 3890 mundi
705 3843 860 3899 quibus
883 3845 1089 3898 praesunt.
1116 3852 1133 3879 ι
1156 3837 1208 3879 Et
1221 3847 1325 3892 qua-

95 3926 194 3965 tuor
237 3921 386 3970 bestiae
427 3917 720 3964 ascendebant
759 3916 812 3959 de
854 3913 981 3962 mari,
1020 3910 1157 3968 prima
1203 3908 1324 3964 quasi

94 3994 308 4045 leaena,et
327 3993 510 4043 habehat
530 3994 621 4036 alas
639 3991 808 4046 aquilae.
846 3989 899 4031 Et
937 3985 1100 4031 evulsae
1131 3990 1230 4027 sunt
1250 3983 1326 4025 alae

91 4066 207 4122 οῙιιε,
234 4070 278 4109 et
299 4065 468 4110 sublata
489 4069 556 4108 est
583 4063 635 4107 de
654 4069 766 4106 terra
788 4093 800 4111 ,
823 4067 865 4103 et
892 4069 1020 4115 super
1053 4056 1182 4112 pedes
1203 4054 1326 4110 quasi

96 4137 226 4182 homo
251 4137 390 4188 stetit,
422 4142 464 4181 et
489 4146 564 4180 cor
596 4134 691 4191 ejus
725 4133 871 4175 datum
922 4135 991 4174 est
1033 4129 1089 4172 ei.
1119 4143 1132 4169 ι
1151 4125 1241 4169 Hoc
1261 4129 1328 4168 est

24 4242 46 4254 ,ν
97 4223 276 4268 regnum
300 4209 592 4267 Assyriorum,
615 4206 729 4263 quod
753 4208 1027 4259 eomparatur
1051 4201 1192 4243 leaenae
1228 4208 1327 4253 pro-

26 4276 29 4283 ’
104 4287 196 4336 pter
233 4281 483 4324 violentiam
541 4283 584 4322 et
628 4275 819 4321 libidinis
865 4270 1192 4328 impatientiam,
1227 4267 1327 4322 quia

102 4353 235 4396 lcaena
259 4363 426 4408 semper
452 4352 492 4395 in
517 4351 677 4394 coitum
698 4347 839 4404 gestit.
863 4345 965 4388 Aias
993 4342 1144 4398 aquilae
1180 4339 1328 4382 habuit

103 4425 616 4482 propterlongaeritatem.
660 4420 766 4463 Nam
794 4420 841 4462 in
881 4415 1067 4461 secunda
1113 4406 1237 4456 aetate
1261 4411 1326 4454 in-

1404 3469 1474 3513 dct
1493 3469 1537 3511 in
1561 3474 1730 3511 uterum
1754 3467 1918 3517 matris,
1946 3467 2068 3521 cujus
2106 3465 2260 3507 virtute
2294 3463 2491 3517 deinceps
2521 3475 2624 3517 puer

1403 3542 1555 3591 aletur,
1576 3545 1794 3591 nascetur,
1820 3538 2062 3589 adolescet;
2089 3535 2201 3579 unde
2230 3535 2342 3579 lilius
2376 3534 2624 3589 perditionis

1404 3612 1577 3655 dicitur.
1608 3626 1623 3651 ι
1645 3611 1696 3653 Et
1723 3611 1805 3654 tria
1828 3609 1880 3653 de
1896 3609 2100 3653 cornibus
2119 3607 2267 3662 primis
2299 3606 2445 3663 evulsa
2483 3614 2622 3648 sunta

1404 3689 1513 3731 facie
1532 3687 1667 3741 ejus„
1694 3685 1818 3730 idest
1838 3690 1926 3727 tres
1951 3695 2069 3739 reges
2089 3683 2141 3726 de
2162 3682 2307 3726 docem
2329 3681 2447 3736 prius
2468 3680 2624 3723 interli—

1403 3762 1501 3812 ciet,
1528 3772 1669 3816 regem
1693 3759 1854 3803 scilicet
1893 3756 2063 3805 Africae,
2097 3754 2285 3810 AEgypst,
2311 3758 2352 3795 et
2373 3750 2620 3806 AEthiopim.

1398 3833 1524 3877 'Tunc
1567 3832 1639 3874 alii
1684 3837 1846 3886 septem
1888 3828 2047 3871 victori
2086 3827 2195 3869 colla
2226 3826 2492 3869 submittent.
2531 3839 2543 3863 ‹
2571 3822 2620 3865 Et

1401 3918 1502 3950 ecee
1522 3905 1642 3960 qnasi
1664 3903 1774 3947 oculi
1799 3900 1983 3944 hominis
2014 3903 2135 3942 erant
2168 3900 2212 3940 in
2243 3909 2310 3947 eo,
2338 3913 2353 3937 ι
2382 3897 2423 3939 id
2447 3902 2512 3938 cst
2538 3895 2620 3936 alta

1402 3984 1446 4022 ct
1481 3976 1693 4021 mirabilis
1724 3971 2038 4028 scientia,1quia
2071 3969 2231 4025 magice
2252 3968 2455 4011 miracula
2479 3966 2616 4016 saciet,

1405 4056 1447 4093 et
1466 4048 1652 4092 inveniet
1672 4040 1898 4090 thesauros
1936 4037 2225 4086 absconditos.
2245 4056 2275 4078 ·‹
2316 4039 2366 4080 Et
2404 4039 2482 4082 erit
2505 4037 2542 4079 ci
2569 4049 2616 4079 os

1405 4121 1584 4175 loquens
1607 4116 1809 4172 ingentia,
1840 4130 1854 4155 ι
1875 4113 1977 4166 quia
1997 4111 2125 4155 Deum
2147 4122 2193 4153 se
2211 4104 2316 4175 dicct
2336 4139 2347 4159 ,
2366 4116 2405 4152 ct
2439 4110 2613 4150 circum-

1405 4190 1516 4233 cidet
1536 4201 1596 4237 se,
1615 4185 1726 4231 dicet
1752 4199 1797 4229 se
1817 4185 2012 4228 Messium
2046 4195 2164 4232 esse,
2193 4181 2403 4232 confluent
2435 4179 2484 4223 ad
2523 4191 2616 4221 enm

1403 4261 1554 4312 ludaei,
1573 4259 1842 4304 reaedificabit
1867 4256 2084 4311 templum,
2108 4260 2149 4297 et
2170 4254 2320 4296 solium
2345 4264 2466 4294 suum
2495 4257 2617 4303 ponet

1406 4337 1448 4379 in
1476 4348 1543 4385 eo,
1572 4335 1786 4376 convertet
1809 4329 1860 4372 ad
1878 4340 1923 4371 se
1946 4327 2138 4370 homines
2163 4319 2615 4372 terroremuncribus,

1406 4407 1639 4451 miraculis.
1659 4404 1809 4455 Etiam,
1834 4408 1875 4444 et
1901 4399 2046 4443 Enoch
2067 4396 2304 4442 intcrficiet.
2333 4392 2617 4447 ‹Aspiciclsam
