<?xml version="1.0" encoding="UTF-8"?>
<!DOCTYPE html PUBLIC "-//W3C//DTD XHTML 1.0 Transitional//EN"
    "http://www.w3.org/TR/xhtml1/DTD/xhtml1-transitional.dtd">
<html xmlns="http://www.w3.org/1999/xhtml" xml:lang="en" lang="en">
 <head>
  <title>
</title>
<meta http-equiv="Content-Type" content="text/html;charset=utf-8" />
  <meta name='ocr-system' content='tesseract 3.04.00' />
  <meta name='ocr-capabilities' content='ocr_page ocr_carea ocr_par ocr_line ocrx_word'/>
</head>
<body>
  <div class='ocr_page' id='page_1' title='image "./patrologiaecursu00hammuoft_0876.png"; bbox 0 0 2924 4588; ppageno 0'>
   <div class='ocr_carea' id='block_1_1' title="bbox 322 85 430 129">
    <p class='ocr_par' dir='ltr' id='par_1_1' title="bbox 322 85 430 129">
     <span class='ocr_line' id='line_1_1' title="bbox 322 85 430 129; baseline 0.009 -1"><span class='ocrx_word' id='word_1_1' title='bbox 322 85 342 128; x_wconf 78' lang='lat' dir='ltr'><strong>l</strong></span> <span class='ocrx_word' id='word_1_2' title='bbox 352 86 430 129; x_wconf 58' lang='lat'><strong>239</strong></span> 
     </span>
    </p>
   </div>
   <div class='ocr_carea' id='block_1_2' title="bbox 1335 73 1879 128">
    <p class='ocr_par' dir='ltr' id='par_1_2' title="bbox 1335 73 1879 128">
     <span class='ocr_line' id='line_1_2' title="bbox 1335 73 1879 128; baseline 0.006 -7"><span class='ocrx_word' id='word_1_3' title='bbox 1335 74 1498 122; x_wconf 79' lang='lat' dir='ltr'><strong>PETRI</strong></span> <span class='ocrx_word' id='word_1_4' title='bbox 1528 73 1879 128; x_wconf 66' lang='lat' dir='ltr'><strong>conestonts</strong></span> 
     </span>
    </p>
   </div>
   <div class='ocr_carea' id='block_1_3' title="bbox 2775 86 2885 130">
    <p class='ocr_par' dir='ltr' id='par_1_3' title="bbox 2775 86 2885 130">
     <span class='ocr_line' id='line_1_3' title="bbox 2775 86 2885 130; baseline -0.036 0"><span class='ocrx_word' id='word_1_5' title='bbox 2775 87 2795 130; x_wconf 71' lang='lat' dir='ltr'><strong>l</strong></span> <span class='ocrx_word' id='word_1_6' title='bbox 2803 86 2885 130; x_wconf 64' lang='lat'><strong>7³0</strong></span> 
     </span>
    </p>
   </div>
   <div class='ocr_carea' id='block_1_4' title="bbox 319 167 2891 233">
    <p class='ocr_par' dir='ltr' id='par_1_4' title="bbox 319 167 2891 233">
     <span class='ocr_line' id='line_1_4' title="bbox 319 167 2891 233; baseline 0.001 -15"><span class='ocrx_word' id='word_1_7' title='bbox 319 182 386 220; x_wconf 76' lang='lat' dir='ltr'><strong>est</strong></span> <span class='ocrx_word' id='word_1_8' title='bbox 410 192 420 217; x_wconf 87' lang='grc'>;</span> <span class='ocrx_word' id='word_1_9' title='bbox 446 175 604 230; x_wconf 79' lang='lat' dir='ltr'><strong>quibus</strong></span> <span class='ocrx_word' id='word_1_10' title='bbox 629 178 834 228; x_wconf 77' lang='lat' dir='ltr'>tanquam</span> <span class='ocrx_word' id='word_1_11' title='bbox 857 170 983 226; x_wconf 80' lang='lat' dir='ltr'><strong>gallis</strong></span> <span class='ocrx_word' id='word_1_12' title='bbox 1015 167 1226 213; x_wconf 77' lang='lat' dir='ltr'>Dominus</span> <span class='ocrx_word' id='word_1_13' title='bbox 1263 167 1380 212; x_wconf 85' lang='lat' dir='ltr'><strong>dedit</strong></span> <span class='ocrx_word' id='word_1_14' title='bbox 1409 169 1571 212; x_wconf 82' lang='lat' dir='ltr'><strong>intelli-</strong></span> <span class='ocrx_word' id='word_1_15' title='bbox 1596 177 1628 218; x_wconf 76' lang='grc' dir='ltr'><strong>Λ</strong></span> <span class='ocrx_word' id='word_1_16' title='bbox 1651 170 1753 214; x_wconf 89' lang='lat' dir='ltr'><strong>dum</strong></span> <span class='ocrx_word' id='word_1_17' title='bbox 1776 182 1913 226; x_wconf 78' lang='lat' dir='ltr'><strong>genus</strong></span> <span class='ocrx_word' id='word_1_18' title='bbox 1942 169 2111 215; x_wconf 78' lang='lat' dir='ltr'><strong>videndi</strong></span> <span class='ocrx_word' id='word_1_19' title='bbox 2130 170 2282 218; x_wconf 85' lang='lat' dir='ltr'><strong>Deum.</strong></span> <span class='ocrx_word' id='word_1_20' title='bbox 2303 175 2343 216; x_wconf 72' lang='lat' dir='ltr'><strong>et</strong></span> <span class='ocrx_word' id='word_1_21' title='bbox 2376 171 2589 226; x_wconf 82' lang='lat' dir='ltr'><strong>quomodo</strong></span> <span class='ocrx_word' id='word_1_22' title='bbox 2625 180 2764 229; x_wconf 83' lang='lat' dir='ltr'><strong>potcst</strong></span> <span class='ocrx_word' id='word_1_23' title='bbox 2791 180 2891 233; x_wconf 78' lang='lat' dir='ltr'><strong>quis</strong></span> 
     </span>
    </p>
   </div>
   <div class='ocr_carea' id='block_1_5' title="bbox 241 225 1566 1219">
    <p class='ocr_par' dir='ltr' id='par_1_5' title="bbox 241 225 1566 893">
     <span class='ocr_line' id='line_1_5' title="bbox 302 225 1563 287; baseline -0.004 -14"><span class='ocrx_word' id='word_1_24' title='bbox 302 228 587 287; x_wconf 57' lang='lat' dir='ltr'><strong>,gentiamss</strong></span> <span class='ocrx_word' id='word_1_25' title='bbox 618 228 641 269; x_wconf 74' lang='lat' dir='ltr'><strong>l»</strong></span> <span class='ocrx_word' id='word_1_26' title='bbox 683 228 990 282; x_wconf 44' lang='grc' dir='ltr'><strong>ιιινιιιὴιιι</strong></span> <span class='ocrx_word' id='word_1_27' title='bbox 1019 225 1254 269; x_wconf 78' lang='lat' dir='ltr'><strong>adventum</strong></span> <span class='ocrx_word' id='word_1_28' title='bbox 1301 236 1412 268; x_wconf 60' lang='grc' dir='ltr'><strong>νει-ω</strong></span> <span class='ocrx_word' id='word_1_29' title='bbox 1453 225 1563 269; x_wconf 86' lang='lat' dir='ltr'><strong>lucis</strong></span> 
     </span>
     <span class='ocr_line' id='line_1_6' title="bbox 320 279 1566 338; baseline -0.006 -8"><span class='ocrx_word' id='word_1_30' title='bbox 320 287 566 337; x_wconf 63' lang='lat' dir='ltr'><strong>lunge&#39;ante</strong></span> <span class='ocrx_word' id='word_1_31' title='bbox 603 295 678 338; x_wconf 54' lang='lat' dir='ltr'><strong>jus</strong></span> <span class='ocrx_word' id='word_1_32' title='bbox 703 291 843 337; x_wconf 86' lang='lat' dir='ltr'><strong>ortum</strong></span> <span class='ocrx_word' id='word_1_33' title='bbox 869 281 1035 337; x_wconf 81' lang='lat' dir='ltr'><strong>praescii</strong></span> <span class='ocrx_word' id='word_1_34' title='bbox 1056 286 1369 336; x_wconf 62' lang='lat' dir='ltr'><strong>praeconarent.</strong></span> <span class='ocrx_word' id='word_1_35' title='bbox 1392 279 1566 323; x_wconf 81' lang='lat' dir='ltr'><strong>Clama-</strong></span> 
     </span>
     <span class='ocr_line' id='line_1_7' title="bbox 319 337 1560 395; baseline -0.002 -12"><span class='ocrx_word' id='word_1_36' title='bbox 319 337 474 386; x_wconf 77' lang='lat' dir='ltr'><strong>vcrunt</strong></span> <span class='ocrx_word' id='word_1_37' title='bbox 497 341 627 395; x_wconf 79' lang='lat' dir='ltr'><strong>igitur</strong></span> <span class='ocrx_word' id='word_1_38' title='bbox 637 339 755 395; x_wconf 80' lang='lat' dir='ltr'><strong>galli,</strong></span> <span class='ocrx_word' id='word_1_39' title='bbox 778 344 982 393; x_wconf 71' lang='lat' dir='ltr'><strong>tunquam</strong></span> <span class='ocrx_word' id='word_1_40' title='bbox 996 337 1275 380; x_wconf 72' lang='lat' dir='ltr'>concinentes</span> <span class='ocrx_word' id='word_1_41' title='bbox 1292 343 1332 378; x_wconf 83' lang='lat' dir='ltr'><strong>et</strong></span> <span class='ocrx_word' id='word_1_42' title='bbox 1350 337 1560 380; x_wconf 82' lang='lat' dir='ltr'><strong>dicentes:</strong></span> 
     </span>
     <span class='ocr_line' id='line_1_8' title="bbox 322 392 1565 450; baseline -0.005 -10"><span class='ocrx_word' id='word_1_43' title='bbox 322 395 624 440; x_wconf 67' lang='lat' dir='ltr'><strong>flammatibus</strong></span> <span class='ocrx_word' id='word_1_44' title='bbox 650 396 691 437; x_wconf 83' lang='lat' dir='ltr'><strong>in</strong></span> <span class='ocrx_word' id='word_1_45' title='bbox 706 395 866 450; x_wconf 64' lang='lat' dir='ltr'><strong>regione</strong></span> <span class='ocrx_word' id='word_1_46' title='bbox 883 395 1043 436; x_wconf 71' lang='lat' dir='ltr'><strong>uinbrae</strong></span> <span class='ocrx_word' id='word_1_47' title='bbox 1065 393 1229 439; x_wconf 76' lang='lat' dir='ltr'><strong>mortis,</strong></span> <span class='ocrx_word' id='word_1_48' title='bbox 1248 403 1284 434; x_wconf 81' lang='lat' dir='ltr'><strong>ct</strong></span> <span class='ocrx_word' id='word_1_49' title='bbox 1302 392 1470 446; x_wconf 78' lang='lat' dir='ltr'><strong>populo.</strong></span> <span class='ocrx_word' id='word_1_50' title='bbox 1493 392 1565 447; x_wconf 78' lang='lat' dir='ltr'><strong>qui</strong></span> 
     </span>
     <span class='ocr_line' id='line_1_9' title="bbox 319 444 1565 503; baseline -0.004 -8"><span class='ocrx_word' id='word_1_51' title='bbox 319 451 507 495; x_wconf 70' lang='lat' dir='ltr'><strong>ambulat</strong></span> <span class='ocrx_word' id='word_1_52' title='bbox 549 451 591 492; x_wconf 82' lang='lat' dir='ltr'><strong>in</strong></span> <span class='ocrx_word' id='word_1_53' title='bbox 658 450 795 493; x_wconf 73' lang='lat' dir='ltr'><strong>nebris</strong></span> <span class='ocrx_word' id='word_1_54' title='bbox 813 481 826 501; x_wconf 91' lang='lat'><strong>,</strong></span> <span class='ocrx_word' id='word_1_55' title='bbox 864 444 939 491; x_wconf 64' lang='lat' dir='ltr'><strong>Sua:</strong></span> <span class='ocrx_word' id='word_1_56' title='bbox 965 448 1123 491; x_wconf 78' lang='lat' dir='ltr'><strong>orietur</strong></span> <span class='ocrx_word' id='word_1_57' title='bbox 1155 446 1169 503; x_wconf 87' lang='lat'>(</span> <span class='ocrx_word' id='word_1_58' title='bbox 1193 447 1279 490; x_wconf 75' lang='lat' dir='ltr'><strong>Isa.</strong></span> <span class='ocrx_word' id='word_1_59' title='bbox 1305 460 1348 489; x_wconf 80' lang='lat' dir='ltr'><strong>ix</strong></span> <span class='ocrx_word' id='word_1_60' title='bbox 1370 449 1401 503; x_wconf 90' lang='lat'><strong>).</strong></span> <span class='ocrx_word' id='word_1_61' title='bbox 1425 446 1565 490; x_wconf 88' lang='lat' dir='ltr'><strong>Silue-</strong></span> 
     </span>
     <span class='ocr_line' id='line_1_10' title="bbox 324 503 1565 559; baseline -0.004 -9"><span class='ocrx_word' id='word_1_62' title='bbox 324 515 426 551; x_wconf 85' lang='lat' dir='ltr'><strong>runt</strong></span> <span class='ocrx_word' id='word_1_63' title='bbox 455 506 540 550; x_wconf 81' lang='lat' dir='ltr'><strong>isti.</strong></span> <span class='ocrx_word' id='word_1_64' title='bbox 582 507 614 548; x_wconf 83' lang='lat' dir='ltr'>A</span> <span class='ocrx_word' id='word_1_65' title='bbox 676 506 775 549; x_wconf 92' lang='lat' dir='ltr'><strong>stoli</strong></span> <span class='ocrx_word' id='word_1_66' title='bbox 811 516 911 547; x_wconf 71' lang='lat' dir='ltr'><strong>vero</strong></span> <span class='ocrx_word' id='word_1_67' title='bbox 934 511 976 548; x_wconf 85' lang='lat' dir='ltr'><strong>et</strong></span> <span class='ocrx_word' id='word_1_68' title='bbox 998 504 1079 559; x_wconf 75' lang='lat' dir='ltr'><strong>ipsi</strong></span> <span class='ocrx_word' id='word_1_69' title='bbox 1122 504 1241 558; x_wconf 79' lang='lat' dir='ltr'><strong>galli,</strong></span> <span class='ocrx_word' id='word_1_70' title='bbox 1275 510 1482 558; x_wconf 83' lang='lat' dir='ltr'><strong>tanquam</strong></span> <span class='ocrx_word' id='word_1_71' title='bbox 1520 503 1565 545; x_wconf 90' lang='lat' dir='ltr'><strong>in</strong></span> 
     </span>
     <span class='ocr_line' id='line_1_11' title="bbox 318 557 1563 618; baseline -0.006 -12"><span class='ocrx_word' id='word_1_72' title='bbox 318 566 411 618; x_wconf 78' lang='lat' dir='ltr'><strong>ipso</strong></span> <span class='ocrx_word' id='word_1_73' title='bbox 435 564 543 608; x_wconf 80' lang='lat' dir='ltr'><strong>lucis</strong></span> <span class='ocrx_word' id='word_1_74' title='bbox 562 561 819 617; x_wconf 84' lang='lat' dir='ltr'><strong>crepusculo</strong></span> <span class='ocrx_word' id='word_1_75' title='bbox 842 560 1054 604; x_wconf 84' lang='lat' dir='ltr'><strong>cantaturi</strong></span> <span class='ocrx_word' id='word_1_76' title='bbox 1081 559 1265 603; x_wconf 83' lang='lat' dir='ltr'><strong>silebant</strong></span> <span class='ocrx_word' id='word_1_77' title='bbox 1286 559 1443 601; x_wconf 85' lang='lat' dir='ltr'><strong>adhuc.</strong></span> <span class='ocrx_word' id='word_1_78' title='bbox 1464 557 1563 602; x_wconf 85' lang='lat' dir='ltr'><strong>Cla-</strong></span> 
     </span>
     <span class='ocr_line' id='line_1_12' title="bbox 318 615 1563 670; baseline -0.003 -10"><span class='ocrx_word' id='word_1_79' title='bbox 318 621 477 661; x_wconf 78' lang='lat' dir='ltr'><strong>·maturi</strong></span> <span class='ocrx_word' id='word_1_80' title='bbox 500 625 642 660; x_wconf 65' lang='lat' dir='ltr'><strong>tamen</strong></span> <span class='ocrx_word' id='word_1_81' title='bbox 667 624 806 666; x_wconf 80' lang='lat' dir='ltr'><strong>erant,</strong></span> <span class='ocrx_word' id='word_1_82' title='bbox 830 623 874 660; x_wconf 82' lang='lat' dir='ltr'><strong>et</strong></span> <span class='ocrx_word' id='word_1_83' title='bbox 914 616 958 659; x_wconf 83' lang='grc' dir='ltr'><strong>ιιι</strong></span> <span class='ocrx_word' id='word_1_84' title='bbox 989 621 1175 662; x_wconf 83' lang='lat' dir='ltr'><strong>tantum,</strong></span> <span class='ocrx_word' id='word_1_85' title='bbox 1198 616 1314 670; x_wconf 77' lang='lat' dir='ltr'><strong>quod</strong></span> <span class='ocrx_word' id='word_1_86' title='bbox 1340 615 1382 656; x_wconf 84' lang='lat' dir='ltr'><strong>in</strong></span> <span class='ocrx_word' id='word_1_87' title='bbox 1402 627 1563 656; x_wconf 84' lang='lat' dir='ltr'><strong>omnem</strong></span> 
     </span>
     <span class='ocr_line' id='line_1_13' title="bbox 318 671 1564 726; baseline -0.003 -11"><span class='ocrx_word' id='word_1_88' title='bbox 318 682 472 716; x_wconf 77' lang='lat' dir='ltr'><strong>terrum</strong></span> <span class='ocrx_word' id='word_1_89' title='bbox 509 673 639 716; x_wconf 66' lang='lat' dir='ltr'><strong>ericii</strong></span> <span class='ocrx_word' id='word_1_90' title='bbox 678 686 805 715; x_wconf 76' lang='lat' dir='ltr'><strong>soum</strong></span> <span class='ocrx_word' id='word_1_91' title='bbox 844 684 1002 719; x_wconf 72' lang='lat' dir='ltr'><strong>comm,</strong></span> <span class='ocrx_word' id='word_1_92' title='bbox 1031 671 1138 714; x_wconf 81' lang='lat' dir='ltr'><strong>etin</strong></span> <span class='ocrx_word' id='word_1_93' title='bbox 1161 671 1262 726; x_wconf 68' lang='lat' dir='ltr'><strong>{ines</strong></span> <span class='ocrx_word' id='word_1_94' title='bbox 1301 671 1414 712; x_wconf 77' lang='lat' dir='ltr'><strong>orbis</strong></span> <span class='ocrx_word' id='word_1_95' title='bbox 1441 677 1564 712; x_wconf 77' lang='lat' dir='ltr'><strong>terrae</strong></span> 
     </span>
     <span class='ocr_line' id='line_1_14' title="bbox 318 726 1565 784; baseline -0.004 -12"><span class='ocrx_word' id='word_1_96' title='bbox 318 731 438 772; x_wconf 77' lang='lat' dir='ltr'><strong>rerba</strong></span> <span class='ocrx_word' id='word_1_97' title='bbox 457 741 597 771; x_wconf 67' lang='lat' dir='ltr'><strong>corum</strong></span> <span class='ocrx_word' id='word_1_98' title='bbox 620 726 758 782; x_wconf 72' lang='lat' dir='ltr'><strong>(Psat.</strong></span> <span class='ocrx_word' id='word_1_99' title='bbox 788 728 930 784; x_wconf 73' lang='lat' dir='ltr'><strong>xwu).</strong></span> <span class='ocrx_word' id='word_1_100' title='bbox 951 726 1108 770; x_wconf 79' lang='lat' dir='ltr'><strong>Annon</strong></span> <span class='ocrx_word' id='word_1_101' title='bbox 1131 726 1206 771; x_wconf 85' lang='lat' dir='ltr'><strong>tibi</strong></span> <span class='ocrx_word' id='word_1_102' title='bbox 1230 726 1370 780; x_wconf 78' lang='lat' dir='ltr'><strong>gallus</strong></span> <span class='ocrx_word' id='word_1_103' title='bbox 1392 726 1565 768; x_wconf 84' lang='lat' dir='ltr'><strong>videtur</strong></span> 
     </span>
     <span class='ocr_line' id='line_1_15' title="bbox 319 780 1562 840; baseline -0.001 -14"><span class='ocrx_word' id='word_1_104' title='bbox 319 787 391 840; x_wconf 72' lang='lat' dir='ltr'><strong>qui</strong></span> <span class='ocrx_word' id='word_1_105' title='bbox 413 787 471 826; x_wconf 78' lang='lat' dir='ltr'><strong>ait</strong></span> <span class='ocrx_word' id='word_1_106' title='bbox 489 801 497 827; x_wconf 73' lang='grc' dir='ltr'>ε</span> <span class='ocrx_word' id='word_1_107' title='bbox 518 782 871 839; x_wconf 64' lang='grc' dir='ltr'><strong>Ευίςίίαιε,]“ιιειι’.</strong></span> <span class='ocrx_word' id='word_1_108' title='bbox 889 791 927 826; x_wconf 81' lang='lat' dir='ltr'><strong>et</strong></span> <span class='ocrx_word' id='word_1_109' title='bbox 951 782 1079 826; x_wconf 66' lang='lat' dir='ltr'><strong>»nolite</strong></span> <span class='ocrx_word' id='word_1_110' title='bbox 1094 780 1562 837; x_wconf 71' lang='lat' dir='ltr'><strong>peccateP(1Cor.xv.)</strong></span> 
     </span>
     <span class='ocr_line' id='line_1_16' title="bbox 241 837 1565 893; baseline -0.004 -10"><span class='ocrx_word' id='word_1_111' title='bbox 241 880 243 883; x_wconf 86' lang='lat'><strong>.</strong></span> <span class='ocrx_word' id='word_1_112' title='bbox 316 841 368 883; x_wconf 77' lang='lat' dir='ltr'><strong>Et</strong></span> <span class='ocrx_word' id='word_1_113' title='bbox 393 842 547 884; x_wconf 71' lang='lat' dir='ltr'><strong>iterum</strong></span> <span class='ocrx_word' id='word_1_114' title='bbox 572 855 582 883; x_wconf 90' lang='lat'>:</span> <span class='ocrx_word' id='word_1_115' title='bbox 607 837 705 882; x_wconf 74' lang='lat' dir='ltr'><strong>Nox</strong></span> <span class='ocrx_word' id='word_1_116' title='bbox 754 840 938 882; x_wconf 66' lang='lat' dir='ltr'><strong>rancessit</strong></span> <span class='ocrx_word' id='word_1_117' title='bbox 954 870 966 889; x_wconf 88' lang='lat'><strong>‚</strong></span> <span class='ocrx_word' id='word_1_118' title='bbox 983 837 1076 881; x_wconf 78' lang='lat' dir='ltr'><strong>dies</strong></span> <span class='ocrx_word' id='word_1_119' title='bbox 1101 847 1239 881; x_wconf 68' lang='lat' dir='ltr'><strong>auwm</strong></span> <span class='ocrx_word' id='word_1_120' title='bbox 1262 838 1565 893; x_wconf 81' lang='lat' dir='ltr'><strong>appropinqua-</strong></span> 
     </span>
    </p>

    <p class='ocr_par' dir='ltr' id='par_1_6' title="bbox 314 852 1564 1219">
     <span class='ocr_line' id='line_1_17' title="bbox 316 852 1562 953; baseline -0.003 -14"><span class='ocrx_word' id='word_1_121' title='bbox 316 899 371 939; x_wconf 64' lang='lat' dir='ltr'><strong>rit</strong></span> <span class='ocrx_word' id='word_1_122' title='bbox 395 896 532 953; x_wconf 76' lang='lat' dir='ltr'><strong>(Ilum.</strong></span> <span class='ocrx_word' id='word_1_123' title='bbox 557 895 676 950; x_wconf 80' lang='lat' dir='ltr'><strong>xm).</strong></span> <span class='ocrx_word' id='word_1_124' title='bbox 695 852 915 939; x_wconf 41' lang='lat' dir='ltr'><strong>istisin-bant</strong></span> <span class='ocrx_word' id='word_1_125' title='bbox 943 894 1131 938; x_wconf 84' lang='lat' dir='ltr'><strong>medium</strong></span> <span class='ocrx_word' id='word_1_126' title='bbox 1146 900 1303 937; x_wconf 85' lang='lat' dir='ltr'><strong>cuncta</strong></span> <span class='ocrx_word' id='word_1_127' title='bbox 1322 893 1562 944; x_wconf 86' lang='lat' dir='ltr'><strong>silentium,</strong></span> 
     </span>
     <span class='ocr_line' id='line_1_18' title="bbox 317 949 1563 1010; baseline -0.006 -14"><span class='ocrx_word' id='word_1_128' title='bbox 317 953 535 1010; x_wconf 48' lang='lat' dir='ltr'><strong>prophetie</strong></span> <span class='ocrx_word' id='word_1_129' title='bbox 554 952 626 1006; x_wconf 85' lang='lat' dir='ltr'><strong>qui</strong></span> <span class='ocrx_word' id='word_1_130' title='bbox 657 951 966 999; x_wconf 68' lang='lat' dir='ltr'><strong>(laniaverant,</strong></span> <span class='ocrx_word' id='word_1_131' title='bbox 1003 956 1047 994; x_wconf 87' lang='lat' dir='ltr'><strong>et</strong></span> <span class='ocrx_word' id='word_1_132' title='bbox 1080 950 1283 1006; x_wconf 80' lang='lat' dir='ltr'><strong>apostoli,</strong></span> <span class='ocrx_word' id='word_1_133' title='bbox 1301 950 1375 1005; x_wconf 86' lang='lat' dir='ltr'><strong>qui</strong></span> <span class='ocrx_word' id='word_1_134' title='bbox 1397 949 1563 992; x_wconf 82' lang='lat' dir='ltr'><strong>cluina-</strong></span> 
     </span>
     <span class='ocr_line' id='line_1_19' title="bbox 315 1005 1564 1051; baseline -0.002 -1"><span class='ocrx_word' id='word_1_135' title='bbox 315 1017 400 1051; x_wconf 86' lang='lat' dir='ltr'><strong>turi</strong></span> <span class='ocrx_word' id='word_1_136' title='bbox 442 1014 580 1051; x_wconf 60' lang='lat' dir='ltr'><strong>&lt;fi-aut.</strong></span> <span class='ocrx_word' id='word_1_137' title='bbox 624 1006 853 1050; x_wconf 74' lang='lat' dir='ltr'><strong>Silentium</strong></span> <span class='ocrx_word' id='word_1_138' title='bbox 882 1011 1028 1049; x_wconf 83' lang='lat' dir='ltr'><strong>autem</strong></span> <span class='ocrx_word' id='word_1_139' title='bbox 1057 1005 1140 1048; x_wconf 84' lang='lat' dir='ltr'><strong>hoc</strong></span> <span class='ocrx_word' id='word_1_140' title='bbox 1183 1005 1371 1049; x_wconf 82' lang='lat' dir='ltr'><strong>medium</strong></span> <span class='ocrx_word' id='word_1_141' title='bbox 1405 1011 1444 1048; x_wconf 87' lang='lat' dir='ltr'><strong>et</strong></span> <span class='ocrx_word' id='word_1_142' title='bbox 1472 1016 1564 1048; x_wconf 84' lang='lat' dir='ltr'><strong>me-</strong></span> 
     </span>
     <span class='ocr_line' id='line_1_20' title="bbox 315 1060 1564 1112; baseline -0.002 -7"><span class='ocrx_word' id='word_1_143' title='bbox 315 1066 443 1106; x_wconf 78' lang='lat' dir='ltr'><strong>dians</strong></span> <span class='ocrx_word' id='word_1_144' title='bbox 467 1068 558 1107; x_wconf 83' lang='lat' dir='ltr'><strong>erat</strong></span> <span class='ocrx_word' id='word_1_145' title='bbox 584 1063 696 1107; x_wconf 85' lang='lat' dir='ltr'><strong>inter</strong></span> <span class='ocrx_word' id='word_1_146' title='bbox 715 1063 928 1106; x_wconf 84' lang='lat' dir='ltr'><strong>clamores</strong></span> <span class='ocrx_word' id='word_1_147' title='bbox 946 1061 1191 1112; x_wconf 81' lang='lat' dir='ltr'><strong>amborum,</strong></span> <span class='ocrx_word' id='word_1_148' title='bbox 1218 1066 1452 1110; x_wconf 85' lang='lat' dir='ltr'><strong>eteorum,</strong></span> <span class='ocrx_word' id='word_1_149' title='bbox 1474 1060 1564 1102; x_wconf 87' lang='lat' dir='ltr'><strong>sei-</strong></span> 
     </span>
     <span class='ocr_line' id='line_1_21' title="bbox 315 1117 1564 1174; baseline -0.003 -11"><span class='ocrx_word' id='word_1_150' title='bbox 315 1122 430 1169; x_wconf 83' lang='lat' dir='ltr'><strong>licet,</strong></span> <span class='ocrx_word' id='word_1_151' title='bbox 472 1118 544 1174; x_wconf 83' lang='lat' dir='ltr'><strong>qui</strong></span> <span class='ocrx_word' id='word_1_152' title='bbox 567 1120 875 1170; x_wconf 76' lang='lat' dir='ltr'><strong>clamaverant,</strong></span> <span class='ocrx_word' id='word_1_153' title='bbox 894 1126 935 1161; x_wconf 88' lang='lat' dir='ltr'><strong>et</strong></span> <span class='ocrx_word' id='word_1_154' title='bbox 966 1129 1134 1168; x_wconf 88' lang='lat' dir='ltr'><strong>eorum,</strong></span> <span class='ocrx_word' id='word_1_155' title='bbox 1168 1117 1244 1174; x_wconf 89' lang='lat' dir='ltr'><strong>qui</strong></span> <span class='ocrx_word' id='word_1_156' title='bbox 1273 1129 1351 1173; x_wconf 89' lang='lat' dir='ltr'><strong>pro</strong></span> <span class='ocrx_word' id='word_1_157' title='bbox 1387 1118 1564 1160; x_wconf 68' lang='lat' dir='ltr'><strong>Christo</strong></span> 
     </span>
     <span class='ocr_line' id='line_1_22' title="bbox 314 1177 710 1219; baseline -0.005 0"><span class='ocrx_word' id='word_1_158' title='bbox 314 1177 544 1219; x_wconf 79' lang='lat' dir='ltr'><strong>clamaturi</strong></span> <span class='ocrx_word' id='word_1_159' title='bbox 570 1181 710 1217; x_wconf 79' lang='lat' dir='ltr'><strong>erant.</strong></span> 
     </span>
    </p>
   </div>
   <div class='ocr_carea' id='block_1_6' title="bbox 1642 224 2895 1231">
    <p class='ocr_par' dir='ltr' id='par_1_7' title="bbox 1642 224 2895 1231">
     <span class='ocr_line' id='line_1_23' title="bbox 1651 224 2893 281; baseline 0.004 -11"><span class='ocrx_word' id='word_1_160' title='bbox 1651 226 1799 270; x_wconf 76' lang='lat' dir='ltr'><strong>videre</strong></span> <span class='ocrx_word' id='word_1_161' title='bbox 1823 224 1985 270; x_wconf 75' lang='lat' dir='ltr'><strong>Deum?</strong></span> <span class='ocrx_word' id='word_1_162' title='bbox 2005 225 2155 270; x_wconf 82' lang='lat' dir='ltr'>Nonne</span> <span class='ocrx_word' id='word_1_163' title='bbox 2174 226 2332 281; x_wconf 76' lang='lat' dir='ltr'><strong>legitur</strong></span> <span class='ocrx_word' id='word_1_164' title='bbox 2352 240 2362 268; x_wconf 71' lang='grc' dir='ltr'>ε</span> <span class='ocrx_word' id='word_1_165' title='bbox 2391 226 2521 270; x_wconf 83' lang='lat' dir='ltr'><strong>Deum</strong></span> <span class='ocrx_word' id='word_1_166' title='bbox 2547 242 2664 272; x_wconf 83' lang='lat' dir='ltr'><strong>nemo</strong></span> <span class='ocrx_word' id='word_1_167' title='bbox 2696 231 2795 274; x_wconf 71' lang='lat' dir='ltr'><strong>vidit</strong></span> <span class='ocrx_word' id='word_1_168' title='bbox 2818 246 2893 276; x_wconf 78' lang='lat' dir='ltr'><strong>im·</strong></span> 
     </span>
     <span class='ocr_line' id='line_1_24' title="bbox 1644 280 2893 337; baseline 0.008 -15"><span class='ocrx_word' id='word_1_169' title='bbox 1644 294 1769 336; x_wconf 77' lang='lat' dir='ltr'><strong>quam</strong></span> <span class='ocrx_word' id='word_1_170' title='bbox 1787 283 1807 325; x_wconf 71' lang='lat'><em>2</em></span> <span class='ocrx_word' id='word_1_171' title='bbox 1825 280 1967 337; x_wconf 73' lang='lat' dir='ltr'><strong>(loun.</strong></span> <span class='ocrx_word' id='word_1_172' title='bbox 1995 282 2046 329; x_wconf 65' lang='grc' dir='ltr'><strong>ι.)</strong></span> <span class='ocrx_word' id='word_1_173' title='bbox 2070 281 2120 324; x_wconf 88' lang='grc' dir='ltr'><strong>Ει</strong></span> <span class='ocrx_word' id='word_1_174' title='bbox 2141 297 2153 326; x_wconf 74' lang='lat' dir='ltr'><strong>t</strong></span> <span class='ocrx_word' id='word_1_175' title='bbox 2176 282 2288 325; x_wconf 73' lang='lat' dir='ltr'><strong>Vivet</strong></span> <span class='ocrx_word' id='word_1_176' title='bbox 2305 282 2445 336; x_wconf 75' lang='lat' dir='ltr'><strong>homo,</strong></span> <span class='ocrx_word' id='word_1_177' title='bbox 2466 291 2505 326; x_wconf 80' lang='lat' dir='ltr'><strong>et</strong></span> <span class='ocrx_word' id='word_1_178' title='bbox 2524 297 2605 327; x_wconf 79' lang='lat' dir='ltr'><strong>non</strong></span> <span class='ocrx_word' id='word_1_179' title='bbox 2629 284 2776 329; x_wconf 75' lang='lat' dir='ltr'><strong>videbit</strong></span> <span class='ocrx_word' id='word_1_180' title='bbox 2798 292 2893 334; x_wconf 73' lang='lat' dir='ltr'><strong>nie!</strong></span> 
     </span>
     <span class='ocr_line' id='line_1_25' title="bbox 1647 335 2893 394; baseline 0.007 -15"><span class='ocrx_word' id='word_1_181' title='bbox 1647 335 1803 389; x_wconf 69' lang='lat' dir='ltr'><strong>(Ea-od.</strong></span> <span class='ocrx_word' id='word_1_182' title='bbox 1836 336 2011 394; x_wconf 72' lang='lat' dir='ltr'><strong>xxxin.)</strong></span> <span class='ocrx_word' id='word_1_183' title='bbox 2037 336 2121 381; x_wconf 89' lang='lat' dir='ltr'><strong>Sed</strong></span> <span class='ocrx_word' id='word_1_184' title='bbox 2162 338 2415 388; x_wconf 85' lang='lat' dir='ltr'><strong>sciendum,</strong></span> <span class='ocrx_word' id='word_1_185' title='bbox 2449 351 2545 382; x_wconf 88' lang='lat' dir='ltr'><strong>cum</strong></span> <span class='ocrx_word' id='word_1_186' title='bbox 2569 341 2699 383; x_wconf 78' lang='lat' dir='ltr'><strong>homo</strong></span> <span class='ocrx_word' id='word_1_187' title='bbox 2737 343 2893 388; x_wconf 82' lang='lat' dir='ltr'><strong>habeat</strong></span> 
     </span>
     <span class='ocr_line' id='line_1_26' title="bbox 1645 392 2892 453; baseline 0.006 -19"><span class='ocrx_word' id='word_1_188' title='bbox 1645 392 1756 436; x_wconf 89' lang='lat' dir='ltr'><strong>duos</strong></span> <span class='ocrx_word' id='word_1_189' title='bbox 1794 392 1944 435; x_wconf 86' lang='lat' dir='ltr'><strong>oculos</strong></span> <span class='ocrx_word' id='word_1_190' title='bbox 1980 393 2197 450; x_wconf 75' lang='lat' dir='ltr'><strong>corporis.</strong></span> <span class='ocrx_word' id='word_1_191' title='bbox 2227 395 2389 447; x_wconf 76' lang='lat' dir='ltr'><strong>quibus</strong></span> <span class='ocrx_word' id='word_1_192' title='bbox 2419 395 2566 451; x_wconf 73' lang='lat' dir='ltr'><strong>utique</strong></span> <span class='ocrx_word' id='word_1_193' title='bbox 2601 395 2754 449; x_wconf 80' lang='lat' dir='ltr'><strong>Deum,</strong></span> <span class='ocrx_word' id='word_1_194' title='bbox 2790 400 2892 453; x_wconf 80' lang='lat' dir='ltr'><strong>quia</strong></span> 
     </span>
     <span class='ocr_line' id='line_1_27' title="bbox 1645 448 2892 507; baseline 0.006 -17"><span class='ocrx_word' id='word_1_195' title='bbox 1645 449 1827 503; x_wconf 75' lang='lat' dir='ltr'><strong>spiritus</strong></span> <span class='ocrx_word' id='word_1_196' title='bbox 1843 453 1927 499; x_wconf 87' lang='lat' dir='ltr'><strong>est,</strong></span> <span class='ocrx_word' id='word_1_197' title='bbox 1952 448 2099 493; x_wconf 71' lang='lat' dir='ltr'><strong>videre</strong></span> <span class='ocrx_word' id='word_1_198' title='bbox 2124 461 2209 492; x_wconf 87' lang='grc' dir='ltr'><strong>ιιοιι</strong></span> <span class='ocrx_word' id='word_1_199' title='bbox 2229 451 2386 505; x_wconf 83' lang='lat' dir='ltr'><strong>possit,</strong></span> <span class='ocrx_word' id='word_1_200' title='bbox 2413 450 2527 507; x_wconf 80' lang='lat' dir='ltr'><strong>(cum</strong></span> <span class='ocrx_word' id='word_1_201' title='bbox 2553 463 2632 495; x_wconf 87' lang='lat' dir='ltr'><strong>nec</strong></span> <span class='ocrx_word' id='word_1_202' title='bbox 2653 454 2783 496; x_wconf 89' lang='lat' dir='ltr'><strong>etiam</strong></span> <span class='ocrx_word' id='word_1_203' title='bbox 2809 465 2892 498; x_wconf 83' lang='lat' dir='ltr'><strong>an-</strong></span> 
     </span>
     <span class='ocr_line' id='line_1_28' title="bbox 1643 504 2892 558; baseline 0.007 -13"><span class='ocrx_word' id='word_1_204' title='bbox 1643 505 1780 557; x_wconf 83' lang='lat' dir='ltr'><strong>gelus,</strong></span> <span class='ocrx_word' id='word_1_205' title='bbox 1817 515 1897 547; x_wconf 87' lang='lat' dir='ltr'><strong>nec</strong></span> <span class='ocrx_word' id='word_1_206' title='bbox 1922 504 2108 556; x_wconf 79' lang='lat' dir='ltr'><strong>animas)</strong></span> <span class='ocrx_word' id='word_1_207' title='bbox 2132 505 2262 549; x_wconf 83' lang='lat' dir='ltr'><strong>habet</strong></span> <span class='ocrx_word' id='word_1_208' title='bbox 2297 507 2408 550; x_wconf 88' lang='lat' dir='ltr'><strong>duos</strong></span> <span class='ocrx_word' id='word_1_209' title='bbox 2441 505 2686 558; x_wconf 85' lang='lat' dir='ltr'><strong>interiores,</strong></span> <span class='ocrx_word' id='word_1_210' title='bbox 2719 509 2815 553; x_wconf 88' lang='lat' dir='ltr'><strong>lidei</strong></span> <span class='ocrx_word' id='word_1_211' title='bbox 2848 516 2892 554; x_wconf 80' lang='lat' dir='ltr'><strong>et</strong></span> 
     </span>
     <span class='ocr_line' id='line_1_29' title="bbox 1645 558 2892 618; baseline 0.007 -18"><span class='ocrx_word' id='word_1_212' title='bbox 1645 558 1915 606; x_wconf 73' lang='lat' dir='ltr'><strong>dilectionis,</strong></span> <span class='ocrx_word' id='word_1_213' title='bbox 1986 560 2112 605; x_wconf 87' lang='lat' dir='ltr'><strong>uibus</strong></span> <span class='ocrx_word' id='word_1_214' title='bbox 2153 561 2269 605; x_wconf 85' lang='lat' dir='ltr'><strong>videt</strong></span> <span class='ocrx_word' id='word_1_215' title='bbox 2313 561 2444 604; x_wconf 84' lang='lat' dir='ltr'><strong>Deum</strong></span> <span class='ocrx_word' id='word_1_216' title='bbox 2486 574 2559 616; x_wconf 85' lang='lat' dir='ltr'><strong>per</strong></span> <span class='ocrx_word' id='word_1_217' title='bbox 2597 564 2809 618; x_wconf 74' lang='lat' dir='ltr'><strong>speculum</strong></span> <span class='ocrx_word' id='word_1_218' title='bbox 2847 566 2892 610; x_wconf 79' lang='lat' dir='ltr'><strong>iu</strong></span> 
     </span>
     <span class='ocr_line' id='line_1_30' title="bbox 1645 613 2895 677; baseline 0.007 -21"><span class='ocrx_word' id='word_1_219' title='bbox 1645 617 1865 671; x_wconf 70' lang='lat' dir='ltr'><strong>oeniqmate</strong></span> <span class='ocrx_word' id='word_1_220' title='bbox 1882 613 1926 670; x_wconf 84' lang='grc'><strong>(1</strong></span> <span class='ocrx_word' id='word_1_221' title='bbox 1989 629 2053 659; x_wconf 77' lang='lat' dir='ltr'><strong>or.</strong></span> <span class='ocrx_word' id='word_1_222' title='bbox 2075 616 2192 669; x_wconf 80' lang='lat' dir='ltr'><strong>xin),</strong></span> <span class='ocrx_word' id='word_1_223' title='bbox 2216 624 2263 659; x_wconf 89' lang='lat' dir='ltr'><strong>ut</strong></span> <span class='ocrx_word' id='word_1_224' title='bbox 2288 623 2386 673; x_wconf 75' lang='lat' dir='ltr'><strong>post</strong></span> <span class='ocrx_word' id='word_1_225' title='bbox 2418 617 2562 661; x_wconf 84' lang='lat' dir='ltr'><strong>videat</strong></span> <span class='ocrx_word' id='word_1_226' title='bbox 2586 617 2678 673; x_wconf 85' lang='lat' dir='ltr'><strong>ipsa</strong></span> <span class='ocrx_word' id='word_1_227' title='bbox 2711 632 2773 670; x_wconf 87' lang='lat' dir='ltr'><strong>re,</strong></span> <span class='ocrx_word' id='word_1_228' title='bbox 2798 633 2895 677; x_wconf 72' lang='lat' dir='ltr'><strong>quai</strong></span> 
     </span>
     <span class='ocr_line' id='line_1_31' title="bbox 1644 670 2893 727; baseline 0.008 -14"><span class='ocrx_word' id='word_1_229' title='bbox 1644 678 1709 714; x_wconf 90' lang='lat' dir='ltr'><strong>est</strong></span> <span class='ocrx_word' id='word_1_230' title='bbox 1737 671 1821 715; x_wconf 87' lang='lat' dir='ltr'><strong>vita</strong></span> <span class='ocrx_word' id='word_1_231' title='bbox 1845 677 2022 715; x_wconf 81' lang='lat' dir='ltr'><strong>aeterna.</strong></span> <span class='ocrx_word' id='word_1_232' title='bbox 2046 670 2149 715; x_wconf 79' lang='lat' dir='ltr'><strong>Hoec</strong></span> <span class='ocrx_word' id='word_1_233' title='bbox 2178 679 2242 715; x_wconf 81' lang='lat' dir='ltr'><strong>est</strong></span> <span class='ocrx_word' id='word_1_234' title='bbox 2280 675 2392 716; x_wconf 80' lang='lat' dir='ltr'><strong>euim</strong></span> <span class='ocrx_word' id='word_1_235' title='bbox 2416 673 2499 715; x_wconf 82' lang='lat' dir='ltr'><strong>rita</strong></span> <span class='ocrx_word' id='word_1_236' title='bbox 2537 680 2711 727; x_wconf 81' lang='lat' dir='ltr'><strong>aeterna,</strong></span> <span class='ocrx_word' id='word_1_237' title='bbox 2742 683 2789 719; x_wconf 78' lang='lat' dir='ltr'><strong>ut</strong></span> <span class='ocrx_word' id='word_1_238' title='bbox 2821 690 2893 723; x_wconf 80' lang='lat' dir='ltr'><strong>co-.</strong></span> 
     </span>
     <span class='ocr_line' id='line_1_32' title="bbox 1643 725 2893 783; baseline 0.003 -15"><span class='ocrx_word' id='word_1_239' title='bbox 1643 732 1847 781; x_wconf 67' lang='lat' dir='ltr'><strong>quoscum</strong></span> <span class='ocrx_word' id='word_1_240' title='bbox 1892 733 1929 768; x_wconf 80' lang='lat' dir='ltr'><strong>te</strong></span> <span class='ocrx_word' id='word_1_241' title='bbox 1969 725 2115 783; x_wconf 81' lang='lat' dir='ltr'><strong>(Joan.</strong></span> <span class='ocrx_word' id='word_1_242' title='bbox 2138 727 2262 783; x_wconf 72' lang='lat' dir='ltr'><strong>xvii).</strong></span> <span class='ocrx_word' id='word_1_243' title='bbox 2294 727 2403 772; x_wconf 84' lang='lat' dir='ltr'><strong>Cum</strong></span> <span class='ocrx_word' id='word_1_244' title='bbox 2430 741 2533 772; x_wconf 83' lang='lat' dir='ltr'><strong>vero</strong></span> <span class='ocrx_word' id='word_1_245' title='bbox 2574 730 2657 773; x_wconf 84' lang='lat' dir='ltr'><strong>ista</strong></span> <span class='ocrx_word' id='word_1_246' title='bbox 2687 731 2800 774; x_wconf 84' lang='lat' dir='ltr'><strong>visin</strong></span> <span class='ocrx_word' id='word_1_247' title='bbox 2834 734 2893 778; x_wconf 80' lang='lat' dir='ltr'><strong>sit</strong></span> 
     </span>
     <span class='ocr_line' id='line_1_33' title="bbox 1645 782 2894 840; baseline 0.006 -16"><span class='ocrx_word' id='word_1_248' title='bbox 1645 783 1769 837; x_wconf 81' lang='lat' dir='ltr'>quasi</span> <span class='ocrx_word' id='word_1_249' title='bbox 1815 782 2015 826; x_wconf 85' lang='lat' dir='ltr'><strong>meritum</strong></span> <span class='ocrx_word' id='word_1_250' title='bbox 2032 811 2046 835; x_wconf 83' lang='grc'><em>,</em></span> <span class='ocrx_word' id='word_1_251' title='bbox 2082 783 2155 826; x_wconf 88' lang='lat' dir='ltr'><strong>illa</strong></span> <span class='ocrx_word' id='word_1_252' title='bbox 2191 784 2414 839; x_wconf 64' lang='lat' dir='ltr'><strong>praemium</strong></span> <span class='ocrx_word' id='word_1_253' title='bbox 2433 816 2443 835; x_wconf 92' lang='lat'><strong>‚</strong></span> <span class='ocrx_word' id='word_1_254' title='bbox 2469 784 2636 840; x_wconf 78' lang='lat' dir='ltr'><strong>quando</strong></span> <span class='ocrx_word' id='word_1_255' title='bbox 2663 784 2894 832; x_wconf 60' lang='lat' dir='ltr'><strong>videbimus</strong></span> 
     </span>
     <span class='ocr_line' id='line_1_34' title="bbox 1645 837 2895 896; baseline 0.008 -16"><span class='ocrx_word' id='word_1_256' title='bbox 1645 839 1752 892; x_wconf 71' lang='lat' dir='ltr'><strong>[acie</strong></span> <span class='ocrx_word' id='word_1_257' title='bbox 1785 837 1839 882; x_wconf 76' lang='lat' dir='ltr'><strong>ad</strong></span> <span class='ocrx_word' id='word_1_258' title='bbox 1872 837 2022 893; x_wconf 71' lang='lat' dir='ltr'><strong>[aciem</strong></span> <span class='ocrx_word' id='word_1_259' title='bbox 2053 837 2096 895; x_wconf 89' lang='lat'><strong>(1</strong></span> <span class='ocrx_word' id='word_1_260' title='bbox 2120 838 2223 884; x_wconf 83' lang='lat' dir='ltr'><strong>Cor.</strong></span> <span class='ocrx_word' id='word_1_261' title='bbox 2246 840 2371 896; x_wconf 82' lang='lat' dir='ltr'><strong>xm),</strong></span> <span class='ocrx_word' id='word_1_262' title='bbox 2400 852 2501 883; x_wconf 81' lang='lat' dir='ltr'><strong>ecce</strong></span> <span class='ocrx_word' id='word_1_263' title='bbox 2533 841 2586 885; x_wconf 87' lang='lat' dir='ltr'><strong>de</strong></span> <span class='ocrx_word' id='word_1_264' title='bbox 2613 843 2789 887; x_wconf 79' lang='lat' dir='ltr'><strong>nomi-ne</strong></span> <span class='ocrx_word' id='word_1_265' title='bbox 2818 855 2895 890; x_wconf 69' lang='lat' dir='ltr'><strong>oo·</strong></span> 
     </span>
     <span class='ocr_line' id='line_1_35' title="bbox 1645 893 2894 950; baseline 0.007 -15"><span class='ocrx_word' id='word_1_266' title='bbox 1645 894 1839 938; x_wconf 77' lang='lat' dir='ltr'><strong>tenditur</strong></span> <span class='ocrx_word' id='word_1_267' title='bbox 1860 893 1965 950; x_wconf 88' lang='lat' dir='ltr'><strong>quid</strong></span> <span class='ocrx_word' id='word_1_268' title='bbox 1987 894 2221 940; x_wconf 73' lang='lat' dir='ltr'>debeamus</span> <span class='ocrx_word' id='word_1_269' title='bbox 2245 895 2402 939; x_wconf 78' lang='lat' dir='ltr'><strong>facere.</strong></span> <span class='ocrx_word' id='word_1_270' title='bbox 2425 895 2591 939; x_wconf 74' lang='lat' dir='ltr'><strong>Dicitur</strong></span> <span class='ocrx_word' id='word_1_271' title='bbox 2622 900 2756 943; x_wconf 84' lang='lat' dir='ltr'><strong>enim.</strong></span> <span class='ocrx_word' id='word_1_272' title='bbox 2779 899 2894 945; x_wconf 70' lang='lat' dir='ltr'><strong>Auiti</strong></span> 
     </span>
     <span class='ocr_line' id='line_1_36' title="bbox 1642 950 2890 1006; baseline 0.008 -16"><span class='ocrx_word' id='word_1_273' title='bbox 1642 957 1864 1006; x_wconf 59' lang='lat' dir='ltr'><strong>proeceptaen</strong></span> <span class='ocrx_word' id='word_1_274' title='bbox 1891 961 1972 994; x_wconf 86' lang='lat' dir='ltr'><strong>nee</strong></span> <span class='ocrx_word' id='word_1_275' title='bbox 2009 950 2149 994; x_wconf 88' lang='lat' dir='ltr'><strong>solum</strong></span> <span class='ocrx_word' id='word_1_276' title='bbox 2173 951 2291 1002; x_wconf 78' lang='lat' dir='ltr'><strong>audi,</strong></span> <span class='ocrx_word' id='word_1_277' title='bbox 2314 951 2389 995; x_wconf 80' lang='lat' dir='ltr'><strong>sed</strong></span> <span class='ocrx_word' id='word_1_278' title='bbox 2414 952 2545 995; x_wconf 76' lang='lat' dir='ltr'><strong>scribe</strong></span> <span class='ocrx_word' id='word_1_279' title='bbox 2563 953 2607 995; x_wconf 80' lang='lat' dir='ltr'><strong>in</strong></span> <span class='ocrx_word' id='word_1_280' title='bbox 2644 952 2768 997; x_wconf 81' lang='lat' dir='ltr'><strong>corde</strong></span> <span class='ocrx_word' id='word_1_281' title='bbox 2795 962 2890 1000; x_wconf 76' lang='lat' dir='ltr'><strong>tuo.-</strong></span> 
     </span>
     <span class='ocr_line' id='line_1_37' title="bbox 1646 1005 2895 1068; baseline 0.005 -20"><span class='ocrx_word' id='word_1_282' title='bbox 1646 1005 1728 1049; x_wconf 87' lang='lat' dir='ltr'><strong>Sed</strong></span> <span class='ocrx_word' id='word_1_283' title='bbox 1758 1006 1884 1058; x_wconf 77' lang='lat' dir='ltr'><strong>sorte,</strong></span> <span class='ocrx_word' id='word_1_284' title='bbox 1906 1006 2106 1063; x_wconf 83' lang='lat' dir='ltr'><strong>inquiunt</strong></span> <span class='ocrx_word' id='word_1_285' title='bbox 2129 1006 2261 1063; x_wconf 80' lang='lat' dir='ltr'>aliqui</span> <span class='ocrx_word' id='word_1_286' title='bbox 2287 1007 2399 1050; x_wconf 83' lang='lat' dir='ltr'><strong>inter</strong></span> <span class='ocrx_word' id='word_1_287' title='bbox 2424 1020 2502 1052; x_wconf 87' lang='lat' dir='ltr'><strong>nos</strong></span> <span class='ocrx_word' id='word_1_288' title='bbox 2529 1023 2540 1051; x_wconf 70' lang='grc' dir='ltr'><strong><em>ε</em></strong></span> <span class='ocrx_word' id='word_1_289' title='bbox 2563 1007 2785 1060; x_wconf 74' lang='lat' dir='ltr'><strong>Quomodo</strong></span> <span class='ocrx_word' id='word_1_290' title='bbox 2816 1024 2895 1068; x_wconf 74' lang='lat' dir='ltr'><strong>po-</strong></span> 
     </span>
     <span class='ocr_line' id='line_1_38' title="bbox 1644 1062 2891 1117; baseline 0.006 -13"><span class='ocrx_word' id='word_1_291' title='bbox 1644 1068 1727 1106; x_wconf 88' lang='lat' dir='ltr'><strong>test</strong></span> <span class='ocrx_word' id='word_1_292' title='bbox 1750 1063 1968 1115; x_wconf 80' lang='lat' dir='ltr'><strong>scrihere,</strong></span> <span class='ocrx_word' id='word_1_293' title='bbox 1988 1062 2062 1117; x_wconf 85' lang='lat' dir='ltr'><strong>qui</strong></span> <span class='ocrx_word' id='word_1_294' title='bbox 2086 1074 2174 1106; x_wconf 88' lang='lat' dir='ltr'><strong>non</strong></span> <span class='ocrx_word' id='word_1_295' title='bbox 2197 1063 2318 1106; x_wconf 83' lang='lat' dir='ltr'><strong>novit</strong></span> <span class='ocrx_word' id='word_1_296' title='bbox 2343 1063 2509 1107; x_wconf 79' lang='lat' dir='ltr'><strong>litteras</strong></span> <span class='ocrx_word' id='word_1_297' title='bbox 2533 1066 2599 1108; x_wconf 84' lang='lat' dir='ltr'><strong>vel</strong></span> <span class='ocrx_word' id='word_1_298' title='bbox 2623 1066 2755 1109; x_wconf 86' lang='lat' dir='ltr'><strong>libros</strong></span> <span class='ocrx_word' id='word_1_299' title='bbox 2774 1079 2891 1112; x_wconf 87' lang='lat' dir='ltr'><strong>com·</strong></span> 
     </span>
     <span class='ocr_line' id='line_1_39' title="bbox 1643 1118 2892 1175; baseline 0.006 -15"><span class='ocrx_word' id='word_1_300' title='bbox 1643 1129 1805 1172; x_wconf 79' lang='lat' dir='ltr'><strong>ponere</strong></span> <span class='ocrx_word' id='word_1_301' title='bbox 1819 1119 1840 1174; x_wconf 67' lang='lat'><strong>2</strong></span> <span class='ocrx_word' id='word_1_302' title='bbox 1859 1130 1945 1161; x_wconf 87' lang='lat' dir='ltr'><strong>non</strong></span> <span class='ocrx_word' id='word_1_303' title='bbox 1970 1118 2218 1175; x_wconf 85' lang='lat' dir='ltr'><strong>praecipitur</strong></span> <span class='ocrx_word' id='word_1_304' title='bbox 2239 1119 2280 1161; x_wconf 91' lang='lat' dir='ltr'><strong>iu</strong></span> <span class='ocrx_word' id='word_1_305' title='bbox 2298 1130 2570 1174; x_wconf 79' lang='lat' dir='ltr'><strong>pergameno,</strong></span> <span class='ocrx_word' id='word_1_306' title='bbox 2587 1121 2659 1164; x_wconf 66' lang='lat' dir='ltr'><strong>sed</strong></span> <span class='ocrx_word' id='word_1_307' title='bbox 2682 1123 2725 1164; x_wconf 92' lang='lat' dir='ltr'><strong>in</strong></span> <span class='ocrx_word' id='word_1_308' title='bbox 2744 1124 2892 1168; x_wconf 82' lang='lat' dir='ltr'><strong>corde.</strong></span> 
     </span>
     <span class='ocr_line' id='line_1_40' title="bbox 1644 1174 2892 1231; baseline 0.006 -16"><span class='ocrx_word' id='word_1_309' title='bbox 1644 1179 1692 1216; x_wconf 89' lang='lat' dir='ltr'><strong>ut</strong></span> <span class='ocrx_word' id='word_1_310' title='bbox 1711 1180 1811 1218; x_wconf 86' lang='lat' dir='ltr'><strong>ante</strong></span> <span class='ocrx_word' id='word_1_311' title='bbox 1834 1174 2011 1231; x_wconf 79' lang='lat' dir='ltr'><strong>liqueat,</strong></span> <span class='ocrx_word' id='word_1_312' title='bbox 2038 1175 2255 1230; x_wconf 89' lang='lat' dir='ltr'><strong>quomodo</strong></span> <span class='ocrx_word' id='word_1_313' title='bbox 2275 1179 2416 1231; x_wconf 84' lang='lat' dir='ltr'><strong>possis</strong></span> <span class='ocrx_word' id='word_1_314' title='bbox 2446 1175 2489 1217; x_wconf 90' lang='grc' dir='ltr'><strong>ιιι</strong></span> <span class='ocrx_word' id='word_1_315' title='bbox 2515 1174 2646 1221; x_wconf 86' lang='lat' dir='ltr'><strong>corde</strong></span> <span class='ocrx_word' id='word_1_316' title='bbox 2677 1179 2892 1227; x_wconf 64' lang='lat' dir='ltr'><strong>scribere.</strong></span> 
     </span>
    </p>
   </div>
   <div class='ocr_carea' id='block_1_7' title="bbox 372 1227 2896 1288">
    <p class='ocr_par' dir='ltr' id='par_1_8' title="bbox 372 1227 2896 1288">
     <span class='ocr_line' id='line_1_41' title="bbox 372 1227 2896 1288; baseline 0.001 -16"><span class='ocrx_word' id='word_1_317' title='bbox 372 1231 484 1273; x_wconf 76' lang='lat' dir='ltr'><strong>Dum</strong></span> <span class='ocrx_word' id='word_1_318' title='bbox 504 1231 634 1286; x_wconf 75' lang='lat' dir='ltr'><strong>iqitur</strong></span> <span class='ocrx_word' id='word_1_319' title='bbox 653 1228 831 1273; x_wconf 81' lang='lat' dir='ltr'><strong>medium</strong></span> <span class='ocrx_word' id='word_1_320' title='bbox 859 1228 1072 1271; x_wconf 74' lang='lat' dir='ltr'><strong>silentium</strong></span> <span class='ocrx_word' id='word_1_321' title='bbox 1089 1235 1270 1273; x_wconf 78' lang='lat' dir='ltr'><strong>tenerent</strong></span> <span class='ocrx_word' id='word_1_322' title='bbox 1295 1227 1451 1277; x_wconf 77' lang='lat' dir='ltr'><strong>omnia,</strong></span> <span class='ocrx_word' id='word_1_323' title='bbox 1475 1239 1564 1269; x_wconf 88' lang='lat' dir='ltr'><strong>om-</strong></span> <span class='ocrx_word' id='word_1_324' title='bbox 1589 1238 1622 1281; x_wconf 86' lang='lat' dir='ltr'>B</span> <span class='ocrx_word' id='word_1_325' title='bbox 1647 1228 1756 1272; x_wconf 87' lang='lat' dir='ltr'><strong>Audi</strong></span> <span class='ocrx_word' id='word_1_326' title='bbox 1782 1230 1880 1274; x_wconf 88' lang='lat' dir='ltr'><strong>libri</strong></span> <span class='ocrx_word' id='word_1_327' title='bbox 1909 1230 2287 1285; x_wconf 82' lang='lat' dir='ltr'><strong>compositionem,</strong></span> <span class='ocrx_word' id='word_1_328' title='bbox 2312 1238 2418 1274; x_wconf 87' lang='lat' dir='ltr'><strong>utet</strong></span> <span class='ocrx_word' id='word_1_329' title='bbox 2438 1233 2579 1275; x_wconf 82' lang='lat' dir='ltr'><strong>onmia</strong></span> <span class='ocrx_word' id='word_1_330' title='bbox 2606 1234 2648 1276; x_wconf 88' lang='lat' dir='ltr'><strong>in</strong></span> <span class='ocrx_word' id='word_1_331' title='bbox 2673 1235 2896 1288; x_wconf 70' lang='lat' dir='ltr'><strong>cordetuo</strong></span> 
     </span>
    </p>
   </div>
   <div class='ocr_carea' id='block_1_8' title="bbox 284 1282 1567 2289">
    <p class='ocr_par' dir='ltr' id='par_1_9' title="bbox 284 1282 1567 2289">
     <span class='ocr_line' id='line_1_42' title="bbox 320 1282 1564 1340; baseline -0.005 -9"><span class='ocrx_word' id='word_1_332' title='bbox 320 1288 508 1340; x_wconf 70' lang='lat' dir='ltr'><strong>uipntens</strong></span> <span class='ocrx_word' id='word_1_333' title='bbox 532 1299 685 1335; x_wconf 74' lang='lat' dir='ltr'><strong>sermo,</strong></span> <span class='ocrx_word' id='word_1_334' title='bbox 707 1286 748 1328; x_wconf 92' lang='lat' dir='ltr'><strong>id</strong></span> <span class='ocrx_word' id='word_1_335' title='bbox 785 1291 850 1329; x_wconf 80' lang='lat' dir='ltr'><strong>est</strong></span> <span class='ocrx_word' id='word_1_336' title='bbox 885 1283 1069 1329; x_wconf 81' lang='lat' dir='ltr'><strong>Verbum</strong></span> <span class='ocrx_word' id='word_1_337' title='bbox 1115 1284 1272 1333; x_wconf 80' lang='lat' dir='ltr'><strong>Patris,</strong></span> <span class='ocrx_word' id='word_1_338' title='bbox 1298 1298 1323 1326; x_wconf 81' lang='lat' dir='ltr'><strong>a</strong></span> <span class='ocrx_word' id='word_1_339' title='bbox 1354 1282 1564 1339; x_wconf 73' lang='lat' dir='ltr'><strong>reyalibus</strong></span> 
     </span>
     <span class='ocr_line' id='line_1_43' title="bbox 314 1339 1567 1397; baseline -0.004 -11"><span class='ocrx_word' id='word_1_340' title='bbox 314 1344 479 1386; x_wconf 67' lang='lat' dir='ltr'><strong>sedibus</strong></span> <span class='ocrx_word' id='word_1_341' title='bbox 506 1343 628 1386; x_wconf 77' lang='lat' dir='ltr'><strong>venit.</strong></span> <span class='ocrx_word' id='word_1_342' title='bbox 656 1341 708 1384; x_wconf 88' lang='lat' dir='ltr'><strong>Et</strong></span> <span class='ocrx_word' id='word_1_343' title='bbox 725 1340 903 1397; x_wconf 87' lang='lat' dir='ltr'><strong>pulchre</strong></span> <span class='ocrx_word' id='word_1_344' title='bbox 926 1340 970 1384; x_wconf 91' lang='lat' dir='ltr'><strong>in</strong></span> <span class='ocrx_word' id='word_1_345' title='bbox 1003 1339 1143 1384; x_wconf 73' lang='lat' dir='ltr'><strong>laedio</strong></span> <span class='ocrx_word' id='word_1_346' title='bbox 1164 1341 1338 1385; x_wconf 83' lang='lat' dir='ltr'><strong>silentio</strong></span> <span class='ocrx_word' id='word_1_347' title='bbox 1359 1339 1567 1382; x_wconf 75' lang='lat' dir='ltr'><strong>mediator</strong></span> 
     </span>
     <span class='ocr_line' id='line_1_44' title="bbox 315 1395 1566 1454; baseline -0.005 -11"><span class='ocrx_word' id='word_1_348' title='bbox 315 1399 394 1443; x_wconf 78' lang='lat' dir='ltr'><strong>Dei</strong></span> <span class='ocrx_word' id='word_1_349' title='bbox 410 1406 447 1440; x_wconf 80' lang='lat' dir='ltr'><strong>et</strong></span> <span class='ocrx_word' id='word_1_350' title='bbox 472 1398 685 1441; x_wconf 70' lang='lat' dir='ltr'><strong>bantinum</strong></span> <span class='ocrx_word' id='word_1_351' title='bbox 709 1396 751 1454; x_wconf 80' lang='lat'><strong>(1</strong></span> <span class='ocrx_word' id='word_1_352' title='bbox 779 1396 884 1439; x_wconf 75' lang='lat' dir='ltr'><strong>Tim.</strong></span> <span class='ocrx_word' id='word_1_353' title='bbox 911 1397 962 1451; x_wconf 84' lang='grc' dir='ltr'><strong>ιι)</strong></span> <span class='ocrx_word' id='word_1_354' title='bbox 983 1396 1113 1439; x_wconf 81' lang='lat' dir='ltr'><strong>homo</strong></span> <span class='ocrx_word' id='word_1_355' title='bbox 1146 1396 1201 1439; x_wconf 79' lang='lat' dir='ltr'><strong>ad</strong></span> <span class='ocrx_word' id='word_1_356' title='bbox 1230 1397 1427 1439; x_wconf 89' lang='lat' dir='ltr'><strong>homines</strong></span> <span class='ocrx_word' id='word_1_357' title='bbox 1445 1427 1455 1446; x_wconf 91' lang='lat'><strong>,</strong></span> <span class='ocrx_word' id='word_1_358' title='bbox 1484 1395 1566 1438; x_wconf 88' lang='lat' dir='ltr'><strong>im·</strong></span> 
     </span>
     <span class='ocr_line' id='line_1_45' title="bbox 314 1450 1565 1502; baseline -0.003 -4"><span class='ocrx_word' id='word_1_359' title='bbox 314 1454 514 1499; x_wconf 81' lang='lat' dir='ltr'><strong>mortalis</strong></span> <span class='ocrx_word' id='word_1_360' title='bbox 533 1454 753 1502; x_wconf 84' lang='lat' dir='ltr'><strong>mortales,</strong></span> <span class='ocrx_word' id='word_1_361' title='bbox 772 1460 911 1495; x_wconf 89' lang='lat' dir='ltr'><strong>morte</strong></span> <span class='ocrx_word' id='word_1_362' title='bbox 937 1461 1134 1496; x_wconf 72' lang='lat' dir='ltr'><strong>mortuos</strong></span> <span class='ocrx_word' id='word_1_363' title='bbox 1151 1452 1401 1496; x_wconf 73' lang='lat' dir='ltr'><strong>salvaturus</strong></span> <span class='ocrx_word' id='word_1_364' title='bbox 1436 1450 1565 1494; x_wconf 79' lang='lat' dir='ltr'><strong>adve-</strong></span> 
     </span>
     <span class='ocr_line' id='line_1_46' title="bbox 314 1508 1567 1563; baseline -0.004 -9"><span class='ocrx_word' id='word_1_365' title='bbox 314 1512 392 1554; x_wconf 85' lang='lat' dir='ltr'><strong>nit.</strong></span> <span class='ocrx_word' id='word_1_366' title='bbox 415 1509 495 1563; x_wconf 88' lang='lat' dir='ltr'><strong>Qui</strong></span> <span class='ocrx_word' id='word_1_367' title='bbox 521 1509 649 1553; x_wconf 77' lang='lat' dir='ltr'><strong>etiam</strong></span> <span class='ocrx_word' id='word_1_368' title='bbox 673 1508 950 1551; x_wconf 83' lang='lat' dir='ltr'><strong>mediationis</strong></span> <span class='ocrx_word' id='word_1_369' title='bbox 974 1519 1063 1550; x_wconf 84' lang='lat' dir='ltr'><strong>suae</strong></span> <span class='ocrx_word' id='word_1_370' title='bbox 1088 1519 1174 1551; x_wconf 81' lang='lat' dir='ltr'><strong>non</strong></span> <span class='ocrx_word' id='word_1_371' title='bbox 1198 1508 1442 1557; x_wconf 82' lang='lat' dir='ltr'><strong>immemor,</strong></span> <span class='ocrx_word' id='word_1_372' title='bbox 1468 1519 1567 1561; x_wconf 74' lang='lat' dir='ltr'><strong>ope-</strong></span> 
     </span>
     <span class='ocr_line' id='line_1_47' title="bbox 314 1563 1563 1612; baseline -0.005 -2"><span class='ocrx_word' id='word_1_373' title='bbox 314 1572 436 1610; x_wconf 87' lang='lat' dir='ltr'><strong>ratus</strong></span> <span class='ocrx_word' id='word_1_374' title='bbox 454 1572 521 1610; x_wconf 88' lang='lat' dir='ltr'><strong>est</strong></span> <span class='ocrx_word' id='word_1_375' title='bbox 551 1567 735 1609; x_wconf 77' lang='lat' dir='ltr'><strong>salutem</strong></span> <span class='ocrx_word' id='word_1_376' title='bbox 760 1565 803 1606; x_wconf 92' lang='lat' dir='ltr'><strong>in</strong></span> <span class='ocrx_word' id='word_1_377' title='bbox 833 1563 975 1607; x_wconf 84' lang='lat' dir='ltr'><strong>medio</strong></span> <span class='ocrx_word' id='word_1_378' title='bbox 1000 1571 1142 1612; x_wconf 78' lang='lat' dir='ltr'><strong>terrae,</strong></span> <span class='ocrx_word' id='word_1_379' title='bbox 1164 1563 1207 1606; x_wconf 91' lang='lat' dir='ltr'><strong>in</strong></span> <span class='ocrx_word' id='word_1_380' title='bbox 1231 1564 1372 1606; x_wconf 82' lang='lat' dir='ltr'><strong>medio</strong></span> <span class='ocrx_word' id='word_1_381' title='bbox 1399 1563 1496 1606; x_wconf 83' lang='lat' dir='ltr'><strong>eecli</strong></span> <span class='ocrx_word' id='word_1_382' title='bbox 1521 1568 1563 1605; x_wconf 86' lang='lat' dir='ltr'><strong>et</strong></span> 
     </span>
     <span class='ocr_line' id='line_1_48' title="bbox 314 1619 1566 1677; baseline -0.005 -12"><span class='ocrx_word' id='word_1_383' title='bbox 314 1628 455 1675; x_wconf 62' lang='lat' dir='ltr'><strong>terrae,</strong></span> <span class='ocrx_word' id='word_1_384' title='bbox 479 1628 683 1677; x_wconf 70' lang='lat' dir='ltr'><strong>tanquam</strong></span> <span class='ocrx_word' id='word_1_385' title='bbox 715 1621 872 1663; x_wconf 88' lang='lat' dir='ltr'><strong>coelum</strong></span> <span class='ocrx_word' id='word_1_386' title='bbox 899 1627 1143 1674; x_wconf 80' lang='lat' dir='ltr'><strong>terramque</strong></span> <span class='ocrx_word' id='word_1_387' title='bbox 1172 1621 1428 1669; x_wconf 86' lang='lat' dir='ltr'><strong>concilians,</strong></span> <span class='ocrx_word' id='word_1_388' title='bbox 1447 1619 1566 1662; x_wconf 86' lang='lat' dir='ltr'><strong>exal-</strong></span> 
     </span>
     <span class='ocr_line' id='line_1_49' title="bbox 314 1674 1563 1730; baseline -0.003 -10"><span class='ocrx_word' id='word_1_389' title='bbox 314 1685 432 1722; x_wconf 87' lang='lat' dir='ltr'><strong>tatus</strong></span> <span class='ocrx_word' id='word_1_390' title='bbox 456 1691 477 1720; x_wconf 89' lang='lat' dir='ltr'><strong>a</strong></span> <span class='ocrx_word' id='word_1_391' title='bbox 499 1683 632 1728; x_wconf 86' lang='lat' dir='ltr'><strong>terra,</strong></span> <span class='ocrx_word' id='word_1_392' title='bbox 660 1676 702 1719; x_wconf 92' lang='grc' dir='ltr'><strong>ιιι</strong></span> <span class='ocrx_word' id='word_1_393' title='bbox 721 1687 851 1719; x_wconf 87' lang='lat' dir='ltr'><strong>cruce</strong></span> <span class='ocrx_word' id='word_1_394' title='bbox 874 1681 1074 1719; x_wconf 88' lang='lat' dir='ltr'><strong>mortuus</strong></span> <span class='ocrx_word' id='word_1_395' title='bbox 1098 1681 1180 1720; x_wconf 85' lang='lat' dir='ltr'><strong>est.</strong></span> <span class='ocrx_word' id='word_1_396' title='bbox 1211 1674 1319 1718; x_wconf 63' lang='lat' dir='ltr'><strong>Vide</strong></span> <span class='ocrx_word' id='word_1_397' title='bbox 1358 1687 1462 1730; x_wconf 83' lang='lat' dir='ltr'><strong>ergo</strong></span> <span class='ocrx_word' id='word_1_398' title='bbox 1496 1674 1563 1717; x_wconf 87' lang='lat' dir='ltr'><strong>di-</strong></span> 
     </span>
     <span class='ocr_line' id='line_1_50' title="bbox 314 1729 1560 1790; baseline -0.005 -13"><span class='ocrx_word' id='word_1_399' title='bbox 314 1735 655 1790; x_wconf 81' lang='lat' dir='ltr'><strong>spensationem.</strong></span> <span class='ocrx_word' id='word_1_400' title='bbox 682 1730 728 1774; x_wconf 81' lang='lat' dir='ltr'><strong>In</strong></span> <span class='ocrx_word' id='word_1_401' title='bbox 769 1729 911 1773; x_wconf 88' lang='lat' dir='ltr'><strong>medio</strong></span> <span class='ocrx_word' id='word_1_402' title='bbox 951 1731 1105 1782; x_wconf 85' lang='lat' dir='ltr'><strong>oritur,</strong></span> <span class='ocrx_word' id='word_1_403' title='bbox 1130 1732 1172 1773; x_wconf 91' lang='grc' dir='ltr'><strong>ιιι</strong></span> <span class='ocrx_word' id='word_1_404' title='bbox 1197 1732 1342 1774; x_wconf 86' lang='lat' dir='ltr'><strong>medio</strong></span> <span class='ocrx_word' id='word_1_405' title='bbox 1361 1732 1560 1781; x_wconf 83' lang='lat' dir='ltr'><strong>moritur,</strong></span> 
     </span>
     <span class='ocr_line' id='line_1_51' title="bbox 284 1786 1562 1842; baseline -0.005 -8"><span class='ocrx_word' id='word_1_406' title='bbox 284 1809 292 1816; x_wconf 60' lang='grc'><em>’</em></span> <span class='ocrx_word' id='word_1_407' title='bbox 314 1792 357 1834; x_wconf 83' lang='lat' dir='ltr'><strong>in</strong></span> <span class='ocrx_word' id='word_1_408' title='bbox 391 1790 532 1834; x_wconf 84' lang='lat' dir='ltr'><strong>medio</strong></span> <span class='ocrx_word' id='word_1_409' title='bbox 553 1789 734 1832; x_wconf 87' lang='lat' dir='ltr'><strong>salutem</strong></span> <span class='ocrx_word' id='word_1_410' title='bbox 751 1792 972 1841; x_wconf 76' lang='lat' dir='ltr'><strong>operatur.</strong></span> <span class='ocrx_word' id='word_1_411' title='bbox 993 1786 1085 1829; x_wconf 71' lang='lat' dir='ltr'><strong>lam</strong></span> <span class='ocrx_word' id='word_1_412' title='bbox 1106 1787 1235 1842; x_wconf 86' lang='lat' dir='ltr'><strong>hujus</strong></span> <span class='ocrx_word' id='word_1_413' title='bbox 1258 1787 1386 1828; x_wconf 86' lang='lat' dir='ltr'><strong>ctiam</strong></span> <span class='ocrx_word' id='word_1_414' title='bbox 1412 1787 1472 1829; x_wconf 88' lang='lat' dir='ltr'><strong>rei</strong></span> <span class='ocrx_word' id='word_1_415' title='bbox 1489 1796 1562 1829; x_wconf 88' lang='lat' dir='ltr'><strong>sa·</strong></span> 
     </span>
     <span class='ocr_line' id='line_1_52' title="bbox 314 1843 1563 1894; baseline -0.005 -5"><span class='ocrx_word' id='word_1_416' title='bbox 314 1852 604 1894; x_wconf 82' lang='lat' dir='ltr'><strong>eramentum,</strong></span> <span class='ocrx_word' id='word_1_417' title='bbox 652 1843 754 1886; x_wconf 90' lang='lat' dir='ltr'><strong>dum</strong></span> <span class='ocrx_word' id='word_1_418' title='bbox 791 1843 937 1884; x_wconf 86' lang='lat' dir='ltr'><strong>uoxin</strong></span> <span class='ocrx_word' id='word_1_419' title='bbox 973 1854 1053 1885; x_wconf 89' lang='lat' dir='ltr'><strong>suo</strong></span> <span class='ocrx_word' id='word_1_420' title='bbox 1076 1854 1211 1886; x_wconf 74' lang='lat' dir='ltr'><strong>cursu</strong></span> <span class='ocrx_word' id='word_1_421' title='bbox 1256 1843 1447 1886; x_wconf 86' lang='lat' dir='ltr'><strong>medium</strong></span> <span class='ocrx_word' id='word_1_422' title='bbox 1482 1843 1563 1884; x_wconf 83' lang='lat' dir='ltr'><strong>iter</strong></span> 
     </span>
     <span class='ocr_line' id='line_1_53' title="bbox 313 1898 1562 1956; baseline -0.004 -12"><span class='ocrx_word' id='word_1_423' title='bbox 313 1907 475 1956; x_wconf 77' lang='lat' dir='ltr'><strong>ageret,</strong></span> <span class='ocrx_word' id='word_1_424' title='bbox 501 1913 523 1942; x_wconf 89' lang='lat' dir='ltr'><strong>a</strong></span> <span class='ocrx_word' id='word_1_425' title='bbox 542 1899 758 1956; x_wconf 71' lang='lat' dir='ltr'><strong>regalibus</strong></span> <span class='ocrx_word' id='word_1_426' title='bbox 779 1898 954 1942; x_wconf 86' lang='lat' dir='ltr'><strong>sedibus</strong></span> <span class='ocrx_word' id='word_1_427' title='bbox 979 1900 1107 1941; x_wconf 74' lang='lat' dir='ltr'><strong>venit.</strong></span> <span class='ocrx_word' id='word_1_428' title='bbox 1138 1898 1241 1952; x_wconf 82' lang='lat' dir='ltr'><strong>Quae</strong></span> <span class='ocrx_word' id='word_1_429' title='bbox 1259 1904 1325 1940; x_wconf 87' lang='lat' dir='ltr'><strong>est</strong></span> <span class='ocrx_word' id='word_1_430' title='bbox 1351 1899 1434 1942; x_wconf 77' lang='lat' dir='ltr'><strong>ista</strong></span> <span class='ocrx_word' id='word_1_431' title='bbox 1448 1898 1562 1940; x_wconf 80' lang='lat' dir='ltr'><strong>nox?</strong></span> 
     </span>
     <span class='ocr_line' id='line_1_54' title="bbox 314 1954 1560 2010; baseline -0.002 -11"><span class='ocrx_word' id='word_1_432' title='bbox 314 1959 425 2000; x_wconf 80' lang='lat' dir='ltr'><strong>sorte</strong></span> <span class='ocrx_word' id='word_1_433' title='bbox 467 1957 549 2001; x_wconf 85' lang='lat' dir='ltr'><strong>hoe</strong></span> <span class='ocrx_word' id='word_1_434' title='bbox 594 1963 781 2010; x_wconf 84' lang='lat' dir='ltr'><strong>tempus,</strong></span> <span class='ocrx_word' id='word_1_435' title='bbox 821 1966 907 2008; x_wconf 86' lang='lat' dir='ltr'><strong>quo</strong></span> <span class='ocrx_word' id='word_1_436' title='bbox 931 1966 954 1995; x_wconf 84' lang='lat' dir='ltr'><strong>a</strong></span> <span class='ocrx_word' id='word_1_437' title='bbox 979 1954 1127 1997; x_wconf 83' lang='lat' dir='ltr'><strong>mundi</strong></span> <span class='ocrx_word' id='word_1_438' title='bbox 1162 1955 1330 2010; x_wconf 78' lang='lat' dir='ltr'><strong>origine</strong></span> <span class='ocrx_word' id='word_1_439' title='bbox 1354 1967 1492 2008; x_wconf 79' lang='lat' dir='ltr'><strong>usque</strong></span> <span class='ocrx_word' id='word_1_440' title='bbox 1516 1954 1560 1997; x_wconf 88' lang='lat' dir='ltr'><strong>in</strong></span> 
     </span>
     <span class='ocr_line' id='line_1_55' title="bbox 313 2009 1563 2065; baseline -0.004 -9"><span class='ocrx_word' id='word_1_441' title='bbox 313 2014 453 2056; x_wconf 83' lang='lat' dir='ltr'><strong>ultimi</strong></span> <span class='ocrx_word' id='word_1_442' title='bbox 496 2011 642 2055; x_wconf 84' lang='lat' dir='ltr'><strong>saeculi</strong></span> <span class='ocrx_word' id='word_1_443' title='bbox 678 2013 803 2053; x_wconf 85' lang='lat' dir='ltr'><strong>linem</strong></span> <span class='ocrx_word' id='word_1_444' title='bbox 832 2012 874 2052; x_wconf 90' lang='lat' dir='ltr'><strong>in</strong></span> <span class='ocrx_word' id='word_1_445' title='bbox 901 2010 981 2052; x_wconf 84' lang='lat' dir='ltr'><strong>liae</strong></span> <span class='ocrx_word' id='word_1_446' title='bbox 1013 2010 1243 2054; x_wconf 82' lang='lat' dir='ltr'><strong>tenebrosa</strong></span> <span class='ocrx_word' id='word_1_447' title='bbox 1283 2009 1472 2065; x_wconf 76' lang='lat' dir='ltr'><strong>AEgypto</strong></span> <span class='ocrx_word' id='word_1_448' title='bbox 1498 2011 1563 2051; x_wconf 72' lang='lat' dir='ltr'><strong>vi-</strong></span> 
     </span>
     <span class='ocr_line' id='line_1_56' title="bbox 315 2066 1563 2121; baseline -0.001 -11"><span class='ocrx_word' id='word_1_449' title='bbox 315 2076 419 2113; x_wconf 88' lang='lat' dir='ltr'><strong>vunt</strong></span> <span class='ocrx_word' id='word_1_450' title='bbox 447 2068 520 2111; x_wconf 86' lang='lat' dir='ltr'><strong>lilii</strong></span> <span class='ocrx_word' id='word_1_451' title='bbox 555 2066 709 2115; x_wconf 84' lang='lat' dir='ltr'><strong>Adam,</strong></span> <span class='ocrx_word' id='word_1_452' title='bbox 736 2078 890 2121; x_wconf 79' lang='lat' dir='ltr'><strong>graves</strong></span> <span class='ocrx_word' id='word_1_453' title='bbox 931 2066 1187 2121; x_wconf 72' lang='lat' dir='ltr'><strong>ignorantiae</strong></span> <span class='ocrx_word' id='word_1_454' title='bbox 1222 2078 1313 2110; x_wconf 79' lang='lat' dir='ltr'><strong>sua:</strong></span> <span class='ocrx_word' id='word_1_455' title='bbox 1359 2066 1563 2109; x_wconf 76' lang='lat' dir='ltr'><strong>tenebras</strong></span> 
     </span>
     <span class='ocr_line' id='line_1_57' title="bbox 312 2121 1561 2169; baseline -0.006 0"><span class='ocrx_word' id='word_1_456' title='bbox 312 2125 580 2169; x_wconf 68' lang='lat' dir='ltr'><strong>sustinentes</strong></span> <span class='ocrx_word' id='word_1_457' title='bbox 606 2128 722 2166; x_wconf 85' lang='lat' dir='ltr'><strong>etue</strong></span> <span class='ocrx_word' id='word_1_458' title='bbox 747 2123 930 2164; x_wconf 85' lang='lat' dir='ltr'><strong>alterum</strong></span> <span class='ocrx_word' id='word_1_459' title='bbox 967 2122 1143 2164; x_wconf 88' lang='lat' dir='ltr'><strong>minime</strong></span> <span class='ocrx_word' id='word_1_460' title='bbox 1167 2128 1412 2166; x_wconf 79' lang='lat' dir='ltr'><strong>cernentes.</strong></span> <span class='ocrx_word' id='word_1_461' title='bbox 1442 2121 1561 2163; x_wconf 84' lang='lat' dir='ltr'><strong>Nun-</strong></span> 
     </span>
     <span class='ocr_line' id='line_1_58' title="bbox 314 2177 1559 2237; baseline -0.002 -14"><span class='ocrx_word' id='word_1_462' title='bbox 314 2180 419 2237; x_wconf 79' lang='lat' dir='ltr'><strong>quid</strong></span> <span class='ocrx_word' id='word_1_463' title='bbox 445 2193 530 2223; x_wconf 88' lang='lat' dir='ltr'><strong>non</strong></span> <span class='ocrx_word' id='word_1_464' title='bbox 556 2191 602 2222; x_wconf 90' lang='lat' dir='ltr'><strong>se</strong></span> <span class='ocrx_word' id='word_1_465' title='bbox 632 2178 795 2228; x_wconf 73' lang='lat' dir='ltr'><strong>vident,</strong></span> <span class='ocrx_word' id='word_1_466' title='bbox 824 2177 897 2233; x_wconf 89' lang='lat' dir='ltr'><strong>qui</strong></span> <span class='ocrx_word' id='word_1_467' title='bbox 927 2189 1006 2219; x_wconf 87' lang='lat' dir='ltr'><strong>sua</strong></span> <span class='ocrx_word' id='word_1_468' title='bbox 1051 2178 1247 2221; x_wconf 78' lang='lat' dir='ltr'><strong>vicissim</strong></span> <span class='ocrx_word' id='word_1_469' title='bbox 1297 2178 1429 2222; x_wconf 84' lang='lat' dir='ltr'><strong>corda</strong></span> <span class='ocrx_word' id='word_1_470' title='bbox 1471 2190 1559 2220; x_wconf 88' lang='grc' dir='ltr'><strong>ιιοιι</strong></span> 
     </span>
     <span class='ocr_line' id='line_1_59' title="bbox 312 2233 1557 2289; baseline -0.003 -9"><span class='ocrx_word' id='word_1_471' title='bbox 312 2236 492 2280; x_wconf 82' lang='lat' dir='ltr'><strong>vident?</strong></span> <span class='ocrx_word' id='word_1_472' title='bbox 520 2235 701 2289; x_wconf 72' lang='lat' dir='ltr'><strong>Propter</strong></span> <span class='ocrx_word' id='word_1_473' title='bbox 732 2233 811 2276; x_wconf 89' lang='lat' dir='ltr'><strong>has</strong></span> <span class='ocrx_word' id='word_1_474' title='bbox 838 2233 1076 2276; x_wconf 82' lang='lat' dir='ltr'><strong>invisorum</strong></span> <span class='ocrx_word' id='word_1_475' title='bbox 1096 2233 1293 2276; x_wconf 86' lang='lat' dir='ltr'><strong>cordium</strong></span> <span class='ocrx_word' id='word_1_476' title='bbox 1339 2233 1557 2285; x_wconf 65' lang='lat' dir='ltr'><strong>tenebras,</strong></span> 
     </span>
    </p>
   </div>
   <div class='ocr_carea' id='block_1_9' title="bbox 313 2289 1617 2356">
    <p class='ocr_par' dir='ltr' id='par_1_10' title="bbox 313 2289 1617 2356">
     <span class='ocr_line' id='line_1_60' title="bbox 313 2289 1617 2356; baseline -0.002 -21"><span class='ocrx_word' id='word_1_477' title='bbox 313 2291 541 2336; x_wconf 84' lang='lat' dir='ltr'><strong>mendacio</strong></span> <span class='ocrx_word' id='word_1_478' title='bbox 570 2296 612 2335; x_wconf 87' lang='lat' dir='ltr'><strong>et</strong></span> <span class='ocrx_word' id='word_1_479' title='bbox 637 2289 813 2332; x_wconf 80' lang='lat' dir='ltr'><strong>sallaciae</strong></span> <span class='ocrx_word' id='word_1_480' title='bbox 837 2295 953 2344; x_wconf 82' lang='lat' dir='ltr'><strong>patet</strong></span> <span class='ocrx_word' id='word_1_481' title='bbox 975 2290 1113 2340; x_wconf 87' lang='lat' dir='ltr'><strong>locus,</strong></span> <span class='ocrx_word' id='word_1_482' title='bbox 1135 2289 1236 2333; x_wconf 89' lang='lat' dir='ltr'><strong>dum</strong></span> <span class='ocrx_word' id='word_1_483' title='bbox 1261 2301 1308 2333; x_wconf 88' lang='lat' dir='ltr'><strong>se</strong></span> <span class='ocrx_word' id='word_1_484' title='bbox 1334 2291 1414 2332; x_wconf 77' lang='lat' dir='ltr'><strong>hac</strong></span> <span class='ocrx_word' id='word_1_485' title='bbox 1433 2297 1559 2333; x_wconf 88' lang='lat' dir='ltr'><strong>nocte</strong></span> <span class='ocrx_word' id='word_1_486' title='bbox 1581 2307 1617 2356; x_wconf 80' lang='lat' dir='ltr'>C</span> 
     </span>
    </p>
   </div>
   <div class='ocr_carea' id='block_1_10' title="bbox 313 2343 1564 3347">
    <p class='ocr_par' dir='ltr' id='par_1_11' title="bbox 313 2343 1560 2850">
     <span class='ocr_line' id='line_1_61' title="bbox 314 2343 1554 2402; baseline 0 -13"><span class='ocrx_word' id='word_1_487' title='bbox 314 2349 538 2396; x_wconf 82' lang='lat' dir='ltr'><strong>occulunt,</strong></span> <span class='ocrx_word' id='word_1_488' title='bbox 576 2346 649 2402; x_wconf 83' lang='lat' dir='ltr'><strong>qui</strong></span> <span class='ocrx_word' id='word_1_489' title='bbox 679 2346 947 2388; x_wconf 87' lang='lat' dir='ltr'><strong>mentiuntur</strong></span> <span class='ocrx_word' id='word_1_490' title='bbox 973 2351 1014 2388; x_wconf 88' lang='lat' dir='ltr'><strong>et</strong></span> <span class='ocrx_word' id='word_1_491' title='bbox 1037 2345 1207 2388; x_wconf 76' lang='lat' dir='ltr'><strong>fallunt.</strong></span> <span class='ocrx_word' id='word_1_492' title='bbox 1243 2343 1290 2388; x_wconf 87' lang='lat' dir='ltr'><strong>ln</strong></span> <span class='ocrx_word' id='word_1_493' title='bbox 1316 2345 1446 2399; x_wconf 83' lang='lat' dir='ltr'><strong>hujus</strong></span> <span class='ocrx_word' id='word_1_494' title='bbox 1470 2357 1554 2389; x_wconf 87' lang='lat' dir='ltr'><strong>no·-</strong></span> 
     </span>
     <span class='ocr_line' id='line_1_62' title="bbox 313 2400 1552 2453; baseline -0.004 -5"><span class='ocrx_word' id='word_1_495' title='bbox 313 2405 397 2448; x_wconf 88' lang='lat' dir='ltr'><strong>ctis</strong></span> <span class='ocrx_word' id='word_1_496' title='bbox 419 2403 581 2453; x_wconf 85' lang='lat' dir='ltr'><strong>medio,</strong></span> <span class='ocrx_word' id='word_1_497' title='bbox 606 2400 725 2445; x_wconf 86' lang='lat' dir='ltr'><strong>venit</strong></span> <span class='ocrx_word' id='word_1_498' title='bbox 750 2400 803 2444; x_wconf 83' lang='lat' dir='ltr'><strong>ad</strong></span> <span class='ocrx_word' id='word_1_499' title='bbox 845 2401 1046 2443; x_wconf 78' lang='lat' dir='ltr'><strong>sedentes</strong></span> <span class='ocrx_word' id='word_1_500' title='bbox 1071 2400 1114 2444; x_wconf 88' lang='lat' dir='ltr'><strong>in</strong></span> <span class='ocrx_word' id='word_1_501' title='bbox 1139 2401 1331 2445; x_wconf 85' lang='lat' dir='ltr'><strong>tenebris</strong></span> <span class='ocrx_word' id='word_1_502' title='bbox 1367 2401 1440 2443; x_wconf 76' lang='lat' dir='ltr'><strong>lux</strong></span> <span class='ocrx_word' id='word_1_503' title='bbox 1463 2402 1552 2451; x_wconf 86' lang='lat' dir='ltr'><strong>illa,</strong></span> 
     </span>
     <span class='ocr_line' id='line_1_63' title="bbox 313 2455 1558 2516; baseline -0.002 -15"><span class='ocrx_word' id='word_1_504' title='bbox 313 2473 404 2516; x_wconf 69' lang='lat' dir='ltr'><em>‘1²‘ae</em></span> <span class='ocrx_word' id='word_1_505' title='bbox 423 2460 638 2502; x_wconf 79' lang='lat' dir='ltr'><strong>illuminat</strong></span> <span class='ocrx_word' id='word_1_506' title='bbox 680 2470 842 2500; x_wconf 72' lang='lat' dir='ltr'><strong>ornnem</strong></span> <span class='ocrx_word' id='word_1_507' title='bbox 872 2455 1079 2499; x_wconf 80' lang='lat' dir='ltr'><strong>hominem</strong></span> <span class='ocrx_word' id='word_1_508' title='bbox 1111 2458 1335 2500; x_wconf 73' lang='lat' dir='ltr'><strong>venirntem</strong></span> <span class='ocrx_word' id='word_1_509' title='bbox 1372 2459 1414 2499; x_wconf 85' lang='lat' dir='ltr'><strong>in</strong></span> <span class='ocrx_word' id='word_1_510' title='bbox 1449 2457 1558 2499; x_wconf 69' lang='lat' dir='ltr'><strong>lianc</strong></span> 
     </span>
     <span class='ocr_line' id='line_1_64' title="bbox 313 2513 1560 2569; baseline -0.001 -12"><span class='ocrx_word' id='word_1_511' title='bbox 313 2514 514 2558; x_wconf 72' lang='lat' dir='ltr'><strong>uitandum</strong></span> <span class='ocrx_word' id='word_1_512' title='bbox 535 2514 682 2569; x_wconf 70' lang='lat' dir='ltr'><strong>(loun.</strong></span> <span class='ocrx_word' id='word_1_513' title='bbox 703 2513 753 2564; x_wconf 81' lang='grc' dir='ltr'><strong>ι),</strong></span> <span class='ocrx_word' id='word_1_514' title='bbox 783 2520 885 2554; x_wconf 87' lang='lat' dir='ltr'><strong>tune</strong></span> <span class='ocrx_word' id='word_1_515' title='bbox 906 2524 1009 2556; x_wconf 83' lang='lat' dir='ltr'><strong>vere</strong></span> <span class='ocrx_word' id='word_1_516' title='bbox 1027 2524 1178 2557; x_wconf 87' lang='lat' dir='ltr'><strong>omnes</strong></span> <span class='ocrx_word' id='word_1_517' title='bbox 1191 2513 1394 2556; x_wconf 88' lang='lat' dir='ltr'><strong>tenebras</strong></span> <span class='ocrx_word' id='word_1_518' title='bbox 1408 2513 1560 2569; x_wconf 88' lang='lat' dir='ltr'><strong>depul-</strong></span> 
     </span>
     <span class='ocr_line' id='line_1_65' title="bbox 315 2567 1558 2620; baseline -0.002 -6"><span class='ocrx_word' id='word_1_519' title='bbox 315 2584 436 2620; x_wconf 83' lang='lat' dir='ltr'><strong>sura,</strong></span> <span class='ocrx_word' id='word_1_520' title='bbox 465 2583 562 2613; x_wconf 87' lang='lat' dir='ltr'><strong>cutn</strong></span> <span class='ocrx_word' id='word_1_521' title='bbox 598 2570 854 2612; x_wconf 77' lang='lat' dir='ltr'><strong>illuminabit</strong></span> <span class='ocrx_word' id='word_1_522' title='bbox 902 2567 1149 2611; x_wconf 78' lang='lat' dir='ltr'><strong>abscondita</strong></span> <span class='ocrx_word' id='word_1_523' title='bbox 1193 2568 1475 2619; x_wconf 80' lang='lat' dir='ltr'><strong>tenebrarum,</strong></span> <span class='ocrx_word' id='word_1_524' title='bbox 1517 2577 1558 2611; x_wconf 80' lang='lat' dir='ltr'><strong>et</strong></span> 
     </span>
     <span class='ocr_line' id='line_1_66' title="bbox 315 2623 1560 2681; baseline -0.002 -12"><span class='ocrx_word' id='word_1_525' title='bbox 315 2625 602 2681; x_wconf 70' lang='grc' dir='ltr'><strong>ιιιιιιὶῐεειαὸιι</strong></span> <span class='ocrx_word' id='word_1_526' title='bbox 647 2625 827 2668; x_wconf 72' lang='lat' dir='ltr'><strong>consilia</strong></span> <span class='ocrx_word' id='word_1_527' title='bbox 864 2624 1051 2666; x_wconf 77' lang='lat' dir='ltr'><strong>cordium</strong></span> <span class='ocrx_word' id='word_1_528' title='bbox 1077 2623 1132 2680; x_wconf 88' lang='lat'><strong>(1</strong></span> <span class='ocrx_word' id='word_1_529' title='bbox 1150 2623 1249 2668; x_wconf 89' lang='lat' dir='ltr'><strong>Cor.</strong></span> <span class='ocrx_word' id='word_1_530' title='bbox 1280 2626 1355 2680; x_wconf 80' lang='lat' dir='ltr'><strong>tv).</strong></span> <span class='ocrx_word' id='word_1_531' title='bbox 1382 2624 1560 2668; x_wconf 79' lang='lat' dir='ltr'><strong>Viderat</strong></span> 
     </span>
     <span class='ocr_line' id='line_1_67' title="bbox 314 2679 1556 2737; baseline -0.002 -11"><span class='ocrx_word' id='word_1_532' title='bbox 314 2683 445 2737; x_wconf 86' lang='lat' dir='ltr'><strong>hujus</strong></span> <span class='ocrx_word' id='word_1_533' title='bbox 475 2682 619 2725; x_wconf 84' lang='lat' dir='ltr'><strong>noctis</strong></span> <span class='ocrx_word' id='word_1_534' title='bbox 649 2681 838 2724; x_wconf 85' lang='lat' dir='ltr'><strong>medium</strong></span> <span class='ocrx_word' id='word_1_535' title='bbox 863 2680 960 2729; x_wconf 87' lang='lat' dir='ltr'><strong>iter,</strong></span> <span class='ocrx_word' id='word_1_536' title='bbox 1001 2679 1075 2735; x_wconf 86' lang='lat' dir='ltr'><strong>qui</strong></span> <span class='ocrx_word' id='word_1_537' title='bbox 1109 2680 1280 2724; x_wconf 82' lang='lat' dir='ltr'><strong>dicebat</strong></span> <span class='ocrx_word' id='word_1_538' title='bbox 1309 2694 1319 2720; x_wconf 91' lang='lat'><strong>:</strong></span> <span class='ocrx_word' id='word_1_539' title='bbox 1360 2680 1556 2731; x_wconf 79' lang='lat' dir='ltr'><strong>Domine,</strong></span> 
     </span>
     <span class='ocr_line' id='line_1_68' title="bbox 314 2735 1559 2793; baseline 0.001 -12"><span class='ocrx_word' id='word_1_540' title='bbox 314 2738 470 2788; x_wconf 72' lang='lat' dir='ltr'><strong>audivi,</strong></span> <span class='ocrx_word' id='word_1_541' title='bbox 491 2745 595 2790; x_wconf 65' lang='lat' dir='ltr'><strong>etc„</strong></span> <span class='ocrx_word' id='word_1_542' title='bbox 613 2749 714 2793; x_wconf 78' lang='lat' dir='ltr'><strong>opus</strong></span> <span class='ocrx_word' id='word_1_543' title='bbox 739 2744 873 2788; x_wconf 80' lang='lat' dir='ltr'><strong>tuum,</strong></span> <span class='ocrx_word' id='word_1_544' title='bbox 887 2735 1076 2780; x_wconf 77' lang='lat' dir='ltr'><strong>inntedt&#39;o</strong></span> <span class='ocrx_word' id='word_1_545' title='bbox 1098 2749 1303 2779; x_wconf 67' lang='lat' dir='ltr'><strong>annnorum</strong></span> <span class='ocrx_word' id='word_1_546' title='bbox 1322 2736 1559 2782; x_wconf 74' lang='lat' dir='ltr'><strong>vivificabis</strong></span> 
     </span>
     <span class='ocr_line' id='line_1_69' title="bbox 318 2793 692 2850; baseline 0 -13"><span class='ocrx_word' id='word_1_547' title='bbox 318 2794 425 2838; x_wconf 71' lang='lat' dir='ltr'><strong>iltuit</strong></span> <span class='ocrx_word' id='word_1_548' title='bbox 449 2793 580 2850; x_wconf 80' lang='lat' dir='ltr'><strong>(Hah.</strong></span> <span class='ocrx_word' id='word_1_549' title='bbox 608 2795 692 2848; x_wconf 88' lang='grc' dir='ltr'><strong>ιιι).</strong></span> 
     </span>
    </p>

    <p class='ocr_par' dir='ltr' id='par_1_12' title="bbox 313 2848 1564 3347">
     <span class='ocr_line' id='line_1_70' title="bbox 369 2848 1556 2904; baseline -0.002 -10"><span class='ocrx_word' id='word_1_550' title='bbox 369 2850 601 2899; x_wconf 76' lang='lat' dir='ltr'><strong>Coeterum,</strong></span> <span class='ocrx_word' id='word_1_551' title='bbox 643 2850 681 2892; x_wconf 86' lang='lat' dir='ltr'><strong>s‘t</strong></span> <span class='ocrx_word' id='word_1_552' title='bbox 712 2849 780 2892; x_wconf 87' lang='lat' dir='ltr'><strong>cui</strong></span> <span class='ocrx_word' id='word_1_553' title='bbox 823 2848 1023 2904; x_wconf 88' lang='lat' dir='ltr'><strong>displicet</strong></span> <span class='ocrx_word' id='word_1_554' title='bbox 1053 2848 1301 2897; x_wconf 65' lang='lat' dir='ltr'><strong>intellectus</strong></span> <span class='ocrx_word' id='word_1_555' title='bbox 1343 2848 1442 2898; x_wconf 85' lang='lat' dir='ltr'><strong>iste.</strong></span> <span class='ocrx_word' id='word_1_556' title='bbox 1468 2862 1556 2894; x_wconf 87' lang='lat' dir='ltr'><strong>non</strong></span> 
     </span>
     <span class='ocr_line' id='line_1_71' title="bbox 316 2905 1558 2963; baseline 0 -14"><span class='ocrx_word' id='word_1_557' title='bbox 316 2918 395 2961; x_wconf 83' lang='lat' dir='ltr'><strong>ago</strong></span> <span class='ocrx_word' id='word_1_558' title='bbox 414 2911 672 2963; x_wconf 68' lang='lat' dir='ltr'><strong>pugnanter,</strong></span> <span class='ocrx_word' id='word_1_559' title='bbox 702 2905 867 2948; x_wconf 81' lang='lat' dir='ltr'><strong>ineliori</strong></span> <span class='ocrx_word' id='word_1_560' title='bbox 892 2905 1116 2948; x_wconf 60' lang='lat' dir='ltr'><strong>sententiaa</strong></span> <span class='ocrx_word' id='word_1_561' title='bbox 1135 2907 1380 2951; x_wconf 83' lang='lat' dir='ltr'><strong>assentiens</strong></span> <span class='ocrx_word' id='word_1_562' title='bbox 1418 2905 1558 2950; x_wconf 85' lang='lat' dir='ltr'><strong>liben-</strong></span> 
     </span>
     <span class='ocr_line' id='line_1_72' title="bbox 314 2961 1556 3016; baseline 0 -12"><span class='ocrx_word' id='word_1_563' title='bbox 314 2972 396 3008; x_wconf 76' lang='lat' dir='ltr'><strong>tcr.</strong></span> <span class='ocrx_word' id='word_1_564' title='bbox 442 2961 548 3006; x_wconf 85' lang='lat' dir='ltr'><strong>Cum</strong></span> <span class='ocrx_word' id='word_1_565' title='bbox 587 2974 683 3016; x_wconf 61' lang='lat' dir='ltr'><strong>ergo</strong></span> <span class='ocrx_word' id='word_1_566' title='bbox 721 2961 902 3003; x_wconf 83' lang='lat' dir='ltr'><strong>medium</strong></span> <span class='ocrx_word' id='word_1_567' title='bbox 944 2961 1156 3003; x_wconf 75' lang='lat' dir='ltr'><strong>silentium</strong></span> <span class='ocrx_word' id='word_1_568' title='bbox 1182 2967 1363 3004; x_wconf 79' lang='lat' dir='ltr'><strong>tenerent</strong></span> <span class='ocrx_word' id='word_1_569' title='bbox 1399 2964 1556 3009; x_wconf 71' lang='lat' dir='ltr'><strong>otniiia,</strong></span> 
     </span>
     <span class='ocr_line' id='line_1_73' title="bbox 315 3015 1559 3072; baseline -0.001 -12"><span class='ocrx_word' id='word_1_570' title='bbox 315 3022 414 3060; x_wconf 79' lang='lat' dir='ltr'><strong>dum</strong></span> <span class='ocrx_word' id='word_1_571' title='bbox 440 3029 524 3061; x_wconf 71' lang='lat' dir='ltr'><strong>nox</strong></span> <span class='ocrx_word' id='word_1_572' title='bbox 547 3017 590 3059; x_wconf 84' lang='lat' dir='ltr'><strong>in</strong></span> <span class='ocrx_word' id='word_1_573' title='bbox 613 3030 687 3059; x_wconf 68' lang='lat' dir='ltr'><strong>suo</strong></span> <span class='ocrx_word' id='word_1_574' title='bbox 716 3029 843 3058; x_wconf 74' lang='lat' dir='ltr'><strong>cursu</strong></span> <span class='ocrx_word' id='word_1_575' title='bbox 860 3015 1036 3058; x_wconf 73' lang='lat' dir='ltr'><strong>medinm</strong></span> <span class='ocrx_word' id='word_1_576' title='bbox 1057 3018 1136 3059; x_wconf 84' lang='lat' dir='ltr'><strong>iter</strong></span> <span class='ocrx_word' id='word_1_577' title='bbox 1161 3015 1348 3062; x_wconf 76' lang='lat' dir='ltr'><strong>liaberet.</strong></span> <span class='ocrx_word' id='word_1_578' title='bbox 1370 3019 1559 3072; x_wconf 79' lang='lat' dir='ltr'><strong>omnipo-</strong></span> 
     </span>
     <span class='ocr_line' id='line_1_74' title="bbox 315 3071 1560 3125; baseline -0.002 -8"><span class='ocrx_word' id='word_1_579' title='bbox 315 3085 403 3117; x_wconf 72' lang='lat' dir='ltr'><strong>tens</strong></span> <span class='ocrx_word' id='word_1_580' title='bbox 422 3086 553 3117; x_wconf 71' lang='lat' dir='ltr'><strong>nermo</strong></span> <span class='ocrx_word' id='word_1_581' title='bbox 570 3081 663 3114; x_wconf 75' lang='lat' dir='ltr'><strong>tuiis</strong></span> <span class='ocrx_word' id='word_1_582' title='bbox 689 3084 715 3115; x_wconf 90' lang='lat' dir='ltr'><strong>a</strong></span> <span class='ocrx_word' id='word_1_583' title='bbox 737 3071 948 3125; x_wconf 73' lang='lat' dir='ltr'><strong>reqalibus</strong></span> <span class='ocrx_word' id='word_1_584' title='bbox 966 3071 1130 3115; x_wconf 74' lang='lat' dir='ltr'><strong>sedibus</strong></span> <span class='ocrx_word' id='word_1_585' title='bbox 1162 3073 1286 3117; x_wconf 75' lang='lat' dir='ltr'><strong>venit.</strong></span> <span class='ocrx_word' id='word_1_586' title='bbox 1315 3071 1443 3116; x_wconf 82' lang='lat' dir='ltr'><strong>Venit</strong></span> <span class='ocrx_word' id='word_1_587' title='bbox 1464 3086 1560 3118; x_wconf 87' lang='lat' dir='ltr'><strong>ser-</strong></span> 
     </span>
     <span class='ocr_line' id='line_1_75' title="bbox 315 3127 1564 3181; baseline 0.001 -9"><span class='ocrx_word' id='word_1_588' title='bbox 315 3141 387 3172; x_wconf 86' lang='lat' dir='ltr'><strong>mo</strong></span> <span class='ocrx_word' id='word_1_589' title='bbox 410 3130 452 3171; x_wconf 91' lang='lat' dir='ltr'><strong>in</strong></span> <span class='ocrx_word' id='word_1_590' title='bbox 474 3129 663 3181; x_wconf 77' lang='lat' dir='ltr'><strong>silentio,</strong></span> <span class='ocrx_word' id='word_1_591' title='bbox 690 3129 807 3170; x_wconf 87' lang='lat' dir='ltr'><strong>venit</strong></span> <span class='ocrx_word' id='word_1_592' title='bbox 832 3139 975 3170; x_wconf 83' lang='lat' dir='ltr'><strong>sermo</strong></span> <span class='ocrx_word' id='word_1_593' title='bbox 999 3129 1051 3171; x_wconf 88' lang='lat' dir='ltr'><strong>ad</strong></span> <span class='ocrx_word' id='word_1_594' title='bbox 1078 3129 1271 3173; x_wconf 76' lang='lat' dir='ltr'><strong>silenteS.</strong></span> <span class='ocrx_word' id='word_1_595' title='bbox 1299 3127 1470 3172; x_wconf 85' lang='lat' dir='ltr'><strong>Urbana</strong></span> <span class='ocrx_word' id='word_1_596' title='bbox 1494 3131 1564 3173; x_wconf 82' lang='lat' dir='ltr'><strong>iu-</strong></span> 
     </span>
     <span class='ocr_line' id='line_1_76' title="bbox 313 3183 1558 3234; baseline -0.001 -6"><span class='ocrx_word' id='word_1_597' title='bbox 313 3193 382 3228; x_wconf 85' lang='lat' dir='ltr'><strong>ter</strong></span> <span class='ocrx_word' id='word_1_598' title='bbox 414 3185 629 3234; x_wconf 88' lang='lat' dir='ltr'><strong>homines,</strong></span> <span class='ocrx_word' id='word_1_599' title='bbox 669 3190 712 3227; x_wconf 92' lang='lat' dir='ltr'><strong>et</strong></span> <span class='ocrx_word' id='word_1_600' title='bbox 756 3183 935 3226; x_wconf 85' lang='lat' dir='ltr'><strong>curialis</strong></span> <span class='ocrx_word' id='word_1_601' title='bbox 974 3184 1244 3227; x_wconf 83' lang='lat' dir='ltr'><strong>consuetudo</strong></span> <span class='ocrx_word' id='word_1_602' title='bbox 1267 3189 1350 3233; x_wconf 84' lang='lat' dir='ltr'><strong>est,</strong></span> <span class='ocrx_word' id='word_1_603' title='bbox 1383 3189 1428 3227; x_wconf 90' lang='lat' dir='ltr'><strong>ut</strong></span> <span class='ocrx_word' id='word_1_604' title='bbox 1459 3197 1558 3229; x_wconf 89' lang='lat' dir='ltr'><strong>cum</strong></span> 
     </span>
     <span class='ocr_line' id='line_1_77' title="bbox 316 3239 1561 3296; baseline 0.001 -13"><span class='ocrx_word' id='word_1_605' title='bbox 316 3240 570 3284; x_wconf 88' lang='lat' dir='ltr'><strong>honoratior</strong></span> <span class='ocrx_word' id='word_1_606' title='bbox 593 3247 636 3283; x_wconf 89' lang='lat' dir='ltr'><strong>et</strong></span> <span class='ocrx_word' id='word_1_607' title='bbox 657 3247 898 3294; x_wconf 71' lang='lat' dir='ltr'><strong>praepotens</strong></span> <span class='ocrx_word' id='word_1_608' title='bbox 915 3250 1100 3294; x_wconf 82' lang='lat' dir='ltr'><strong>persona</strong></span> <span class='ocrx_word' id='word_1_609' title='bbox 1124 3239 1167 3283; x_wconf 86' lang='lat' dir='ltr'><strong>lo</strong></span> <span class='ocrx_word' id='word_1_610' title='bbox 1199 3240 1240 3282; x_wconf 89' lang='grc' dir='ltr'><strong>ιιι</strong></span> <span class='ocrx_word' id='word_1_611' title='bbox 1261 3240 1464 3291; x_wconf 79' lang='lat' dir='ltr'><strong>voluerit,</strong></span> <span class='ocrx_word' id='word_1_612' title='bbox 1485 3242 1561 3296; x_wconf 84' lang='lat' dir='ltr'><strong>qui</strong></span> 
     </span>
     <span class='ocr_line' id='line_1_78' title="bbox 314 3295 1563 3347; baseline 0.002 -9"><span class='ocrx_word' id='word_1_613' title='bbox 314 3298 621 3347; x_wconf 73' lang='lat' dir='ltr'><strong>circumstant,</strong></span> <span class='ocrx_word' id='word_1_614' title='bbox 664 3300 837 3338; x_wconf 75' lang='lat' dir='ltr'><strong>teneant</strong></span> <span class='ocrx_word' id='word_1_615' title='bbox 881 3297 1118 3339; x_wconf 84' lang='lat' dir='ltr'><strong>sitentium.</strong></span> <span class='ocrx_word' id='word_1_616' title='bbox 1191 3295 1276 3339; x_wconf 87' lang='lat' dir='ltr'><strong>nde</strong></span> <span class='ocrx_word' id='word_1_617' title='bbox 1301 3303 1344 3339; x_wconf 84' lang='lat' dir='ltr'><strong>et</strong></span> <span class='ocrx_word' id='word_1_618' title='bbox 1388 3295 1470 3339; x_wconf 84' lang='lat' dir='ltr'><strong>Job</strong></span> <span class='ocrx_word' id='word_1_619' title='bbox 1503 3299 1563 3340; x_wconf 89' lang='lat' dir='ltr'><strong>lo-</strong></span> 
     </span>
    </p>
   </div>
   <div class='ocr_carea' id='block_1_11' title="bbox 315 3349 1622 3418">
    <p class='ocr_par' dir='ltr' id='par_1_13' title="bbox 315 3349 1622 3418">
     <span class='ocr_line' id='line_1_79' title="bbox 315 3349 1622 3418; baseline -0.002 -22"><span class='ocrx_word' id='word_1_620' title='bbox 315 3360 472 3408; x_wconf 81' lang='lat' dir='ltr'><strong>quente</strong></span> <span class='ocrx_word' id='word_1_621' title='bbox 498 3352 690 3406; x_wconf 80' lang='lat' dir='ltr'><strong>linguam</strong></span> <span class='ocrx_word' id='word_1_622' title='bbox 718 3363 839 3393; x_wconf 88' lang='lat' dir='ltr'><strong>suam</strong></span> <span class='ocrx_word' id='word_1_623' title='bbox 865 3349 1127 3394; x_wconf 78' lang='lat' dir='ltr'><strong>cohibebant</strong></span> <span class='ocrx_word' id='word_1_624' title='bbox 1150 3351 1300 3403; x_wconf 85' lang='lat' dir='ltr'><strong>duces,</strong></span> <span class='ocrx_word' id='word_1_625' title='bbox 1323 3360 1362 3393; x_wconf 83' lang='lat' dir='ltr'><strong>et</strong></span> <span class='ocrx_word' id='word_1_626' title='bbox 1379 3351 1558 3406; x_wconf 62' lang='lat' dir='ltr'><strong>diuitum</strong></span> <span class='ocrx_word' id='word_1_627' title='bbox 1589 3375 1622 3418; x_wconf 70' lang='lat' dir='ltr'>D</span> 
     </span>
    </p>
   </div>
   <div class='ocr_carea' id='block_1_12' title="bbox 313 3404 1561 4461">
    <p class='ocr_par' dir='ltr' id='par_1_14' title="bbox 313 3404 1561 4461">
     <span class='ocr_line' id='line_1_80' title="bbox 315 3404 1561 3463; baseline 0.002 -14"><span class='ocrx_word' id='word_1_628' title='bbox 315 3407 638 3463; x_wconf 63' lang='lat' dir='ltr'><strong>superponebant</strong></span> <span class='ocrx_word' id='word_1_629' title='bbox 675 3407 740 3449; x_wconf 80' lang='lat' dir='ltr'><strong>ori</strong></span> <span class='ocrx_word' id='word_1_630' title='bbox 772 3404 982 3461; x_wconf 54' lang='lat' dir='ltr'><strong>suamab</strong></span> <span class='ocrx_word' id='word_1_631' title='bbox 1023 3411 1157 3462; x_wconf 81' lang='lat' dir='ltr'><strong>xxix)</strong></span> <span class='ocrx_word' id='word_1_632' title='bbox 1199 3406 1382 3460; x_wconf 75' lang='lat' dir='ltr'><strong>Quando</strong></span> <span class='ocrx_word' id='word_1_633' title='bbox 1431 3409 1561 3463; x_wconf 84' lang='lat' dir='ltr'><strong>igitur</strong></span> 
     </span>
     <span class='ocr_line' id='line_1_81' title="bbox 314 3461 1561 3508; baseline 0.002 -4"><span class='ocrx_word' id='word_1_634' title='bbox 314 3465 425 3508; x_wconf 75' lang='lat' dir='ltr'><strong>Deus</strong></span> <span class='ocrx_word' id='word_1_635' title='bbox 464 3462 634 3508; x_wconf 75' lang='lat' dir='ltr'><strong>deorum</strong></span> <span class='ocrx_word' id='word_1_636' title='bbox 665 3462 825 3505; x_wconf 67' lang='lat' dir='ltr'><strong>locutus</strong></span> <span class='ocrx_word' id='word_1_637' title='bbox 865 3470 945 3508; x_wconf 77' lang='lat' dir='ltr'><strong>est.</strong></span> <span class='ocrx_word' id='word_1_638' title='bbox 981 3474 1142 3505; x_wconf 79' lang='lat' dir='ltr'><strong>vocans</strong></span> <span class='ocrx_word' id='word_1_639' title='bbox 1166 3465 1221 3506; x_wconf 86' lang='lat' dir='ltr'><strong>ad</strong></span> <span class='ocrx_word' id='word_1_640' title='bbox 1255 3461 1381 3507; x_wconf 82' lang='lat' dir='ltr'><strong>sidem</strong></span> <span class='ocrx_word' id='word_1_641' title='bbox 1406 3471 1561 3506; x_wconf 82' lang='lat' dir='ltr'><strong>terram</strong></span> 
     </span>
     <span class='ocr_line' id='line_1_82' title="bbox 317 3515 1557 3575; baseline 0.002 -15"><span class='ocrx_word' id='word_1_642' title='bbox 317 3532 436 3562; x_wconf 78' lang='lat' dir='ltr'><strong>suam</strong></span> <span class='ocrx_word' id='word_1_643' title='bbox 465 3534 487 3559; x_wconf 79' lang='lat' dir='ltr'><strong>a</strong></span> <span class='ocrx_word' id='word_1_644' title='bbox 504 3518 604 3561; x_wconf 77' lang='lat' dir='ltr'><strong>solis</strong></span> <span class='ocrx_word' id='word_1_645' title='bbox 628 3525 722 3561; x_wconf 81' lang='lat' dir='ltr'><strong>ortu</strong></span> <span class='ocrx_word' id='word_1_646' title='bbox 752 3529 879 3573; x_wconf 77' lang='lat' dir='ltr'><strong>usque</strong></span> <span class='ocrx_word' id='word_1_647' title='bbox 907 3515 962 3558; x_wconf 74' lang='lat' dir='ltr'><strong>ad</strong></span> <span class='ocrx_word' id='word_1_648' title='bbox 1001 3530 1194 3561; x_wconf 76' lang='lat' dir='ltr'><strong>occasum</strong></span> <span class='ocrx_word' id='word_1_649' title='bbox 1218 3519 1233 3575; x_wconf 97' lang='lat'>(</span> <span class='ocrx_word' id='word_1_650' title='bbox 1256 3517 1375 3562; x_wconf 73' lang='lat' dir='ltr'><strong>Psal.</strong></span> <span class='ocrx_word' id='word_1_651' title='bbox 1407 3519 1500 3562; x_wconf 60' lang='lat' dir='ltr'><strong>xiix</strong></span> <span class='ocrx_word' id='word_1_652' title='bbox 1527 3520 1557 3575; x_wconf 87' lang='lat'><strong>),</strong></span> 
     </span>
     <span class='ocr_line' id='line_1_83' title="bbox 316 3572 1560 3630; baseline 0 -12"><span class='ocrx_word' id='word_1_653' title='bbox 316 3575 444 3618; x_wconf 83' lang='lat' dir='ltr'><strong>silent</strong></span> <span class='ocrx_word' id='word_1_654' title='bbox 469 3575 688 3630; x_wconf 80' lang='lat' dir='ltr'><strong>prophetae</strong></span> <span class='ocrx_word' id='word_1_655' title='bbox 710 3579 751 3617; x_wconf 83' lang='lat' dir='ltr'><strong>et</strong></span> <span class='ocrx_word' id='word_1_656' title='bbox 769 3573 1084 3616; x_wconf 83' lang='lat' dir='ltr'><strong>conticescunt.</strong></span> <span class='ocrx_word' id='word_1_657' title='bbox 1103 3572 1256 3617; x_wconf 56' lang='lat' dir='ltr'><strong>Veniat</strong></span> <span class='ocrx_word' id='word_1_658' title='bbox 1282 3587 1395 3618; x_wconf 89' lang='lat' dir='ltr'><strong>nunc</strong></span> <span class='ocrx_word' id='word_1_659' title='bbox 1417 3586 1560 3618; x_wconf 87' lang='lat' dir='ltr'><strong>sermo</strong></span> 
     </span>
     <span class='ocr_line' id='line_1_84' title="bbox 314 3628 1558 3685; baseline -0.001 -12"><span class='ocrx_word' id='word_1_660' title='bbox 314 3630 388 3673; x_wconf 70' lang='lat' dir='ltr'><strong>Dei</strong></span> <span class='ocrx_word' id='word_1_661' title='bbox 413 3632 465 3673; x_wconf 83' lang='lat' dir='ltr'><strong>ad</strong></span> <span class='ocrx_word' id='word_1_662' title='bbox 491 3629 933 3679; x_wconf 67' lang='lat' dir='ltr'><strong>silentes.auiliainus</strong></span> <span class='ocrx_word' id='word_1_663' title='bbox 976 3628 1078 3685; x_wconf 78' lang='lat' dir='ltr'><strong>quid</strong></span> <span class='ocrx_word' id='word_1_664' title='bbox 1109 3628 1317 3673; x_wconf 88' lang='lat' dir='ltr'><strong>Dominus</strong></span> <span class='ocrx_word' id='word_1_665' title='bbox 1353 3630 1466 3674; x_wconf 87' lang='lat' dir='ltr'><strong>Deus</strong></span> <span class='ocrx_word' id='word_1_666' title='bbox 1493 3631 1558 3672; x_wconf 94' lang='lat' dir='ltr'><strong>lo-</strong></span> 
     </span>
     <span class='ocr_line' id='line_1_85' title="bbox 316 3682 1560 3741; baseline -0.001 -12"><span class='ocrx_word' id='word_1_667' title='bbox 316 3694 474 3741; x_wconf 78' lang='lat' dir='ltr'><strong>quatur</strong></span> <span class='ocrx_word' id='word_1_668' title='bbox 523 3685 649 3729; x_wconf 84' lang='lat' dir='ltr'><strong>nobis</strong></span> <span class='ocrx_word' id='word_1_669' title='bbox 669 3701 678 3728; x_wconf 96' lang='lat'>:</span> <span class='ocrx_word' id='word_1_670' title='bbox 705 3684 833 3734; x_wconf 80' lang='lat' dir='ltr'><strong>Audi,</strong></span> <span class='ocrx_word' id='word_1_671' title='bbox 851 3682 1004 3728; x_wconf 76' lang='lat' dir='ltr'><strong>Israel.</strong></span> <span class='ocrx_word' id='word_1_672' title='bbox 1025 3692 1228 3739; x_wconf 79' lang='lat' dir='ltr'><strong>proecepta</strong></span> <span class='ocrx_word' id='word_1_673' title='bbox 1257 3686 1365 3736; x_wconf 74' lang='lat' dir='ltr'><strong>vum,</strong></span> <span class='ocrx_word' id='word_1_674' title='bbox 1383 3693 1423 3729; x_wconf 82' lang='lat' dir='ltr'><strong>et</strong></span> <span class='ocrx_word' id='word_1_675' title='bbox 1444 3698 1494 3728; x_wconf 84' lang='lat' dir='ltr'><strong>ea</strong></span> <span class='ocrx_word' id='word_1_676' title='bbox 1516 3687 1560 3729; x_wconf 80' lang='lat' dir='ltr'><strong>in</strong></span> 
     </span>
     <span class='ocr_line' id='line_1_86' title="bbox 314 3740 1558 3795; baseline 0 -12"><span class='ocrx_word' id='word_1_677' title='bbox 314 3742 435 3783; x_wconf 72' lang='lat' dir='ltr'><strong>corde</strong></span> <span class='ocrx_word' id='word_1_678' title='bbox 479 3749 549 3782; x_wconf 74' lang='lat' dir='ltr'><strong>luo</strong></span> <span class='ocrx_word' id='word_1_679' title='bbox 589 3741 736 3791; x_wconf 77' lang='lat' dir='ltr'><strong>scribe,</strong></span> <span class='ocrx_word' id='word_1_680' title='bbox 779 3741 901 3795; x_wconf 78' lang='lat' dir='ltr'><strong>quasi</strong></span> <span class='ocrx_word' id='word_1_681' title='bbox 937 3743 977 3782; x_wconf 76' lang='lat' dir='ltr'><strong>in</strong></span> <span class='ocrx_word' id='word_1_682' title='bbox 1022 3740 1143 3790; x_wconf 62' lang='lat' dir='ltr'><strong>thro,</strong></span> <span class='ocrx_word' id='word_1_683' title='bbox 1180 3748 1218 3783; x_wconf 85' lang='lat' dir='ltr'><strong>et</strong></span> <span class='ocrx_word' id='word_1_684' title='bbox 1257 3740 1374 3783; x_wconf 79' lang='lat' dir='ltr'><strong>dubit</strong></span> <span class='ocrx_word' id='word_1_685' title='bbox 1404 3748 1558 3784; x_wconf 83' lang='lat' dir='ltr'><strong>terram</strong></span> 
     </span>
     <span class='ocr_line' id='line_1_87' title="bbox 315 3794 1558 3852; baseline 0.003 -15"><span class='ocrx_word' id='word_1_686' title='bbox 315 3798 509 3851; x_wconf 76' lang='lat' dir='ltr'><strong>fluentem</strong></span> <span class='ocrx_word' id='word_1_687' title='bbox 533 3797 597 3838; x_wconf 78' lang='lat' dir='ltr'><strong>luc</strong></span> <span class='ocrx_word' id='word_1_688' title='bbox 623 3803 659 3839; x_wconf 87' lang='lat' dir='ltr'><strong>et</strong></span> <span class='ocrx_word' id='word_1_689' title='bbox 685 3796 764 3839; x_wconf 83' lang='lat' dir='ltr'><strong>mel</strong></span> <span class='ocrx_word' id='word_1_690' title='bbox 797 3794 939 3850; x_wconf 73' lang='lat' dir='ltr'><strong>(Dent.</strong></span> <span class='ocrx_word' id='word_1_691' title='bbox 963 3795 1039 3852; x_wconf 82' lang='lat' dir='ltr'><strong>tv).</strong></span> <span class='ocrx_word' id='word_1_692' title='bbox 1069 3795 1168 3840; x_wconf 80' lang='lat' dir='ltr'><strong>istis</strong></span> <span class='ocrx_word' id='word_1_693' title='bbox 1208 3795 1377 3840; x_wconf 84' lang='lat' dir='ltr'><strong>Domini</strong></span> <span class='ocrx_word' id='word_1_694' title='bbox 1414 3797 1558 3841; x_wconf 86' lang='lat' dir='ltr'><strong>verbis</strong></span> 
     </span>
     <span class='ocr_line' id='line_1_88' title="bbox 317 3851 1559 3906; baseline 0.002 -12"><span class='ocrx_word' id='word_1_695' title='bbox 317 3854 397 3894; x_wconf 81' lang='lat' dir='ltr'><strong>tria</strong></span> <span class='ocrx_word' id='word_1_696' title='bbox 419 3853 544 3895; x_wconf 87' lang='lat' dir='ltr'><strong>nobis</strong></span> <span class='ocrx_word' id='word_1_697' title='bbox 574 3851 879 3900; x_wconf 73' lang='lat' dir='ltr'><strong>ostenduntur,</strong></span> <span class='ocrx_word' id='word_1_698' title='bbox 907 3863 993 3906; x_wconf 90' lang='lat' dir='ltr'><strong>quo</strong></span> <span class='ocrx_word' id='word_1_699' title='bbox 1022 3853 1196 3895; x_wconf 85' lang='lat' dir='ltr'><strong>nomine</strong></span> <span class='ocrx_word' id='word_1_700' title='bbox 1229 3851 1438 3896; x_wconf 84' lang='lat' dir='ltr'><strong>debemus</strong></span> <span class='ocrx_word' id='word_1_701' title='bbox 1454 3864 1559 3896; x_wconf 89' lang='lat' dir='ltr'><strong>cen·</strong></span> 
     </span>
     <span class='ocr_line' id='line_1_89' title="bbox 317 3905 1553 3963; baseline 0.001 -13"><span class='ocrx_word' id='word_1_702' title='bbox 317 3909 420 3956; x_wconf 70' lang='lat' dir='ltr'><strong>scri,</strong></span> <span class='ocrx_word' id='word_1_703' title='bbox 439 3907 608 3961; x_wconf 82' lang='lat' dir='ltr'><strong>etquid</strong></span> <span class='ocrx_word' id='word_1_704' title='bbox 644 3919 786 3961; x_wconf 75' lang='lat' dir='ltr'><strong>agere,</strong></span> <span class='ocrx_word' id='word_1_705' title='bbox 813 3905 918 3961; x_wconf 86' lang='lat' dir='ltr'><strong>quid</strong></span> <span class='ocrx_word' id='word_1_706' title='bbox 955 3907 999 3949; x_wconf 90' lang='lat' dir='ltr'><strong>in</strong></span> <span class='ocrx_word' id='word_1_707' title='bbox 1028 3908 1247 3960; x_wconf 82' lang='lat' dir='ltr'><strong>praemium</strong></span> <span class='ocrx_word' id='word_1_708' title='bbox 1285 3916 1553 3963; x_wconf 79' lang='lat' dir='ltr'><strong>exspectare.</strong></span> 
     </span>
     <span class='ocr_line' id='line_1_90' title="bbox 315 3962 1557 4016; baseline 0.001 -12"><span class='ocrx_word' id='word_1_709' title='bbox 315 3962 478 4005; x_wconf 83' lang='lat' dir='ltr'><strong>Nomen</strong></span> <span class='ocrx_word' id='word_1_710' title='bbox 517 3969 711 4004; x_wconf 70' lang='lat' dir='ltr'><strong>nostrum</strong></span> <span class='ocrx_word' id='word_1_711' title='bbox 749 3974 949 4016; x_wconf 85' lang='lat' dir='ltr'><strong>magnum</strong></span> <span class='ocrx_word' id='word_1_712' title='bbox 991 3970 1058 4004; x_wconf 82' lang='lat' dir='ltr'><strong>cst</strong></span> <span class='ocrx_word' id='word_1_713' title='bbox 1084 3976 1092 4001; x_wconf 75' lang='grc' dir='ltr'><strong>ι</strong></span> <span class='ocrx_word' id='word_1_714' title='bbox 1123 3963 1208 4006; x_wconf 84' lang='lat' dir='ltr'><strong>lloc</strong></span> <span class='ocrx_word' id='word_1_715' title='bbox 1241 3968 1415 4006; x_wconf 87' lang='lat' dir='ltr'><strong>nomine</strong></span> <span class='ocrx_word' id='word_1_716' title='bbox 1451 3964 1557 4006; x_wconf 86' lang='lat' dir='ltr'><strong>nihil</strong></span> 
     </span>
     <span class='ocr_line' id='line_1_91' title="bbox 316 4015 1556 4086; baseline 0.002 -28"><span class='ocrx_word' id='word_1_717' title='bbox 316 4019 472 4086; x_wconf 52' lang='lat' dir='ltr'><strong>maius.</strong></span> <span class='ocrx_word' id='word_1_718' title='bbox 504 4018 928 4060; x_wconf 81' lang='lat' dir='ltr'><strong>nihilexcellentius.</strong></span> <span class='ocrx_word' id='word_1_719' title='bbox 956 4015 1148 4061; x_wconf 78' lang='lat' dir='ltr'><strong>Dicimur</strong></span> <span class='ocrx_word' id='word_1_720' title='bbox 1169 4019 1283 4062; x_wconf 88' lang='lat' dir='ltr'><strong>enim</strong></span> <span class='ocrx_word' id='word_1_721' title='bbox 1316 4018 1556 4061; x_wconf 77' lang='lat' dir='ltr'><strong>Christiani</strong></span> 
     </span>
     <span class='ocr_line' id='line_1_92' title="bbox 317 4072 1554 4129; baseline 0.002 -14"><span class='ocrx_word' id='word_1_722' title='bbox 317 4085 339 4115; x_wconf 89' lang='lat' dir='ltr'><strong>a</strong></span> <span class='ocrx_word' id='word_1_723' title='bbox 366 4073 559 4117; x_wconf 65' lang='lat' dir='ltr'><strong>bitristo.</strong></span> <span class='ocrx_word' id='word_1_724' title='bbox 584 4072 694 4125; x_wconf 86' lang='lat' dir='ltr'><strong>Quid</strong></span> <span class='ocrx_word' id='word_1_725' title='bbox 723 4073 911 4127; x_wconf 89' lang='lat' dir='ltr'><strong>amplius</strong></span> <span class='ocrx_word' id='word_1_726' title='bbox 944 4082 1154 4116; x_wconf 53' lang='lat' dir='ltr'><strong>creaturae</strong></span> <span class='ocrx_word' id='word_1_727' title='bbox 1186 4076 1327 4129; x_wconf 87' lang='lat' dir='ltr'><strong>potuit</strong></span> <span class='ocrx_word' id='word_1_728' title='bbox 1366 4074 1554 4124; x_wconf 75' lang='lat' dir='ltr'><strong>deferre,</strong></span> 
     </span>
     <span class='ocr_line' id='line_1_93' title="bbox 315 4128 1553 4184; baseline 0.002 -14"><span class='ocrx_word' id='word_1_729' title='bbox 315 4140 443 4184; x_wconf 68' lang='lat' dir='ltr'><strong>quiam</strong></span> <span class='ocrx_word' id='word_1_730' title='bbox 475 4129 695 4172; x_wconf 77' lang='lat' dir='ltr'><strong>creatoris</strong></span> <span class='ocrx_word' id='word_1_731' title='bbox 718 4129 785 4170; x_wconf 88' lang='lat' dir='ltr'><strong>sui</strong></span> <span class='ocrx_word' id='word_1_732' title='bbox 814 4128 990 4170; x_wconf 88' lang='lat' dir='ltr'><strong>nomine</strong></span> <span class='ocrx_word' id='word_1_733' title='bbox 1033 4130 1234 4172; x_wconf 79' lang='lat' dir='ltr'><strong>censeri?</strong></span> <span class='ocrx_word' id='word_1_734' title='bbox 1260 4129 1303 4171; x_wconf 86' lang='lat' dir='ltr'><strong>Si</strong></span> <span class='ocrx_word' id='word_1_735' title='bbox 1324 4141 1427 4184; x_wconf 81' lang='lat' dir='ltr'><strong>ergo</strong></span> <span class='ocrx_word' id='word_1_736' title='bbox 1448 4142 1553 4172; x_wconf 82' lang='lat' dir='ltr'><strong>cun·</strong></span> 
     </span>
     <span class='ocr_line' id='line_1_94' title="bbox 313 4183 1550 4231; baseline 0.001 -6"><span class='ocrx_word' id='word_1_737' title='bbox 313 4183 511 4226; x_wconf 65' lang='lat' dir='ltr'><strong>vonimus</strong></span> <span class='ocrx_word' id='word_1_738' title='bbox 534 4183 722 4231; x_wconf 87' lang='lat' dir='ltr'><strong>nomine,</strong></span> <span class='ocrx_word' id='word_1_739' title='bbox 738 4183 1047 4227; x_wconf 84' lang='lat' dir='ltr'><strong>conveniamus</strong></span> <span class='ocrx_word' id='word_1_740' title='bbox 1066 4192 1107 4225; x_wconf 86' lang='lat' dir='ltr'><strong>et</strong></span> <span class='ocrx_word' id='word_1_741' title='bbox 1131 4197 1191 4228; x_wconf 84' lang='lat' dir='ltr'><strong>re.</strong></span> <span class='ocrx_word' id='word_1_742' title='bbox 1218 4184 1384 4226; x_wconf 86' lang='lat' dir='ltr'><strong>Dicitur</strong></span> <span class='ocrx_word' id='word_1_743' title='bbox 1403 4187 1518 4228; x_wconf 87' lang='lat' dir='ltr'><strong>enim</strong></span> <span class='ocrx_word' id='word_1_744' title='bbox 1540 4198 1550 4226; x_wconf 88' lang='lat'>:</span> 
     </span>
     <span class='ocr_line' id='line_1_95' title="bbox 316 4236 1552 4295; baseline 0.002 -16"><span class='ocrx_word' id='word_1_745' title='bbox 316 4239 398 4290; x_wconf 77' lang='lat' dir='ltr'><strong>Qui</strong></span> <span class='ocrx_word' id='word_1_746' title='bbox 428 4237 527 4279; x_wconf 80' lang='lat' dir='ltr'><strong>dicit</strong></span> <span class='ocrx_word' id='word_1_747' title='bbox 549 4250 592 4281; x_wconf 69' lang='lat' dir='ltr'><strong>te</strong></span> <span class='ocrx_word' id='word_1_748' title='bbox 607 4240 649 4280; x_wconf 84' lang='lat' dir='ltr'><strong>in</strong></span> <span class='ocrx_word' id='word_1_749' title='bbox 668 4236 834 4281; x_wconf 70' lang='lat' dir='ltr'><strong>Christo</strong></span> <span class='ocrx_word' id='word_1_750' title='bbox 859 4251 1038 4286; x_wconf 80' lang='lat' dir='ltr'><strong>manere,</strong></span> <span class='ocrx_word' id='word_1_751' title='bbox 1068 4238 1183 4281; x_wconf 71' lang='lat' dir='ltr'><strong>debet</strong></span> <span class='ocrx_word' id='word_1_752' title='bbox 1207 4239 1552 4295; x_wconf 81' lang='lat' dir='ltr'><strong>quemadmodum</strong></span> 
     </span>
     <span class='ocr_line' id='line_1_96' title="bbox 314 4292 1552 4351; baseline 0.003 -17"><span class='ocrx_word' id='word_1_753' title='bbox 314 4292 540 4342; x_wconf 70' lang='grc' dir='ltr'><strong>αιιιιιιιιουὶι</strong></span> <span class='ocrx_word' id='word_1_754' title='bbox 560 4301 599 4336; x_wconf 80' lang='lat' dir='ltr'><strong>et</strong></span> <span class='ocrx_word' id='word_1_755' title='bbox 618 4293 688 4335; x_wconf 75' lang='lat' dir='ltr'><strong>ille</strong></span> <span class='ocrx_word' id='word_1_756' title='bbox 731 4294 947 4336; x_wconf 77' lang='lat' dir='ltr'><strong>ambulare</strong></span> <span class='ocrx_word' id='word_1_757' title='bbox 965 4292 1003 4349; x_wconf 68' lang='grc' dir='ltr'><strong>(Ι</strong></span> <span class='ocrx_word' id='word_1_758' title='bbox 1023 4292 1150 4337; x_wconf 83' lang='lat' dir='ltr'><strong>Juan.</strong></span> <span class='ocrx_word' id='word_1_759' title='bbox 1173 4299 1236 4349; x_wconf 86' lang='grc' dir='ltr'><strong>ιι).</strong></span> <span class='ocrx_word' id='word_1_760' title='bbox 1262 4294 1460 4351; x_wconf 73' lang='lat' dir='ltr'><strong>Magnum</strong></span> <span class='ocrx_word' id='word_1_761' title='bbox 1486 4302 1552 4340; x_wconf 85' lang='lat' dir='ltr'><strong>est</strong></span> 
     </span>
     <span class='ocr_line' id='line_1_97' title="bbox 315 4346 1547 4414; baseline 0.005 -25"><span class='ocrx_word' id='word_1_762' title='bbox 315 4346 442 4397; x_wconf 69' lang='lat' dir='ltr'><strong>iliud,</strong></span> <span class='ocrx_word' id='word_1_763' title='bbox 476 4358 563 4391; x_wconf 85' lang='lat' dir='ltr'><strong>non</strong></span> <span class='ocrx_word' id='word_1_764' title='bbox 588 4349 803 4392; x_wconf 79' lang='lat' dir='ltr'><strong>modicum</strong></span> <span class='ocrx_word' id='word_1_765' title='bbox 827 4355 894 4392; x_wconf 85' lang='lat' dir='ltr'><strong>est</strong></span> <span class='ocrx_word' id='word_1_766' title='bbox 914 4349 1044 4402; x_wconf 83' lang='lat' dir='ltr'><strong>istud,</strong></span> <span class='ocrx_word' id='word_1_767' title='bbox 1065 4361 1149 4414; x_wconf 78' lang='lat' dir='ltr'><strong>quo</strong></span> <span class='ocrx_word' id='word_1_768' title='bbox 1167 4351 1236 4393; x_wconf 85' lang='lat' dir='ltr'><strong>liic</strong></span> <span class='ocrx_word' id='word_1_769' title='bbox 1257 4355 1547 4395; x_wconf 83' lang='lat' dir='ltr'><strong>nominamur.</strong></span> 
     </span>
     <span class='ocr_line' id='line_1_98' title="bbox 315 4401 1553 4461; baseline 0.004 -15"><span class='ocrx_word' id='word_1_770' title='bbox 315 4402 507 4447; x_wconf 87' lang='lat' dir='ltr'><strong>Dicimur</strong></span> <span class='ocrx_word' id='word_1_771' title='bbox 531 4403 600 4449; x_wconf 80' lang='lat' dir='ltr'><strong>liic</strong></span> <span class='ocrx_word' id='word_1_772' title='bbox 623 4401 754 4448; x_wconf 84' lang='lat' dir='ltr'><strong>lsrael</strong></span> <span class='ocrx_word' id='word_1_773' title='bbox 777 4404 847 4461; x_wconf 83' lang='lat' dir='ltr'><strong>qui</strong></span> <span class='ocrx_word' id='word_1_774' title='bbox 870 4410 937 4448; x_wconf 80' lang='lat' dir='ltr'><strong>est</strong></span> <span class='ocrx_word' id='word_1_775' title='bbox 963 4405 1025 4448; x_wconf 81' lang='lat' dir='ltr'><strong>vir</strong></span> <span class='ocrx_word' id='word_1_776' title='bbox 1050 4404 1200 4450; x_wconf 83' lang='lat' dir='ltr'><strong>videns</strong></span> <span class='ocrx_word' id='word_1_777' title='bbox 1223 4404 1372 4459; x_wconf 78' lang='lat' dir='ltr'><strong>Deum,</strong></span> <span class='ocrx_word' id='word_1_778' title='bbox 1394 4417 1553 4451; x_wconf 80' lang='lat' dir='ltr'><strong>secuu-</strong></span> 
     </span>
    </p>
   </div>
   <div class='ocr_carea' id='block_1_13' title="bbox 1631 1283 2924 4469">
    <p class='ocr_par' dir='ltr' id='par_1_15' title="bbox 1639 1283 2898 3615">
     <span class='ocr_line' id='line_1_99' title="bbox 1649 1283 2897 1341; baseline 0.006 -14"><span class='ocrx_word' id='word_1_779' title='bbox 1649 1298 1901 1341; x_wconf 86' lang='lat' dir='ltr'><strong>comparare</strong></span> <span class='ocrx_word' id='word_1_780' title='bbox 1935 1283 2127 1330; x_wconf 75' lang='lat' dir='ltr'><strong>studeas.</strong></span> <span class='ocrx_word' id='word_1_781' title='bbox 2154 1284 2280 1329; x_wconf 82' lang='lat' dir='ltr'><strong>Prius</strong></span> <span class='ocrx_word' id='word_1_782' title='bbox 2306 1287 2493 1330; x_wconf 74' lang='lat' dir='ltr'><strong>traditur</strong></span> <span class='ocrx_word' id='word_1_783' title='bbox 2518 1289 2690 1339; x_wconf 83' lang='lat' dir='ltr'><strong>rasori,</strong></span> <span class='ocrx_word' id='word_1_784' title='bbox 2723 1297 2769 1334; x_wconf 90' lang='lat' dir='ltr'><strong>ut</strong></span> <span class='ocrx_word' id='word_1_785' title='bbox 2793 1291 2897 1334; x_wconf 73' lang='lat' dir='ltr'><strong>euni</strong></span> 
     </span>
     <span class='ocr_line' id='line_1_100' title="bbox 1646 1341 2890 1398; baseline 0.005 -14"><span class='ocrx_word' id='word_1_786' title='bbox 1646 1343 1815 1385; x_wconf 85' lang='lat' dir='ltr'><strong>rasorio</strong></span> <span class='ocrx_word' id='word_1_787' title='bbox 1834 1353 2005 1386; x_wconf 89' lang='lat' dir='ltr'><strong>omnem</strong></span> <span class='ocrx_word' id='word_1_788' title='bbox 2029 1341 2393 1397; x_wconf 84' lang='lat' dir='ltr'><strong>superfluitatem,</strong></span> <span class='ocrx_word' id='word_1_789' title='bbox 2420 1344 2741 1398; x_wconf 74' lang='lat' dir='ltr'><strong>pinguedinem,</strong></span> <span class='ocrx_word' id='word_1_790' title='bbox 2764 1358 2890 1390; x_wconf 79' lang='lat' dir='ltr'><strong>seru·</strong></span> 
     </span>
     <span class='ocr_line' id='line_1_101' title="bbox 1647 1397 2892 1457; baseline 0.005 -17"><span class='ocrx_word' id='word_1_791' title='bbox 1647 1399 1772 1453; x_wconf 90' lang='lat' dir='ltr'><strong>pulos</strong></span> <span class='ocrx_word' id='word_1_792' title='bbox 1797 1404 1837 1441; x_wconf 90' lang='lat' dir='ltr'><strong>et</strong></span> <span class='ocrx_word' id='word_1_793' title='bbox 1862 1397 2055 1442; x_wconf 84' lang='lat' dir='ltr'><strong>maculas</strong></span> <span class='ocrx_word' id='word_1_794' title='bbox 2083 1398 2221 1449; x_wconf 89' lang='lat' dir='ltr'><strong>tollat,</strong></span> <span class='ocrx_word' id='word_1_795' title='bbox 2247 1397 2403 1442; x_wconf 87' lang='lat' dir='ltr'><strong>deinde</strong></span> <span class='ocrx_word' id='word_1_796' title='bbox 2431 1402 2679 1454; x_wconf 80' lang='lat' dir='ltr'><strong>supervenit</strong></span> <span class='ocrx_word' id='word_1_797' title='bbox 2707 1413 2862 1457; x_wconf 17' lang='lat' dir='ltr'><strong>punies,</strong></span> <span class='ocrx_word' id='word_1_798' title='bbox 2879 1433 2892 1453; x_wconf 88' lang='lat'><em>.</em></span> 
     </span>
     <span class='ocr_line' id='line_1_102' title="bbox 1648 1452 2890 1510; baseline 0.004 -15"><span class='ocrx_word' id='word_1_799' title='bbox 1648 1459 1694 1495; x_wconf 90' lang='lat' dir='ltr'><strong>ut</strong></span> <span class='ocrx_word' id='word_1_800' title='bbox 1719 1454 1833 1508; x_wconf 81' lang='lat' dir='ltr'><strong>quud</strong></span> <span class='ocrx_word' id='word_1_801' title='bbox 1862 1454 1979 1497; x_wconf 89' lang='lat' dir='ltr'><strong>rasio</strong></span> <span class='ocrx_word' id='word_1_802' title='bbox 1998 1452 2171 1498; x_wconf 82' lang='lat' dir='ltr'><strong>auferre</strong></span> <span class='ocrx_word' id='word_1_803' title='bbox 2194 1466 2281 1498; x_wconf 90' lang='lat' dir='ltr'><strong>non</strong></span> <span class='ocrx_word' id='word_1_804' title='bbox 2303 1455 2449 1510; x_wconf 84' lang='lat' dir='ltr'><strong>potuit</strong></span> <span class='ocrx_word' id='word_1_805' title='bbox 2475 1455 2644 1510; x_wconf 79' lang='lat' dir='ltr'><strong>pumice</strong></span> <span class='ocrx_word' id='word_1_806' title='bbox 2676 1457 2890 1508; x_wconf 72' lang='lat' dir='ltr'><strong>deleatur,</strong></span> 
     </span>
     <span class='ocr_line' id='line_1_103' title="bbox 1647 1510 2898 1567; baseline 0.006 -16"><span class='ocrx_word' id='word_1_807' title='bbox 1647 1510 1812 1554; x_wconf 77' lang='lat' dir='ltr'><strong>scilicet</strong></span> <span class='ocrx_word' id='word_1_808' title='bbox 1834 1510 1908 1565; x_wconf 90' lang='lat' dir='ltr'><strong>pili</strong></span> <span class='ocrx_word' id='word_1_809' title='bbox 1933 1515 1974 1554; x_wconf 88' lang='lat' dir='ltr'><strong>et</strong></span> <span class='ocrx_word' id='word_1_810' title='bbox 1995 1510 2099 1552; x_wconf 73' lang='lat' dir='ltr'><strong>talia</strong></span> <span class='ocrx_word' id='word_1_811' title='bbox 2120 1510 2303 1556; x_wconf 88' lang='lat' dir='ltr'><strong>minuta.</strong></span> <span class='ocrx_word' id='word_1_812' title='bbox 2328 1510 2390 1553; x_wconf 67' lang='lat' dir='ltr'><strong>Ad</strong></span> <span class='ocrx_word' id='word_1_813' title='bbox 2410 1511 2514 1560; x_wconf 72' lang='lat' dir='ltr'><strong>lucc,</strong></span> <span class='ocrx_word' id='word_1_814' title='bbox 2541 1520 2770 1567; x_wconf 71' lang='lat' dir='ltr'><strong>antequam</strong></span> <span class='ocrx_word' id='word_1_815' title='bbox 2791 1515 2898 1558; x_wconf 83' lang='lat' dir='ltr'><strong>scri·-</strong></span> 
     </span>
     <span class='ocr_line' id='line_1_104' title="bbox 1645 1565 2892 1622; baseline 0.005 -15"><span class='ocrx_word' id='word_1_816' title='bbox 1645 1565 1788 1617; x_wconf 82' lang='lat' dir='ltr'><strong>hatur,</strong></span> <span class='ocrx_word' id='word_1_817' title='bbox 1813 1577 1922 1621; x_wconf 90' lang='lat' dir='ltr'><strong>opus</strong></span> <span class='ocrx_word' id='word_1_818' title='bbox 1957 1571 2023 1609; x_wconf 81' lang='lat' dir='ltr'><strong>est</strong></span> <span class='ocrx_word' id='word_1_819' title='bbox 2062 1567 2210 1622; x_wconf 81' lang='lat' dir='ltr'><strong>regula</strong></span> <span class='ocrx_word' id='word_1_820' title='bbox 2241 1579 2294 1610; x_wconf 87' lang='lat' dir='ltr'><strong>ne</strong></span> <span class='ocrx_word' id='word_1_821' title='bbox 2319 1573 2514 1609; x_wconf 81' lang='lat' dir='ltr'><strong>tortuose</strong></span> <span class='ocrx_word' id='word_1_822' title='bbox 2537 1567 2723 1613; x_wconf 77' lang='lat' dir='ltr'><strong>duratur</strong></span> <span class='ocrx_word' id='word_1_823' title='bbox 2744 1570 2855 1613; x_wconf 81' lang='lat' dir='ltr'><strong>linea</strong></span> <span class='ocrx_word' id='word_1_824' title='bbox 2872 1584 2892 1613; x_wconf 75' lang='lat' dir='ltr'><strong>‚z</strong></span> 
     </span>
     <span class='ocr_line' id='line_1_105' title="bbox 1648 1619 2898 1678; baseline 0.006 -16"><span class='ocrx_word' id='word_1_825' title='bbox 1648 1619 1720 1664; x_wconf 83' lang='lat' dir='ltr'><strong>Sic</strong></span> <span class='ocrx_word' id='word_1_826' title='bbox 1745 1630 1787 1663; x_wconf 86' lang='lat' dir='ltr'><strong>et</strong></span> <span class='ocrx_word' id='word_1_827' title='bbox 1823 1628 1867 1663; x_wconf 83' lang='lat' dir='ltr'><strong>tu</strong></span> <span class='ocrx_word' id='word_1_828' title='bbox 1890 1654 1901 1674; x_wconf 86' lang='lat'><strong>,</strong></span> <span class='ocrx_word' id='word_1_829' title='bbox 1929 1622 2056 1677; x_wconf 84' lang='lat' dir='ltr'><strong>quasi</strong></span> <span class='ocrx_word' id='word_1_830' title='bbox 2082 1622 2282 1672; x_wconf 88' lang='lat' dir='ltr'><strong>rasorio,</strong></span> <span class='ocrx_word' id='word_1_831' title='bbox 2315 1623 2599 1667; x_wconf 67' lang='lat' dir='ltr'><strong>amaritudine</strong></span> <span class='ocrx_word' id='word_1_832' title='bbox 2634 1626 2898 1678; x_wconf 73' lang='lat' dir='ltr'><strong>poenitentiae</strong></span> 
     </span>
     <span class='ocr_line' id='line_1_106' title="bbox 1645 1678 2895 1731; baseline 0.006 -13"><span class='ocrx_word' id='word_1_833' title='bbox 1645 1689 1819 1719; x_wconf 67' lang='lat' dir='ltr'><strong>carnem</strong></span> <span class='ocrx_word' id='word_1_834' title='bbox 1857 1689 1982 1727; x_wconf 83' lang='lat' dir='ltr'><strong>seca,</strong></span> <span class='ocrx_word' id='word_1_835' title='bbox 2017 1678 2191 1722; x_wconf 82' lang='lat' dir='ltr'><strong>arbusta</strong></span> <span class='ocrx_word' id='word_1_836' title='bbox 2217 1679 2448 1721; x_wconf 86' lang='lat' dir='ltr'><strong>criminum</strong></span> <span class='ocrx_word' id='word_1_837' title='bbox 2485 1682 2743 1731; x_wconf 79' lang='lat' dir='ltr'><strong>conscinde,</strong></span> <span class='ocrx_word' id='word_1_838' title='bbox 2773 1691 2818 1724; x_wconf 89' lang='lat' dir='ltr'><strong>ut</strong></span> <span class='ocrx_word' id='word_1_839' title='bbox 2857 1682 2895 1726; x_wconf 76' lang='lat' dir='ltr'><strong>si</strong></span> 
     </span>
     <span class='ocr_line' id='line_1_107' title="bbox 1645 1734 2894 1794; baseline 0.006 -20"><span class='ocrx_word' id='word_1_840' title='bbox 1645 1742 1728 1787; x_wconf 88' lang='lat' dir='ltr'><strong>qua</strong></span> <span class='ocrx_word' id='word_1_841' title='bbox 1759 1745 1834 1787; x_wconf 87' lang='lat' dir='ltr'><strong>per</strong></span> <span class='ocrx_word' id='word_1_842' title='bbox 1853 1734 2117 1788; x_wconf 80' lang='lat' dir='ltr'><strong>voluptate-m</strong></span> <span class='ocrx_word' id='word_1_843' title='bbox 2142 1734 2285 1779; x_wconf 84' lang='lat' dir='ltr'><strong>carnis</strong></span> <span class='ocrx_word' id='word_1_844' title='bbox 2308 1735 2566 1778; x_wconf 72' lang='lat' dir='ltr'><strong>contraxisti</strong></span> <span class='ocrx_word' id='word_1_845' title='bbox 2591 1737 2790 1790; x_wconf 80' lang='lat' dir='ltr'><strong>crimina,</strong></span> <span class='ocrx_word' id='word_1_846' title='bbox 2814 1750 2894 1794; x_wconf 65' lang='lat' dir='ltr'><strong>per</strong></span> 
     </span>
     <span class='ocr_line' id='line_1_108' title="bbox 1646 1788 2896 1844; baseline 0.002 -12"><span class='ocrx_word' id='word_1_847' title='bbox 1646 1788 1840 1843; x_wconf 81' lang='lat' dir='ltr'><strong>ejusdem</strong></span> <span class='ocrx_word' id='word_1_848' title='bbox 1866 1790 2135 1844; x_wconf 84' lang='lat' dir='ltr'><strong>punitionem</strong></span> <span class='ocrx_word' id='word_1_849' title='bbox 2171 1790 2333 1834; x_wconf 88' lang='lat' dir='ltr'><strong>deleas.</strong></span> <span class='ocrx_word' id='word_1_850' title='bbox 2359 1789 2493 1833; x_wconf 80' lang='lat' dir='ltr'><strong>Auser</strong></span> <span class='ocrx_word' id='word_1_851' title='bbox 2546 1793 2770 1835; x_wconf 78' lang='lat' dir='ltr'><strong>avaritiam</strong></span> <span class='ocrx_word' id='word_1_852' title='bbox 2787 1823 2800 1844; x_wconf 89' lang='lat'><strong>,</strong></span> <span class='ocrx_word' id='word_1_853' title='bbox 2829 1793 2896 1836; x_wconf 63' lang='lat' dir='ltr'><strong>lnt-</strong></span> 
     </span>
     <span class='ocr_line' id='line_1_109' title="bbox 1645 1845 2898 1897; baseline 0.004 -10"><span class='ocrx_word' id='word_1_854' title='bbox 1645 1846 1830 1895; x_wconf 82' lang='lat' dir='ltr'><strong>xuriam,</strong></span> <span class='ocrx_word' id='word_1_855' title='bbox 1853 1845 2059 1888; x_wconf 83' lang='lat' dir='ltr'><strong>invidiam</strong></span> <span class='ocrx_word' id='word_1_856' title='bbox 2087 1857 2111 1887; x_wconf 92' lang='lat' dir='ltr'><strong>a</strong></span> <span class='ocrx_word' id='word_1_857' title='bbox 2136 1845 2265 1889; x_wconf 89' lang='lat' dir='ltr'><strong>eorde</strong></span> <span class='ocrx_word' id='word_1_858' title='bbox 2293 1856 2382 1897; x_wconf 86' lang='lat' dir='ltr'><strong>tuo,</strong></span> <span class='ocrx_word' id='word_1_859' title='bbox 2403 1851 2446 1890; x_wconf 89' lang='lat' dir='ltr'><strong>et</strong></span> <span class='ocrx_word' id='word_1_860' title='bbox 2470 1847 2588 1891; x_wconf 63' lang='lat' dir='ltr'><strong>uria.</strong></span> <span class='ocrx_word' id='word_1_861' title='bbox 2616 1848 2784 1892; x_wconf 71' lang='lat' dir='ltr'><strong>Macera</strong></span> <span class='ocrx_word' id='word_1_862' title='bbox 2801 1861 2898 1892; x_wconf 66' lang='lat' dir='ltr'><strong>care·</strong></span> 
     </span>
     <span class='ocr_line' id='line_1_110' title="bbox 1644 1901 2891 1960; baseline 0.006 -18"><span class='ocrx_word' id='word_1_863' title='bbox 1644 1912 1741 1943; x_wconf 86' lang='lat' dir='ltr'><strong>nem</strong></span> <span class='ocrx_word' id='word_1_864' title='bbox 1768 1905 1900 1950; x_wconf 88' lang='lat' dir='ltr'><strong>tuam,</strong></span> <span class='ocrx_word' id='word_1_865' title='bbox 1930 1911 2104 1945; x_wconf 86' lang='lat' dir='ltr'><strong>assume</strong></span> <span class='ocrx_word' id='word_1_866' title='bbox 2138 1901 2428 1957; x_wconf 83' lang='lat' dir='ltr'><strong>disciplinam.</strong></span> <span class='ocrx_word' id='word_1_867' title='bbox 2454 1901 2535 1946; x_wconf 79' lang='lat' dir='ltr'><strong>Sed</strong></span> <span class='ocrx_word' id='word_1_868' title='bbox 2561 1916 2690 1958; x_wconf 84' lang='lat' dir='ltr'><strong>quam</strong></span> <span class='ocrx_word' id='word_1_869' title='bbox 2726 1907 2851 1960; x_wconf 85' lang='lat' dir='ltr'><strong>pauci</strong></span> <span class='ocrx_word' id='word_1_870' title='bbox 2878 1913 2891 1957; x_wconf 63' lang='grc' dir='ltr'><strong><em>ζ</em></strong></span> 
     </span>
     <span class='ocr_line' id='line_1_111' title="bbox 1642 1955 2896 2017; baseline 0.006 -20"><span class='ocrx_word' id='word_1_871' title='bbox 1642 1956 1717 2010; x_wconf 79' lang='lat' dir='ltr'><strong>qui</strong></span> <span class='ocrx_word' id='word_1_872' title='bbox 1752 1956 1831 1998; x_wconf 69' lang='lat' dir='ltr'><strong>ista</strong></span> <span class='ocrx_word' id='word_1_873' title='bbox 1859 1955 2175 2000; x_wconf 79' lang='lat' dir='ltr'><strong>saciant?Cum</strong></span> <span class='ocrx_word' id='word_1_874' title='bbox 2208 1958 2692 2013; x_wconf 78' lang='lat' dir='ltr'><strong>praecipiturjejunare,</strong></span> <span class='ocrx_word' id='word_1_875' title='bbox 2718 1961 2810 2017; x_wconf 89' lang='lat' dir='ltr'><strong>ipse</strong></span> <span class='ocrx_word' id='word_1_876' title='bbox 2844 1974 2896 2006; x_wconf 65' lang='lat' dir='ltr'><strong>re</strong></span> 
     </span>
     <span class='ocr_line' id='line_1_112' title="bbox 1642 2013 2894 2068; baseline 0.006 -14"><span class='ocrx_word' id='word_1_877' title='bbox 1642 2018 1841 2062; x_wconf 81' lang='lat' dir='ltr'><strong>excusat,</strong></span> <span class='ocrx_word' id='word_1_878' title='bbox 1867 2013 2084 2068; x_wconf 72' lang='lat' dir='ltr'><strong>utromodo</strong></span> <span class='ocrx_word' id='word_1_879' title='bbox 2106 2013 2367 2068; x_wconf 73' lang='lat' dir='ltr'><strong>Jejuiiarem,</strong></span> <span class='ocrx_word' id='word_1_880' title='bbox 2393 2021 2435 2058; x_wconf 90' lang='lat' dir='ltr'><strong>et</strong></span> <span class='ocrx_word' id='word_1_881' title='bbox 2466 2015 2536 2058; x_wconf 86' lang='lat' dir='ltr'><strong>alii</strong></span> <span class='ocrx_word' id='word_1_882' title='bbox 2580 2015 2894 2063; x_wconf 64' lang='lat' dir='ltr'><strong>comederent!</strong></span> 
     </span>
     <span class='ocr_line' id='line_1_113' title="bbox 1645 2067 2896 2128; baseline 0.007 -20"><span class='ocrx_word' id='word_1_883' title='bbox 1645 2068 1695 2109; x_wconf 68' lang='lat' dir='ltr'><strong>tt</strong></span> <span class='ocrx_word' id='word_1_884' title='bbox 1719 2069 1755 2111; x_wconf 90' lang='lat' dir='ltr'><strong>si</strong></span> <span class='ocrx_word' id='word_1_885' title='bbox 1809 2067 2268 2123; x_wconf 82' lang='lat' dir='ltr'><strong>raecipiturassumere</strong></span> <span class='ocrx_word' id='word_1_886' title='bbox 2289 2070 2581 2125; x_wconf 84' lang='lat' dir='ltr'><strong>disciplinam,</strong></span> <span class='ocrx_word' id='word_1_887' title='bbox 2606 2072 2697 2127; x_wconf 89' lang='lat' dir='ltr'><strong>ipse</strong></span> <span class='ocrx_word' id='word_1_888' title='bbox 2717 2084 2896 2128; x_wconf 79' lang='lat' dir='ltr'><strong>respon·</strong></span> 
     </span>
     <span class='ocr_line' id='line_1_114' title="bbox 1642 2122 2892 2179; baseline 0.006 -14"><span class='ocrx_word' id='word_1_889' title='bbox 1642 2122 1715 2166; x_wconf 86' lang='lat' dir='ltr'><strong>det</strong></span> <span class='ocrx_word' id='word_1_890' title='bbox 1739 2138 1750 2166; x_wconf 93' lang='lat'>:</span> <span class='ocrx_word' id='word_1_891' title='bbox 1818 2136 1872 2166; x_wconf 85' lang='lat' dir='ltr'><strong>on</strong></span> <span class='ocrx_word' id='word_1_892' title='bbox 1895 2130 2037 2179; x_wconf 72' lang='lat' dir='ltr'><strong>potest</strong></span> <span class='ocrx_word' id='word_1_893' title='bbox 2061 2125 2146 2179; x_wconf 83' lang='lat' dir='ltr'><strong>pati</strong></span> <span class='ocrx_word' id='word_1_894' title='bbox 2172 2131 2327 2168; x_wconf 86' lang='lat' dir='ltr'><strong>natura</strong></span> <span class='ocrx_word' id='word_1_895' title='bbox 2363 2137 2484 2179; x_wconf 88' lang='lat' dir='ltr'><strong>mea;</strong></span> <span class='ocrx_word' id='word_1_896' title='bbox 2509 2128 2656 2170; x_wconf 81' lang='lat' dir='ltr'><strong>statim</strong></span> <span class='ocrx_word' id='word_1_897' title='bbox 2685 2139 2892 2173; x_wconf 81' lang='lat' dir='ltr'><strong>morerer.</strong></span> 
     </span>
     <span class='ocr_line' id='line_1_115' title="bbox 1645 2177 2892 2238; baseline 0.006 -17"><span class='ocrx_word' id='word_1_898' title='bbox 1645 2177 1690 2221; x_wconf 86' lang='lat' dir='ltr'><strong>Si</strong></span> <span class='ocrx_word' id='word_1_899' title='bbox 1709 2179 1985 2235; x_wconf 78' lang='lat' dir='ltr'><strong>praecipiatur</strong></span> <span class='ocrx_word' id='word_1_900' title='bbox 2006 2180 2111 2224; x_wconf 81' lang='lat' dir='ltr'><strong>dare</strong></span> <span class='ocrx_word' id='word_1_901' title='bbox 2147 2194 2401 2233; x_wconf 87' lang='lat' dir='ltr'><strong>nummum,</strong></span> <span class='ocrx_word' id='word_1_902' title='bbox 2441 2183 2693 2238; x_wconf 85' lang='lat' dir='ltr'><strong>respondet,</strong></span> <span class='ocrx_word' id='word_1_903' title='bbox 2722 2196 2767 2227; x_wconf 92' lang='lat' dir='ltr'><strong>se</strong></span> <span class='ocrx_word' id='word_1_904' title='bbox 2805 2197 2892 2228; x_wconf 89' lang='lat' dir='ltr'><strong>non</strong></span> 
     </span>
     <span class='ocr_line' id='line_1_116' title="bbox 1642 2234 2894 2298; baseline 0.005 -22"><span class='ocrx_word' id='word_1_905' title='bbox 1642 2234 1892 2279; x_wconf 84' lang='lat' dir='ltr'><strong>habiturum</strong></span> <span class='ocrx_word' id='word_1_906' title='bbox 1915 2248 2054 2292; x_wconf 76' lang='lat' dir='ltr'><strong>usque</strong></span> <span class='ocrx_word' id='word_1_907' title='bbox 2077 2235 2130 2279; x_wconf 84' lang='lat' dir='ltr'><strong>ad</strong></span> <span class='ocrx_word' id='word_1_908' title='bbox 2156 2249 2368 2282; x_wconf 85' lang='lat' dir='ltr'><strong>inensem.</strong></span> <span class='ocrx_word' id='word_1_909' title='bbox 2396 2236 2506 2281; x_wconf 82' lang='lat' dir='ltr'><strong>Ecce</strong></span> <span class='ocrx_word' id='word_1_910' title='bbox 2523 2251 2671 2283; x_wconf 89' lang='lat' dir='ltr'><strong>rasum</strong></span> <span class='ocrx_word' id='word_1_911' title='bbox 2697 2249 2763 2284; x_wconf 78' lang='lat' dir='ltr'><strong>est</strong></span> <span class='ocrx_word' id='word_1_912' title='bbox 2795 2253 2894 2298; x_wconf 84' lang='lat' dir='ltr'><strong>per·</strong></span> 
     </span>
     <span class='ocr_line' id='line_1_117' title="bbox 1641 2292 2895 2346; baseline 0.007 -15"><span class='ocrx_word' id='word_1_913' title='bbox 1641 2302 1887 2346; x_wconf 82' lang='lat' dir='ltr'><strong>gamcnum,</strong></span> <span class='ocrx_word' id='word_1_914' title='bbox 1910 2293 2052 2335; x_wconf 70' lang='grc' dir='ltr'><strong>ιιιιιιιιει</strong></span> <span class='ocrx_word' id='word_1_915' title='bbox 2077 2292 2317 2336; x_wconf 84' lang='lat' dir='ltr'><strong>criminalia</strong></span> <span class='ocrx_word' id='word_1_916' title='bbox 2337 2303 2439 2337; x_wconf 82' lang='lat' dir='ltr'><strong>sunt</strong></span> <span class='ocrx_word' id='word_1_917' title='bbox 2458 2295 2618 2338; x_wconf 74' lang='lat' dir='ltr'><strong>ablata.</strong></span> <span class='ocrx_word' id='word_1_918' title='bbox 2644 2294 2734 2338; x_wconf 83' lang='lat' dir='ltr'><strong>Hoc</strong></span> <span class='ocrx_word' id='word_1_919' title='bbox 2763 2297 2895 2340; x_wconf 84' lang='lat' dir='ltr'><strong>modo</strong></span> 
     </span>
     <span class='ocr_line' id='line_1_118' title="bbox 1641 2345 2895 2405; baseline 0.006 -17"><span class='ocrx_word' id='word_1_920' title='bbox 1641 2345 1940 2400; x_wconf 76' lang='lat' dir='ltr'><strong>t&#39;aciebatJob,</strong></span> <span class='ocrx_word' id='word_1_921' title='bbox 1970 2348 2130 2391; x_wconf 81' lang='lat' dir='ltr'><strong>athleta</strong></span> <span class='ocrx_word' id='word_1_922' title='bbox 2154 2347 2341 2399; x_wconf 88' lang='lat' dir='ltr'><strong>Christi,</strong></span> <span class='ocrx_word' id='word_1_923' title='bbox 2381 2352 2454 2405; x_wconf 84' lang='lat' dir='ltr'><strong>qui</strong></span> <span class='ocrx_word' id='word_1_924' title='bbox 2489 2351 2665 2394; x_wconf 86' lang='lat' dir='ltr'><strong>radebat</strong></span> <span class='ocrx_word' id='word_1_925' title='bbox 2704 2351 2895 2397; x_wconf 72' lang='lat' dir='ltr'><strong>scabiem</strong></span> 
     </span>
     <span class='ocr_line' id='line_1_119' title="bbox 1640 2402 2897 2460; baseline 0.005 -14"><span class='ocrx_word' id='word_1_926' title='bbox 1640 2408 1753 2446; x_wconf 81' lang='lat' dir='ltr'><strong>testa</strong></span> <span class='ocrx_word' id='word_1_927' title='bbox 1808 2402 1903 2460; x_wconf 81' lang='lat' dir='ltr'><strong>(Job</strong></span> <span class='ocrx_word' id='word_1_928' title='bbox 1952 2403 2020 2459; x_wconf 84' lang='lat' dir='ltr'><strong>n).</strong></span> <span class='ocrx_word' id='word_1_929' title='bbox 2066 2403 2149 2448; x_wconf 85' lang='lat' dir='ltr'><strong>Sed</strong></span> <span class='ocrx_word' id='word_1_930' title='bbox 2184 2406 2286 2460; x_wconf 85' lang='lat' dir='ltr'><strong>quia</strong></span> <span class='ocrx_word' id='word_1_931' title='bbox 2321 2404 2463 2448; x_wconf 84' lang='lat' dir='ltr'><strong>adhuc</strong></span> <span class='ocrx_word' id='word_1_932' title='bbox 2503 2413 2668 2450; x_wconf 78' lang='lat' dir='ltr'><strong>restant</strong></span> <span class='ocrx_word' id='word_1_933' title='bbox 2694 2408 2776 2450; x_wconf 85' lang='lat' dir='ltr'><strong>alia</strong></span> <span class='ocrx_word' id='word_1_934' title='bbox 2802 2409 2897 2453; x_wconf 80' lang='lat' dir='ltr'><strong>siue</strong></span> 
     </span>
     <span class='ocr_line' id='line_1_120' title="bbox 1640 2458 2894 2518; baseline 0.005 -17"><span class='ocrx_word' id='word_1_935' title='bbox 1640 2458 1800 2514; x_wconf 75' lang='lat' dir='ltr'><strong>quilius</strong></span> <span class='ocrx_word' id='word_1_936' title='bbox 1829 2461 1916 2502; x_wconf 61' lang='lat' dir='ltr'><strong>sita</strong></span> <span class='ocrx_word' id='word_1_937' title='bbox 1941 2460 2023 2504; x_wconf 87' lang='lat' dir='ltr'><strong>ista</strong></span> <span class='ocrx_word' id='word_1_938' title='bbox 2048 2473 2134 2504; x_wconf 85' lang='lat' dir='ltr'><strong>non</strong></span> <span class='ocrx_word' id='word_1_939' title='bbox 2159 2462 2319 2516; x_wconf 80' lang='lat' dir='ltr'><strong>agitur,</strong></span> <span class='ocrx_word' id='word_1_940' title='bbox 2345 2475 2440 2518; x_wconf 81' lang='lat' dir='ltr'><strong>quae</strong></span> <span class='ocrx_word' id='word_1_941' title='bbox 2459 2461 2663 2505; x_wconf 79' lang='lat' dir='ltr'><strong>dicuntur</strong></span> <span class='ocrx_word' id='word_1_942' title='bbox 2683 2463 2861 2507; x_wconf 74' lang='lat' dir='ltr'><strong>ven‘alia</strong></span> <span class='ocrx_word' id='word_1_943' title='bbox 2879 2495 2894 2518; x_wconf 86' lang='lat'>‚</span> 
     </span>
     <span class='ocr_line' id='line_1_121' title="bbox 1639 2516 2895 2575; baseline 0.005 -19"><span class='ocrx_word' id='word_1_944' title='bbox 1639 2516 1742 2571; x_wconf 87' lang='lat' dir='ltr'><strong>quia</strong></span> <span class='ocrx_word' id='word_1_945' title='bbox 1767 2516 1917 2559; x_wconf 85' lang='lat' dir='ltr'><strong>leviter</strong></span> <span class='ocrx_word' id='word_1_946' title='bbox 1938 2526 2268 2571; x_wconf 81' lang='lat' dir='ltr'><strong>consequuntur</strong></span> <span class='ocrx_word' id='word_1_947' title='bbox 2294 2520 2482 2567; x_wconf 75' lang='lat' dir='ltr'><strong>veniam,</strong></span> <span class='ocrx_word' id='word_1_948' title='bbox 2514 2518 2654 2562; x_wconf 88' lang='lat' dir='ltr'><strong>adhuc</strong></span> <span class='ocrx_word' id='word_1_949' title='bbox 2690 2531 2802 2575; x_wconf 88' lang='lat' dir='ltr'><strong>opus</strong></span> <span class='ocrx_word' id='word_1_950' title='bbox 2829 2529 2895 2564; x_wconf 79' lang='lat' dir='ltr'><strong>cst</strong></span> 
     </span>
     <span class='ocr_line' id='line_1_122' title="bbox 1640 2570 2895 2630; baseline 0.005 -18"><span class='ocrx_word' id='word_1_951' title='bbox 1640 2570 1828 2627; x_wconf 83' lang='lat' dir='ltr'><strong>pumice,</strong></span> <span class='ocrx_word' id='word_1_952' title='bbox 1864 2572 1904 2615; x_wconf 90' lang='lat' dir='ltr'><strong>id</strong></span> <span class='ocrx_word' id='word_1_953' title='bbox 1922 2578 1989 2615; x_wconf 90' lang='lat' dir='ltr'><strong>est</strong></span> <span class='ocrx_word' id='word_1_954' title='bbox 2007 2573 2279 2629; x_wconf 75' lang='lat' dir='ltr'><strong>eleemosyna</strong></span> <span class='ocrx_word' id='word_1_955' title='bbox 2302 2579 2344 2616; x_wconf 80' lang='lat' dir='ltr'><strong>ct</strong></span> <span class='ocrx_word' id='word_1_956' title='bbox 2364 2575 2574 2625; x_wconf 85' lang='lat' dir='ltr'><strong>oratione,</strong></span> <span class='ocrx_word' id='word_1_957' title='bbox 2601 2576 2699 2630; x_wconf 78' lang='lat' dir='ltr'><strong>quia</strong></span> <span class='ocrx_word' id='word_1_958' title='bbox 2730 2579 2895 2619; x_wconf 50' lang='lat' dir='ltr'><strong>exstiti--</strong></span> 
     </span>
     <span class='ocr_line' id='line_1_123' title="bbox 1642 2628 2892 2683; baseline 0.005 -15"><span class='ocrx_word' id='word_1_959' title='bbox 1642 2633 1780 2682; x_wconf 81' lang='lat' dir='ltr'><strong>guunt</strong></span> <span class='ocrx_word' id='word_1_960' title='bbox 1810 2628 1893 2671; x_wconf 82' lang='lat' dir='ltr'><strong>ista</strong></span> <span class='ocrx_word' id='word_1_961' title='bbox 1921 2629 2122 2678; x_wconf 87' lang='lat' dir='ltr'><strong>venialia,</strong></span> <span class='ocrx_word' id='word_1_962' title='bbox 2147 2642 2243 2683; x_wconf 80' lang='lat' dir='ltr'><strong>quae</strong></span> <span class='ocrx_word' id='word_1_963' title='bbox 2267 2635 2366 2673; x_wconf 87' lang='lat' dir='ltr'><strong>sunt</strong></span> <span class='ocrx_word' id='word_1_964' title='bbox 2383 2661 2396 2681; x_wconf 87' lang='lat'><strong>,</strong></span> <span class='ocrx_word' id='word_1_965' title='bbox 2423 2630 2563 2674; x_wconf 83' lang='lat' dir='ltr'><strong>ridere</strong></span> <span class='ocrx_word' id='word_1_966' title='bbox 2596 2633 2892 2682; x_wconf 81' lang='lat' dir='ltr'><strong>inunoderate,</strong></span> 
     </span>
     <span class='ocr_line' id='line_1_124' title="bbox 1643 2683 2895 2742; baseline 0.004 -16"><span class='ocrx_word' id='word_1_967' title='bbox 1643 2683 1793 2726; x_wconf 82' lang='lat' dir='ltr'><strong>bibere</strong></span> <span class='ocrx_word' id='word_1_968' title='bbox 1817 2684 2081 2740; x_wconf 81' lang='lat' dir='ltr'><strong>quandoque</strong></span> <span class='ocrx_word' id='word_1_969' title='bbox 2100 2684 2211 2730; x_wconf 84' lang='lat' dir='ltr'><strong>ultra</strong></span> <span class='ocrx_word' id='word_1_970' title='bbox 2230 2686 2346 2741; x_wconf 83' lang='lat' dir='ltr'><strong>quod</strong></span> <span class='ocrx_word' id='word_1_971' title='bbox 2366 2688 2474 2729; x_wconf 81' lang='lat' dir='ltr'><strong>satis</strong></span> <span class='ocrx_word' id='word_1_972' title='bbox 2498 2696 2580 2737; x_wconf 77' lang='lat' dir='ltr'><strong>cst,</strong></span> <span class='ocrx_word' id='word_1_973' title='bbox 2606 2689 2707 2742; x_wconf 80' lang='lat' dir='ltr'><strong>quia</strong></span> <span class='ocrx_word' id='word_1_974' title='bbox 2729 2694 2773 2731; x_wconf 83' lang='lat' dir='ltr'><strong>ct</strong></span> <span class='ocrx_word' id='word_1_975' title='bbox 2790 2700 2895 2731; x_wconf 89' lang='lat' dir='ltr'><strong>con·</strong></span> 
     </span>
     <span class='ocr_line' id='line_1_125' title="bbox 1642 2740 2894 2796; baseline 0.005 -15"><span class='ocrx_word' id='word_1_976' title='bbox 1642 2740 1762 2782; x_wconf 84' lang='lat' dir='ltr'><strong>tinne</strong></span> <span class='ocrx_word' id='word_1_977' title='bbox 1783 2746 1900 2783; x_wconf 85' lang='lat' dir='ltr'><strong>esset</strong></span> <span class='ocrx_word' id='word_1_978' title='bbox 1933 2740 2175 2784; x_wconf 82' lang='lat' dir='ltr'><strong>criminale.</strong></span> <span class='ocrx_word' id='word_1_979' title='bbox 2197 2740 2282 2784; x_wconf 87' lang='lat' dir='ltr'><strong>Sed</strong></span> <span class='ocrx_word' id='word_1_980' title='bbox 2300 2750 2528 2796; x_wconf 79' lang='lat' dir='ltr'><strong>antequam</strong></span> <span class='ocrx_word' id='word_1_981' title='bbox 2558 2743 2722 2786; x_wconf 70' lang='lat' dir='ltr'><strong>scribas</strong></span> <span class='ocrx_word' id='word_1_982' title='bbox 2747 2744 2788 2786; x_wconf 89' lang='lat' dir='ltr'><strong>in</strong></span> <span class='ocrx_word' id='word_1_983' title='bbox 2808 2744 2894 2787; x_wconf 79' lang='lat' dir='ltr'><strong>isto</strong></span> 
     </span>
     <span class='ocr_line' id='line_1_126' title="bbox 1642 2795 2892 2852; baseline 0.005 -16"><span class='ocrx_word' id='word_1_984' title='bbox 1642 2795 1768 2845; x_wconf 85' lang='lat' dir='ltr'><strong>libro,</strong></span> <span class='ocrx_word' id='word_1_985' title='bbox 1789 2806 1962 2840; x_wconf 85' lang='lat' dir='ltr'><strong>assume</strong></span> <span class='ocrx_word' id='word_1_986' title='bbox 1988 2796 2196 2852; x_wconf 74' lang='lat' dir='ltr'><strong>regulam,</strong></span> <span class='ocrx_word' id='word_1_987' title='bbox 2223 2797 2417 2852; x_wconf 84' lang='lat' dir='ltr'><strong>exempla</strong></span> <span class='ocrx_word' id='word_1_988' title='bbox 2441 2804 2689 2842; x_wconf 87' lang='lat' dir='ltr'><strong>sanctorum</strong></span> <span class='ocrx_word' id='word_1_989' title='bbox 2713 2798 2892 2842; x_wconf 81' lang='lat' dir='ltr'><strong>Patrum</strong></span> 
     </span>
     <span class='ocr_line' id='line_1_127' title="bbox 1643 2849 2895 2911; baseline 0.006 -19"><span class='ocrx_word' id='word_1_990' title='bbox 1643 2849 1777 2901; x_wconf 82' lang='lat' dir='ltr'><strong>Petri,</strong></span> <span class='ocrx_word' id='word_1_991' title='bbox 1796 2849 1936 2901; x_wconf 83' lang='lat' dir='ltr'><strong>Pauli,</strong></span> <span class='ocrx_word' id='word_1_992' title='bbox 1965 2849 2174 2907; x_wconf 83' lang='lat' dir='ltr'><strong>Stephani</strong></span> <span class='ocrx_word' id='word_1_993' title='bbox 2203 2854 2422 2909; x_wconf 81' lang='lat' dir='ltr'><strong>martyris.</strong></span> <span class='ocrx_word' id='word_1_994' title='bbox 2450 2853 2698 2897; x_wconf 83' lang='lat' dir='ltr'><strong>Secundum</strong></span> <span class='ocrx_word' id='word_1_995' title='bbox 2718 2856 2895 2911; x_wconf 75' lang='lat' dir='ltr'><strong>regulas</strong></span> 
     </span>
     <span class='ocr_line' id='line_1_128' title="bbox 1642 2905 2891 2963; baseline 0.007 -16"><span class='ocrx_word' id='word_1_996' title='bbox 1642 2907 1750 2950; x_wconf 81' lang='lat' dir='ltr'><strong>istas</strong></span> <span class='ocrx_word' id='word_1_997' title='bbox 1774 2905 1913 2963; x_wconf 76' lang='lat' dir='ltr'><strong>dirige</strong></span> <span class='ocrx_word' id='word_1_998' title='bbox 1936 2919 2011 2950; x_wconf 83' lang='lat' dir='ltr'><strong>cor</strong></span> <span class='ocrx_word' id='word_1_999' title='bbox 2028 2913 2168 2959; x_wconf 85' lang='lat' dir='ltr'><strong>tuum,</strong></span> <span class='ocrx_word' id='word_1_1000' title='bbox 2186 2914 2233 2952; x_wconf 87' lang='lat' dir='ltr'><strong>ut</strong></span> <span class='ocrx_word' id='word_1_1001' title='bbox 2250 2910 2306 2952; x_wconf 88' lang='lat' dir='ltr'><strong>sit</strong></span> <span class='ocrx_word' id='word_1_1002' title='bbox 2324 2915 2507 2961; x_wconf 87' lang='lat' dir='ltr'><strong>rectum,</strong></span> <span class='ocrx_word' id='word_1_1003' title='bbox 2525 2923 2610 2954; x_wconf 92' lang='lat' dir='ltr'><strong>non</strong></span> <span class='ocrx_word' id='word_1_1004' title='bbox 2629 2916 2891 2956; x_wconf 85' lang='lat' dir='ltr'><strong>tortuosum.</strong></span> 
     </span>
     <span class='ocr_line' id='line_1_129' title="bbox 1643 2960 2894 3011; baseline 0.005 -7"><span class='ocrx_word' id='word_1_1005' title='bbox 1643 2960 1907 3006; x_wconf 53' lang='lat' dir='ltr'><strong>Tortu’osum</strong></span> <span class='ocrx_word' id='word_1_1006' title='bbox 1932 2969 1999 3007; x_wconf 86' lang='lat' dir='ltr'><strong>est</strong></span> <span class='ocrx_word' id='word_1_1007' title='bbox 2033 2974 2111 3006; x_wconf 86' lang='lat' dir='ltr'><strong>cor</strong></span> <span class='ocrx_word' id='word_1_1008' title='bbox 2147 2967 2509 3008; x_wconf 87' lang='lat' dir='ltr'><strong>murmurantium</strong></span> <span class='ocrx_word' id='word_1_1009' title='bbox 2546 2966 2757 3011; x_wconf 79' lang='lat' dir='ltr'><strong>adversus</strong></span> <span class='ocrx_word' id='word_1_1010' title='bbox 2807 2966 2894 3010; x_wconf 91' lang='lat' dir='ltr'><strong>Do·</strong></span> 
     </span>
     <span class='ocr_line' id='line_1_130' title="bbox 1643 3019 2891 3078; baseline 0.005 -19"><span class='ocrx_word' id='word_1_1011' title='bbox 1643 3020 1824 3067; x_wconf 80' lang='lat' dir='ltr'><strong>minum,</strong></span> <span class='ocrx_word' id='word_1_1012' title='bbox 1851 3019 1895 3062; x_wconf 90' lang='lat' dir='ltr'><strong>in</strong></span> <span class='ocrx_word' id='word_1_1013' title='bbox 1918 3026 2040 3074; x_wconf 88' lang='lat' dir='ltr'><strong>parte</strong></span> <span class='ocrx_word' id='word_1_1014' title='bbox 2056 3019 2344 3070; x_wconf 76' lang='lat' dir='ltr'><strong>laudantium,</strong></span> <span class='ocrx_word' id='word_1_1015' title='bbox 2371 3020 2414 3064; x_wconf 89' lang='lat' dir='ltr'><strong>in</strong></span> <span class='ocrx_word' id='word_1_1016' title='bbox 2444 3027 2566 3076; x_wconf 84' lang='lat' dir='ltr'><strong>parte</strong></span> <span class='ocrx_word' id='word_1_1017' title='bbox 2583 3022 2891 3078; x_wconf 83' lang='lat' dir='ltr'><strong>blaspheman-</strong></span> 
     </span>
     <span class='ocr_line' id='line_1_131' title="bbox 1643 3074 2890 3134; baseline 0.006 -19"><span class='ocrx_word' id='word_1_1018' title='bbox 1643 3076 1780 3125; x_wconf 85' lang='lat' dir='ltr'><strong>tium,</strong></span> <span class='ocrx_word' id='word_1_1019' title='bbox 1817 3074 1861 3117; x_wconf 90' lang='lat' dir='ltr'><strong>in</strong></span> <span class='ocrx_word' id='word_1_1020' title='bbox 1899 3075 2096 3119; x_wconf 81' lang='lat' dir='ltr'><strong>adversis</strong></span> <span class='ocrx_word' id='word_1_1021' title='bbox 2133 3075 2556 3132; x_wconf 85' lang='lat' dir='ltr'><strong>blasphemantium,</strong></span> <span class='ocrx_word' id='word_1_1022' title='bbox 2587 3083 2630 3121; x_wconf 88' lang='lat' dir='ltr'><strong>in</strong></span> <span class='ocrx_word' id='word_1_1023' title='bbox 2669 3079 2890 3134; x_wconf 84' lang='lat' dir='ltr'><strong>prosperis</strong></span> 
     </span>
     <span class='ocr_line' id='line_1_132' title="bbox 1643 3129 2892 3189; baseline 0.004 -18"><span class='ocrx_word' id='word_1_1024' title='bbox 1643 3130 1926 3174; x_wconf 88' lang='lat' dir='ltr'><strong>laudantium.</strong></span> <span class='ocrx_word' id='word_1_1025' title='bbox 1943 3129 2031 3174; x_wconf 84' lang='lat' dir='ltr'><strong>Con</strong></span> <span class='ocrx_word' id='word_1_1026' title='bbox 2067 3130 2218 3174; x_wconf 77' lang='lat' dir='ltr'><strong>tebitur</strong></span> <span class='ocrx_word' id='word_1_1027' title='bbox 2237 3132 2346 3175; x_wconf 84' lang='lat' dir='ltr'><strong>enim</strong></span> <span class='ocrx_word' id='word_1_1028' title='bbox 2370 3133 2460 3183; x_wconf 80' lang='lat' dir='ltr'><strong>tibi,</strong></span> <span class='ocrx_word' id='word_1_1029' title='bbox 2476 3146 2569 3177; x_wconf 83' lang='lat' dir='ltr'><strong>cum</strong></span> <span class='ocrx_word' id='word_1_1030' title='bbox 2592 3134 2835 3189; x_wconf 61' lang='lat' dir='ltr'><strong>benefecerit</strong></span> <span class='ocrx_word' id='word_1_1031' title='bbox 2854 3135 2892 3177; x_wconf 79' lang='lat' dir='ltr'><strong>ei</strong></span> 
     </span>
     <span class='ocr_line' id='line_1_133' title="bbox 1644 3183 2892 3242; baseline 0.004 -15"><span class='ocrx_word' id='word_1_1032' title='bbox 1644 3183 1782 3242; x_wconf 72' lang='lat' dir='ltr'><strong>(psat.</strong></span> <span class='ocrx_word' id='word_1_1033' title='bbox 1809 3186 1977 3241; x_wconf 66' lang='lat' dir='ltr'><strong>urin).</strong></span> <span class='ocrx_word' id='word_1_1034' title='bbox 2040 3187 2098 3229; x_wconf 91' lang='lat' dir='ltr'><strong>oli</strong></span> <span class='ocrx_word' id='word_1_1035' title='bbox 2123 3187 2186 3230; x_wconf 85' lang='lat' dir='ltr'><strong>sic</strong></span> <span class='ocrx_word' id='word_1_1036' title='bbox 2225 3199 2497 3232; x_wconf 86' lang='lat' dir='ltr'><strong>murmurare</strong></span> <span class='ocrx_word' id='word_1_1037' title='bbox 2536 3197 2776 3234; x_wconf 82' lang='lat' dir='ltr'><strong>tortuusum</strong></span> <span class='ocrx_word' id='word_1_1038' title='bbox 2815 3190 2892 3232; x_wconf 85' lang='lat' dir='ltr'><strong>ha-</strong></span> 
     </span>
     <span class='ocr_line' id='line_1_134' title="bbox 1644 3241 2891 3298; baseline 0.006 -15"><span class='ocrx_word' id='word_1_1039' title='bbox 1644 3241 1751 3284; x_wconf 82' lang='lat' dir='ltr'><strong>hens</strong></span> <span class='ocrx_word' id='word_1_1040' title='bbox 1779 3253 1870 3285; x_wconf 85' lang='lat' dir='ltr'><strong>cor.</strong></span> <span class='ocrx_word' id='word_1_1041' title='bbox 1895 3241 2151 3292; x_wconf 81' lang='lat' dir='ltr'><strong>Considera,</strong></span> <span class='ocrx_word' id='word_1_1042' title='bbox 2185 3243 2221 3286; x_wconf 88' lang='lat' dir='ltr'><strong>si</strong></span> <span class='ocrx_word' id='word_1_1043' title='bbox 2246 3244 2385 3298; x_wconf 79' lang='lat' dir='ltr'><strong>placet</strong></span> <span class='ocrx_word' id='word_1_1044' title='bbox 2410 3243 2499 3289; x_wconf 88' lang='lat' dir='ltr'><strong>Deo</strong></span> <span class='ocrx_word' id='word_1_1045' title='bbox 2526 3246 2713 3290; x_wconf 82' lang='lat' dir='ltr'><strong>creatori</strong></span> <span class='ocrx_word' id='word_1_1046' title='bbox 2737 3252 2830 3298; x_wconf 88' lang='lat' dir='ltr'><strong>tuo,</strong></span> <span class='ocrx_word' id='word_1_1047' title='bbox 2852 3246 2891 3291; x_wconf 83' lang='lat' dir='ltr'><strong>si</strong></span> 
     </span>
     <span class='ocr_line' id='line_1_135' title="bbox 1645 3296 2892 3357; baseline 0.007 -20"><span class='ocrx_word' id='word_1_1048' title='bbox 1645 3296 1830 3351; x_wconf 73' lang='lat' dir='ltr'><strong>propriae</strong></span> <span class='ocrx_word' id='word_1_1049' title='bbox 1854 3299 2128 3342; x_wconf 79' lang='lat' dir='ltr'><strong>contradicas</strong></span> <span class='ocrx_word' id='word_1_1050' title='bbox 2161 3298 2455 3354; x_wconf 87' lang='lat' dir='ltr'><strong>dispositioni.</strong></span> <span class='ocrx_word' id='word_1_1051' title='bbox 2483 3299 2613 3351; x_wconf 77' lang='lat' dir='ltr'><strong>Vide,</strong></span> <span class='ocrx_word' id='word_1_1052' title='bbox 2679 3303 2745 3344; x_wconf 84' lang='lat' dir='ltr'><strong>uia</strong></span> <span class='ocrx_word' id='word_1_1053' title='bbox 2772 3308 2892 3357; x_wconf 79' lang='lat' dir='ltr'><strong>pater</strong></span> 
     </span>
     <span class='ocr_line' id='line_1_136' title="bbox 1645 3314 2891 3415; baseline 0.006 -23"><span class='ocrx_word' id='word_1_1054' title='bbox 1645 3352 1833 3408; x_wconf 73' lang='lat' dir='ltr'><strong>sluqellat</strong></span> <span class='ocrx_word' id='word_1_1055' title='bbox 1858 3352 1995 3408; x_wconf 77' lang='lat' dir='ltr'><strong>filium</strong></span> <span class='ocrx_word' id='word_1_1056' title='bbox 2051 3365 2166 3397; x_wconf 63' lang='lat' dir='ltr'><strong>nent,</strong></span> <span class='ocrx_word' id='word_1_1057' title='bbox 2183 3355 2328 3411; x_wconf 68' lang='lat' dir='ltr'><strong>recipie</strong></span> <span class='ocrx_word' id='word_1_1058' title='bbox 2352 3354 2502 3412; x_wconf 82' lang='lat' dir='ltr'><strong>(Hebr.</strong></span> <span class='ocrx_word' id='word_1_1059' title='bbox 2527 3356 2624 3415; x_wconf 79' lang='lat' dir='ltr'><strong>xii).</strong></span> <span class='ocrx_word' id='word_1_1060' title='bbox 2646 3314 2772 3402; x_wconf 47' lang='lat' dir='ltr'><strong>⁴{labe</strong></span> <span class='ocrx_word' id='word_1_1061' title='bbox 2812 3369 2891 3402; x_wconf 84' lang='lat' dir='ltr'><strong>eor</strong></span> 
     </span>
     <span class='ocr_line' id='line_1_137' title="bbox 1646 3409 2890 3470; baseline 0.007 -21"><span class='ocrx_word' id='word_1_1062' title='bbox 1646 3414 1809 3451; x_wconf 81' lang='lat' dir='ltr'><strong>rectum</strong></span> <span class='ocrx_word' id='word_1_1063' title='bbox 1837 3410 1879 3451; x_wconf 92' lang='lat' dir='ltr'><strong>in</strong></span> <span class='ocrx_word' id='word_1_1064' title='bbox 1910 3410 2026 3452; x_wconf 89' lang='lat' dir='ltr'><strong>omni</strong></span> <span class='ocrx_word' id='word_1_1065' title='bbox 2062 3420 2114 3453; x_wconf 90' lang='lat' dir='ltr'><strong>us</strong></span> <span class='ocrx_word' id='word_1_1066' title='bbox 2138 3409 2400 3455; x_wconf 85' lang='lat' dir='ltr'><strong>benedicens</strong></span> <span class='ocrx_word' id='word_1_1067' title='bbox 2432 3412 2594 3464; x_wconf 74' lang='lat' dir='ltr'><strong>Deum,</strong></span> <span class='ocrx_word' id='word_1_1068' title='bbox 2619 3414 2761 3458; x_wconf 85' lang='lat' dir='ltr'><strong>sciens</strong></span> <span class='ocrx_word' id='word_1_1069' title='bbox 2790 3415 2890 3470; x_wconf 76' lang='lat' dir='ltr'><strong>quia</strong></span> 
     </span>
     <span class='ocr_line' id='line_1_138' title="bbox 1644 3463 2891 3525; baseline 0.006 -19"><span class='ocrx_word' id='word_1_1070' title='bbox 1644 3463 1677 3506; x_wconf 79' lang='lat' dir='ltr'><strong>si</strong></span> <span class='ocrx_word' id='word_1_1071' title='bbox 1715 3465 1793 3507; x_wconf 89' lang='lat' dir='ltr'><strong>tibi</strong></span> <span class='ocrx_word' id='word_1_1072' title='bbox 1829 3464 2034 3507; x_wconf 82' lang='lat' dir='ltr'><strong>immittat</strong></span> <span class='ocrx_word' id='word_1_1073' title='bbox 2060 3465 2363 3511; x_wconf 75' lang='lat' dir='ltr'><strong>adversitatem</strong></span> <span class='ocrx_word' id='word_1_1074' title='bbox 2392 3466 2446 3510; x_wconf 89' lang='lat' dir='ltr'><strong>ad</strong></span> <span class='ocrx_word' id='word_1_1075' title='bbox 2481 3471 2794 3525; x_wconf 86' lang='lat' dir='ltr'><strong>correptionem</strong></span> <span class='ocrx_word' id='word_1_1076' title='bbox 2823 3474 2891 3514; x_wconf 86' lang='lat' dir='ltr'><strong>est</strong></span> 
     </span>
     <span class='ocr_line' id='line_1_139' title="bbox 1641 3519 2887 3615; baseline 0.007 -54"><span class='ocrx_word' id='word_1_1077' title='bbox 1641 3531 1720 3615; x_wconf 45' lang='grc' dir='ltr'><strong>ἔνο</strong></span> <span class='ocrx_word' id='word_1_1078' title='bbox 1747 3526 1940 3575; x_wconf 84' lang='lat' dir='ltr'><strong>peccato.</strong></span> <span class='ocrx_word' id='word_1_1079' title='bbox 1974 3519 2018 3564; x_wconf 91' lang='lat' dir='ltr'><strong>Si</strong></span> <span class='ocrx_word' id='word_1_1080' title='bbox 2048 3523 2459 3578; x_wconf 74' lang='lat' dir='ltr'><strong>prosperitatem,ut</strong></span> <span class='ocrx_word' id='word_1_1081' title='bbox 2481 3524 2578 3569; x_wconf 86' lang='lat' dir='ltr'><strong>aliis</strong></span> <span class='ocrx_word' id='word_1_1082' title='bbox 2598 3526 2779 3574; x_wconf 85' lang='lat' dir='ltr'><strong>tribuas.</strong></span> <span class='ocrx_word' id='word_1_1083' title='bbox 2801 3532 2887 3570; x_wconf 82' lang='lat' dir='ltr'><strong>cte.</strong></span> 
     </span>
    </p>

    <p class='ocr_par' dir='ltr' id='par_1_16' title="bbox 1631 3575 2924 4469">
     <span class='ocr_line' id='line_1_140' title="bbox 1677 3575 2891 3634; baseline 0.004 -15"><span class='ocrx_word' id='word_1_1084' title='bbox 1677 3576 1827 3619; x_wconf 86' lang='lat' dir='ltr'><strong>enedic</strong></span> <span class='ocrx_word' id='word_1_1085' title='bbox 1851 3587 1952 3631; x_wconf 80' lang='lat' dir='ltr'><strong>ergo</strong></span> <span class='ocrx_word' id='word_1_1086' title='bbox 1983 3587 2155 3632; x_wconf 84' lang='lat' dir='ltr'><strong>semper</strong></span> <span class='ocrx_word' id='word_1_1087' title='bbox 2178 3589 2277 3622; x_wconf 84' lang='lat' dir='ltr'><strong>cum</strong></span> <span class='ocrx_word' id='word_1_1088' title='bbox 2296 3575 2517 3634; x_wconf 79' lang='lat' dir='ltr'><strong>Propheta</strong></span> <span class='ocrx_word' id='word_1_1089' title='bbox 2548 3581 2698 3626; x_wconf 86' lang='lat' dir='ltr'><strong>dicens</strong></span> <span class='ocrx_word' id='word_1_1090' title='bbox 2721 3595 2731 3624; x_wconf 92' lang='lat'>:</span> <span class='ocrx_word' id='word_1_1091' title='bbox 2758 3580 2891 3624; x_wconf 81' lang='lat' dir='ltr'><strong>Bene·</strong></span> 
     </span>
     <span class='ocr_line' id='line_1_141' title="bbox 1640 3630 2890 3693; baseline 0.008 -23"><span class='ocrx_word' id='word_1_1092' title='bbox 1640 3630 1776 3673; x_wconf 78' lang='lat' dir='ltr'><strong>dicam</strong></span> <span class='ocrx_word' id='word_1_1093' title='bbox 1798 3630 2017 3675; x_wconf 78' lang='lat' dir='ltr'><strong>Dominum</strong></span> <span class='ocrx_word' id='word_1_1094' title='bbox 2044 3633 2086 3674; x_wconf 80' lang='lat' dir='ltr'><strong>iu</strong></span> <span class='ocrx_word' id='word_1_1095' title='bbox 2105 3634 2218 3675; x_wconf 81' lang='lat' dir='ltr'><strong>omni</strong></span> <span class='ocrx_word' id='word_1_1096' title='bbox 2241 3640 2436 3688; x_wconf 73' lang='lat' dir='ltr'><strong>unipore.</strong></span> <span class='ocrx_word' id='word_1_1097' title='bbox 2457 3635 2696 3693; x_wconf 71' lang='lat' dir='ltr'><strong>etc.(1’sal.</strong></span> <span class='ocrx_word' id='word_1_1098' title='bbox 2714 3635 2890 3693; x_wconf 81' lang='lat' dir='ltr'><strong>xxxin.)</strong></span> 
     </span>
     <span class='ocr_line' id='line_1_142' title="bbox 1639 3685 2889 3746; baseline 0.008 -20"><span class='ocrx_word' id='word_1_1099' title='bbox 1639 3685 1863 3730; x_wconf 77' lang='lat' dir='ltr'><strong>Lcctamiui</strong></span> <span class='ocrx_word' id='word_1_1100' title='bbox 1895 3687 1940 3729; x_wconf 82' lang='lat' dir='ltr'><strong>in</strong></span> <span class='ocrx_word' id='word_1_1101' title='bbox 1979 3687 2176 3738; x_wconf 83' lang='lat' dir='ltr'><strong>Domino,</strong></span> <span class='ocrx_word' id='word_1_1102' title='bbox 2208 3694 2292 3732; x_wconf 86' lang='lat' dir='ltr'><strong>ete.</strong></span> <span class='ocrx_word' id='word_1_1103' title='bbox 2322 3687 2460 3746; x_wconf 71' lang='lat' dir='ltr'><strong>(Paul.</strong></span> <span class='ocrx_word' id='word_1_1104' title='bbox 2493 3690 2624 3745; x_wconf 79' lang='lat' dir='ltr'><strong>xcvi),</strong></span> <span class='ocrx_word' id='word_1_1105' title='bbox 2664 3699 2706 3735; x_wconf 91' lang='lat' dir='ltr'><strong>ut</strong></span> <span class='ocrx_word' id='word_1_1106' title='bbox 2740 3699 2782 3736; x_wconf 86' lang='lat' dir='ltr'><strong>et</strong></span> <span class='ocrx_word' id='word_1_1107' title='bbox 2814 3694 2889 3736; x_wconf 89' lang='lat' dir='ltr'><strong>tibi</strong></span> 
     </span>
     <span class='ocr_line' id='line_1_143' title="bbox 1640 3742 2889 3804; baseline 0.005 -20"><span class='ocrx_word' id='word_1_1108' title='bbox 1640 3742 1863 3786; x_wconf 75' lang='lat' dir='ltr'><strong>benedicat</strong></span> <span class='ocrx_word' id='word_1_1109' title='bbox 1884 3742 2104 3787; x_wconf 87' lang='lat' dir='ltr'><strong>Dominus.</strong></span> <span class='ocrx_word' id='word_1_1110' title='bbox 2127 3743 2264 3802; x_wconf 79' lang='lat' dir='ltr'><strong>Quam</strong></span> <span class='ocrx_word' id='word_1_1111' title='bbox 2289 3743 2418 3788; x_wconf 68' lang='lat' dir='ltr'><strong>bonne</strong></span> <span class='ocrx_word' id='word_1_1112' title='bbox 2442 3745 2578 3789; x_wconf 69' lang='lat' dir='ltr'><strong>bruel</strong></span> <span class='ocrx_word' id='word_1_1113' title='bbox 2597 3746 2702 3790; x_wconf 73' lang='lat' dir='ltr'><strong>Deus</strong></span> <span class='ocrx_word' id='word_1_1114' title='bbox 2737 3747 2800 3790; x_wconf 74' lang='lat' dir='ltr'><strong>his</strong></span> <span class='ocrx_word' id='word_1_1115' title='bbox 2819 3748 2889 3804; x_wconf 82' lang='lat' dir='ltr'><strong>qui</strong></span> 
     </span>
     <span class='ocr_line' id='line_1_144' title="bbox 1641 3800 2889 3859; baseline 0.006 -21"><span class='ocrx_word' id='word_1_1116' title='bbox 1641 3805 1749 3841; x_wconf 76' lang='lat' dir='ltr'><strong>recto</strong></span> <span class='ocrx_word' id='word_1_1117' title='bbox 1778 3805 1875 3841; x_wconf 74' lang='lat' dir='ltr'><strong>sunt</strong></span> <span class='ocrx_word' id='word_1_1118' title='bbox 1905 3801 2051 3849; x_wconf 79' lang='lat' dir='ltr'><strong>corde,</strong></span> <span class='ocrx_word' id='word_1_1119' title='bbox 2083 3812 2166 3842; x_wconf 83' lang='lat' dir='ltr'><strong>nun</strong></span> <span class='ocrx_word' id='word_1_1120' title='bbox 2191 3811 2381 3853; x_wconf 75' lang='lat' dir='ltr'><strong>perverso</strong></span> <span class='ocrx_word' id='word_1_1121' title='bbox 2416 3800 2554 3856; x_wconf 82' lang='lat' dir='ltr'><strong>(Psat.</strong></span> <span class='ocrx_word' id='word_1_1122' title='bbox 2596 3803 2749 3859; x_wconf 77' lang='lat' dir='ltr'><strong>xxvtt).</strong></span> <span class='ocrx_word' id='word_1_1123' title='bbox 2783 3802 2889 3846; x_wconf 86' lang='lat' dir='ltr'><strong>Cum</strong></span> 
     </span>
     <span class='ocr_line' id='line_1_145' title="bbox 1638 3853 2884 3914; baseline 0.006 -20"><span class='ocrx_word' id='word_1_1124' title='bbox 1638 3853 1766 3896; x_wconf 80' lang='lat' dir='ltr'><strong>electo</strong></span> <span class='ocrx_word' id='word_1_1125' title='bbox 1796 3853 1950 3897; x_wconf 79' lang='lat' dir='ltr'><strong>electus</strong></span> <span class='ocrx_word' id='word_1_1126' title='bbox 1964 3856 2066 3904; x_wconf 78' lang='lat' dir='ltr'><strong>eris,</strong></span> <span class='ocrx_word' id='word_1_1127' title='bbox 2089 3863 2127 3897; x_wconf 78' lang='lat' dir='ltr'><strong>et</strong></span> <span class='ocrx_word' id='word_1_1128' title='bbox 2152 3868 2245 3898; x_wconf 84' lang='lat' dir='ltr'><strong>cum</strong></span> <span class='ocrx_word' id='word_1_1129' title='bbox 2268 3867 2458 3911; x_wconf 76' lang='lat' dir='ltr'><strong>perverso</strong></span> <span class='ocrx_word' id='word_1_1130' title='bbox 2474 3859 2717 3913; x_wconf 62' lang='lat' dir='ltr'><strong>perterteris</strong></span> <span class='ocrx_word' id='word_1_1131' title='bbox 2745 3857 2884 3914; x_wconf 79' lang='lat' dir='ltr'><strong>(Psal.</strong></span> 
     </span>
     <span class='ocr_line' id='line_1_146' title="bbox 1639 3908 2887 3964; baseline 0.007 -14"><span class='ocrx_word' id='word_1_1132' title='bbox 1639 3911 1763 3964; x_wconf 79' lang='lat' dir='ltr'><strong>xvii).</strong></span> <span class='ocrx_word' id='word_1_1133' title='bbox 1786 3908 1910 3952; x_wconf 74' lang='lat' dir='ltr'><strong>Modo</strong></span> <span class='ocrx_word' id='word_1_1134' title='bbox 1933 3918 2130 3964; x_wconf 80' lang='lat' dir='ltr'><strong>paratum</strong></span> <span class='ocrx_word' id='word_1_1135' title='bbox 2155 3917 2221 3954; x_wconf 88' lang='lat' dir='ltr'><strong>est</strong></span> <span class='ocrx_word' id='word_1_1136' title='bbox 2240 3923 2315 3956; x_wconf 83' lang='lat' dir='ltr'><strong>cor</strong></span> <span class='ocrx_word' id='word_1_1137' title='bbox 2331 3942 2343 3961; x_wconf 89' lang='lat'><strong>,</strong></span> <span class='ocrx_word' id='word_1_1138' title='bbox 2370 3924 2455 3955; x_wconf 82' lang='lat' dir='ltr'><strong>non</strong></span> <span class='ocrx_word' id='word_1_1139' title='bbox 2489 3919 2647 3964; x_wconf 82' lang='lat' dir='ltr'><strong>restat,</strong></span> <span class='ocrx_word' id='word_1_1140' title='bbox 2668 3915 2751 3957; x_wconf 88' lang='lat' dir='ltr'><strong>nisi</strong></span> <span class='ocrx_word' id='word_1_1141' title='bbox 2782 3921 2826 3955; x_wconf 93' lang='lat' dir='ltr'><strong>ut</strong></span> <span class='ocrx_word' id='word_1_1142' title='bbox 2846 3924 2887 3959; x_wconf 85' lang='lat' dir='ltr'><strong>te</strong></span> 
     </span>
     <span class='ocr_line' id='line_1_147' title="bbox 1637 3964 2887 4022; baseline 0.007 -17"><span class='ocrx_word' id='word_1_1143' title='bbox 1637 3964 1840 4015; x_wconf 84' lang='lat' dir='ltr'><strong>doceam,</strong></span> <span class='ocrx_word' id='word_1_1144' title='bbox 1866 3966 1968 4019; x_wconf 81' lang='lat' dir='ltr'><strong>quid</strong></span> <span class='ocrx_word' id='word_1_1145' title='bbox 1990 3966 2173 4010; x_wconf 89' lang='lat' dir='ltr'><strong>scribas.</strong></span> <span class='ocrx_word' id='word_1_1146' title='bbox 2199 3967 2245 4009; x_wconf 90' lang='lat' dir='ltr'><strong>ln</strong></span> <span class='ocrx_word' id='word_1_1147' title='bbox 2273 3967 2412 4022; x_wconf 88' lang='lat' dir='ltr'><strong>primo</strong></span> <span class='ocrx_word' id='word_1_1148' title='bbox 2441 3967 2544 4011; x_wconf 81' lang='lat' dir='ltr'><strong>sotio</strong></span> <span class='ocrx_word' id='word_1_1149' title='bbox 2582 3970 2749 4013; x_wconf 78' lang='lat' dir='ltr'><strong>sci-ibe:</strong></span> <span class='ocrx_word' id='word_1_1150' title='bbox 2774 3969 2887 4014; x_wconf 75' lang='lat' dir='ltr'><strong>Deus</strong></span> 
     </span>
     <span class='ocr_line' id='line_1_148' title="bbox 1638 4022 2884 4080; baseline 0.006 -19"><span class='ocrx_word' id='word_1_1151' title='bbox 1638 4027 1733 4063; x_wconf 73' lang='lat' dir='ltr'><strong>tuus</strong></span> <span class='ocrx_word' id='word_1_1152' title='bbox 1753 4032 1857 4061; x_wconf 76' lang='lat' dir='ltr'><strong>unus</strong></span> <span class='ocrx_word' id='word_1_1153' title='bbox 1881 4028 1942 4063; x_wconf 72' lang='lat' dir='ltr'><strong>est</strong></span> <span class='ocrx_word' id='word_1_1154' title='bbox 1968 4022 2110 4077; x_wconf 79' lang='lat' dir='ltr'><strong>(Dent.</strong></span> <span class='ocrx_word' id='word_1_1155' title='bbox 2140 4022 2216 4077; x_wconf 76' lang='lat' dir='ltr'><strong>vt),</strong></span> <span class='ocrx_word' id='word_1_1156' title='bbox 2243 4024 2284 4065; x_wconf 88' lang='lat' dir='ltr'><strong>id</strong></span> <span class='ocrx_word' id='word_1_1157' title='bbox 2309 4030 2400 4068; x_wconf 84' lang='lat' dir='ltr'><strong>est.</strong></span> <span class='ocrx_word' id='word_1_1158' title='bbox 2421 4022 2586 4067; x_wconf 79' lang='lat' dir='ltr'><strong>Putrem</strong></span> <span class='ocrx_word' id='word_1_1159' title='bbox 2616 4026 2884 4080; x_wconf 82' lang='lat' dir='ltr'><strong>ouinipoten·</strong></span> 
     </span>
     <span class='ocr_line' id='line_1_149' title="bbox 1638 4075 2917 4134; baseline 0.007 -18"><span class='ocrx_word' id='word_1_1160' title='bbox 1638 4081 1722 4117; x_wconf 88' lang='lat' dir='ltr'><strong>tem</strong></span> <span class='ocrx_word' id='word_1_1161' title='bbox 1739 4075 1884 4124; x_wconf 79' lang='lat' dir='ltr'><strong>crede,</strong></span> <span class='ocrx_word' id='word_1_1162' title='bbox 1900 4083 1942 4119; x_wconf 91' lang='lat' dir='ltr'><strong>et</strong></span> <span class='ocrx_word' id='word_1_1163' title='bbox 1965 4077 2111 4132; x_wconf 81' lang='lat' dir='ltr'><strong>dilige.</strong></span> <span class='ocrx_word' id='word_1_1164' title='bbox 2134 4075 2387 4121; x_wconf 76' lang='lat' dir='ltr'><strong>insecundo</strong></span> <span class='ocrx_word' id='word_1_1165' title='bbox 2404 4081 2553 4122; x_wconf 86' lang='lat' dir='ltr'><strong>eodem</strong></span> <span class='ocrx_word' id='word_1_1166' title='bbox 2582 4079 2687 4122; x_wconf 77' lang='lat' dir='ltr'><strong>solio</strong></span> <span class='ocrx_word' id='word_1_1167' title='bbox 2716 4082 2882 4125; x_wconf 85' lang='lat' dir='ltr'><strong>scribe:</strong></span> <span class='ocrx_word' id='word_1_1168' title='bbox 2913 4131 2917 4134; x_wconf 49' lang='grc'><em>,</em></span> 
     </span>
     <span class='ocr_line' id='line_1_150' title="bbox 1638 4129 2924 4192; baseline 0.008 -22"><span class='ocrx_word' id='word_1_1169' title='bbox 1638 4129 1735 4173; x_wconf 80' lang='lat' dir='ltr'><strong>Non</strong></span> <span class='ocrx_word' id='word_1_1170' title='bbox 1770 4131 1945 4184; x_wconf 76' lang='lat' dir='ltr'><strong>accipies</strong></span> <span class='ocrx_word' id='word_1_1171' title='bbox 1971 4143 2118 4174; x_wconf 79' lang='lat' dir='ltr'><strong>nonum</strong></span> <span class='ocrx_word' id='word_1_1172' title='bbox 2141 4131 2220 4175; x_wconf 81' lang='lat' dir='ltr'><strong>Dei</strong></span> <span class='ocrx_word' id='word_1_1173' title='bbox 2251 4132 2314 4175; x_wconf 72' lang='lat' dir='ltr'><strong>tici</strong></span> <span class='ocrx_word' id='word_1_1174' title='bbox 2355 4134 2397 4176; x_wconf 80' lang='lat' dir='ltr'><strong>in</strong></span> <span class='ocrx_word' id='word_1_1175' title='bbox 2429 4147 2581 4177; x_wconf 81' lang='lat' dir='ltr'><strong>vanum</strong></span> <span class='ocrx_word' id='word_1_1176' title='bbox 2609 4134 2764 4191; x_wconf 71' lang='lat' dir='ltr'><strong>(Exod.</strong></span> <span class='ocrx_word' id='word_1_1177' title='bbox 2790 4138 2879 4192; x_wconf 84' lang='lat' dir='ltr'><strong>xx).</strong></span> <span class='ocrx_word' id='word_1_1178' title='bbox 2923 4179 2924 4190; x_wconf 57' lang='grc'>,</span> 
     </span>
     <span class='ocr_line' id='line_1_151' title="bbox 1634 4185 2924 4235; baseline 0.006 -8"><span class='ocrx_word' id='word_1_1179' title='bbox 1634 4185 1772 4230; x_wconf 85' lang='lat' dir='ltr'><strong>Crede</strong></span> <span class='ocrx_word' id='word_1_1180' title='bbox 1812 4185 1967 4230; x_wconf 80' lang='lat' dir='ltr'><strong>Filium</strong></span> <span class='ocrx_word' id='word_1_1181' title='bbox 2009 4187 2190 4230; x_wconf 86' lang='lat' dir='ltr'><strong>missum</strong></span> <span class='ocrx_word' id='word_1_1182' title='bbox 2227 4189 2438 4232; x_wconf 83' lang='lat' dir='ltr'><strong>minorem</strong></span> <span class='ocrx_word' id='word_1_1183' title='bbox 2479 4189 2607 4234; x_wconf 84' lang='lat' dir='ltr'><strong>Patre</strong></span> <span class='ocrx_word' id='word_1_1184' title='bbox 2646 4191 2885 4235; x_wconf 72' lang='lat' dir='ltr'><strong>secundum</strong></span> <span class='ocrx_word' id='word_1_1185' title='bbox 2923 4206 2924 4210; x_wconf 48' lang='lat'>¹</span> 
     </span>
     <span class='ocr_line' id='line_1_152' title="bbox 1634 4240 2924 4299; baseline 0.005 -16"><span class='ocrx_word' id='word_1_1186' title='bbox 1634 4240 1963 4292; x_wconf 85' lang='lat' dir='ltr'><strong>humanitatem,</strong></span> <span class='ocrx_word' id='word_1_1187' title='bbox 1979 4243 2082 4299; x_wconf 84' lang='lat' dir='ltr'><strong>quia</strong></span> <span class='ocrx_word' id='word_1_1188' title='bbox 2099 4243 2279 4297; x_wconf 69' lang='lat' dir='ltr'><strong>aequalis</strong></span> <span class='ocrx_word' id='word_1_1189' title='bbox 2291 4244 2330 4287; x_wconf 90' lang='lat' dir='ltr'><strong>ei</strong></span> <span class='ocrx_word' id='word_1_1190' title='bbox 2345 4245 2581 4287; x_wconf 82' lang='lat' dir='ltr'><strong>secundum</strong></span> <span class='ocrx_word' id='word_1_1191' title='bbox 2597 4246 2880 4290; x_wconf 82' lang='lat' dir='ltr'><strong>divinitatem.</strong></span> <span class='ocrx_word' id='word_1_1192' title='bbox 2922 4247 2924 4252; x_wconf 74' lang='grc'>’</span> 
     </span>
     <span class='ocr_line' id='line_1_153' title="bbox 1633 4295 2924 4357; baseline 0.005 -20"><span class='ocrx_word' id='word_1_1193' title='bbox 1633 4295 1866 4340; x_wconf 76' lang='lat' dir='ltr'><strong>inhonorat</strong></span> <span class='ocrx_word' id='word_1_1194' title='bbox 1894 4299 2008 4341; x_wconf 90' lang='lat' dir='ltr'><strong>enim</strong></span> <span class='ocrx_word' id='word_1_1195' title='bbox 2038 4295 2211 4342; x_wconf 81' lang='lat' dir='ltr'><strong>Patrem</strong></span> <span class='ocrx_word' id='word_1_1196' title='bbox 2229 4331 2241 4348; x_wconf 85' lang='lat'>‚</span> <span class='ocrx_word' id='word_1_1197' title='bbox 2267 4300 2341 4355; x_wconf 81' lang='lat' dir='ltr'><strong>qui</strong></span> <span class='ocrx_word' id='word_1_1198' title='bbox 2371 4311 2459 4342; x_wconf 89' lang='lat' dir='ltr'><strong>non</strong></span> <span class='ocrx_word' id='word_1_1199' title='bbox 2482 4299 2617 4351; x_wconf 83' lang='lat' dir='ltr'><strong>credit</strong></span> <span class='ocrx_word' id='word_1_1200' title='bbox 2658 4302 2880 4357; x_wconf 79' lang='lat' dir='ltr'><strong>proprium</strong></span> <span class='ocrx_word' id='word_1_1201' title='bbox 2922 4330 2924 4342; x_wconf 39' lang='lat'><strong>⁴</strong></span> 
     </span>
     <span class='ocr_line' id='line_1_154' title="bbox 1634 4349 2924 4418; baseline 0.005 -24"><span class='ocrx_word' id='word_1_1202' title='bbox 1634 4351 1798 4406; x_wconf 65' lang='lat' dir='ltr'><strong>habere⁴</strong></span> <span class='ocrx_word' id='word_1_1203' title='bbox 1817 4349 1973 4410; x_wconf 78' lang='lat' dir='ltr'><strong>Filium</strong></span> <span class='ocrx_word' id='word_1_1204' title='bbox 1992 4353 2200 4418; x_wconf 79' lang='lat' dir='ltr'><strong>aequalem</strong></span> <span class='ocrx_word' id='word_1_1205' title='bbox 2226 4354 2324 4407; x_wconf 83' lang='lat' dir='ltr'><strong>sibi,</strong></span> <span class='ocrx_word' id='word_1_1206' title='bbox 2353 4360 2555 4412; x_wconf 79' lang='lat' dir='ltr'><strong>tanquam</strong></span> <span class='ocrx_word' id='word_1_1207' title='bbox 2585 4356 2880 4413; x_wconf 77' lang='lat' dir='ltr'><strong>impotentem,</strong></span> <span class='ocrx_word' id='word_1_1208' title='bbox 2923 4397 2924 4411; x_wconf 31' lang='lat'>2</span> 
     </span>
     <span class='ocr_line' id='line_1_155' title="bbox 1631 4403 2874 4469; baseline 0.005 -19"><span class='ocrx_word' id='word_1_1209' title='bbox 1631 4407 1698 4453; x_wconf 80' lang='lat' dir='ltr'><strong>vel</strong></span> <span class='ocrx_word' id='word_1_1210' title='bbox 1716 4408 1922 4454; x_wconf 71' lang='lat' dir='ltr'><strong>invidum.</strong></span> <span class='ocrx_word' id='word_1_1211' title='bbox 1940 4403 2090 4454; x_wconf 71' lang='lat' dir='ltr'><strong>Tertio</strong></span> <span class='ocrx_word' id='word_1_1212' title='bbox 2105 4407 2235 4455; x_wconf 78' lang='lat' dir='ltr'><strong>crede</strong></span> <span class='ocrx_word' id='word_1_1213' title='bbox 2254 4408 2461 4467; x_wconf 85' lang='lat' dir='ltr'><strong>Spiritum</strong></span> <span class='ocrx_word' id='word_1_1214' title='bbox 2485 4417 2703 4466; x_wconf 77' lang='lat' dir='ltr'><strong>sanctum,</strong></span> <span class='ocrx_word' id='word_1_1215' title='bbox 2726 4412 2771 4456; x_wconf 89' lang='lat' dir='ltr'><strong>in</strong></span> <span class='ocrx_word' id='word_1_1216' title='bbox 2788 4422 2874 4469; x_wconf 81' lang='lat' dir='ltr'><strong>quo</strong></span> 
     </span>
    </p>
   </div>
  </div>
 </body>
</html>
