2924 4588
189 123 280 194 *ιι

191 213 331 255 anima
354 197 445 253 ‘nate
478 216 593 250 onim

192 296 258 334 ιιι,
294 281 370 339 8);
409 278 578 334 reputet
615 287 664 330 ea
705 256 1013 338 ut⁶stercora⁰3
1050 270 1286 309 marcescat
1317 260 1430 318 apud

189 365 282 399 eam
309 353 438 396 decor
460 360 630 398 eorum;
661 348 900 387 amarescat
924 346 966 385 ct
995 338 1194 383 dulcedo.
1217 335 1429 391 Importa-

190 427 274 470 bile
309 429 351 467 et
381 431 553 465 ommno
575 400 846 460 nimici-abite
890 412 1084 456 videatur
1119 409 1186 460 ei,
1217 406 1427 464 quidquid

190 499 232 541 in
273 497 353 539 hoc
377 492 550 542 mundo,
571 489 622 533 de
648 489 728 531 hoc
751 485 930 536 mundo,
951 483 1082 533 videt,
1103 481 1244 531 audit,
1265 485 1425 537 gustat,

186 569 358 618 olfacit,
399 570 442 610 ct
476 564 639 619 tangit,
682 572 809 617 quem
851 559 914 603 sic
946 555 1166 612 possideat
1203 553 1280 611 [al.
1327 564 1428 608 pos⁶

184 643 322 687 uideat
348 639 440 696 (per
474 635 620 691 usum)
645 633 782 677 deesse
811 629 1004 686 videturq,
1026 634 1073 671 ut
1108 627 1145 672 ei
1176 626 1425 670 nullatenus

188 711 387 755 inhaereat
414 721 488 764 per
525 706 739 749 affectum.
777 702 985 745 Moriatur
1019 711 1116 742 eum
1145 697 1252 740 Sara
1288 701 1427 739 morte

185 784 317 834 vitali,
337 789 378 826 et
403 782 444 823 in
468 778 627 833 duplici
663 776 849 818 actionis
881 780 1011 829 atque
1050 769 1425 826 contemplationis

185 857 385 911 spelunca
407 852 639 908 sepeliatur
664 847 782 904 (Gen.
810 858 940 897 xxiii,
969 844 1038 900 ¹9)
1057 859 1065 886 :
1085 843 1217 887 vitam
1260 842 1424 885 habeus

182 927 474 972 absconditam
499 936 594 967 cum
619 921 792 965 Christo
815 920 860 964 in
879 917 1072 962 Domino.
1092 914 1138 959 ln
1150 915 1310 958 virtute
1327 914 1426 958 sim-

182 1000 279 1055 plici
303 1006 343 1043 ct
370 998 645 1053 simplicitate
668 993 780 1036 virili
807 992 922 1035 domi
955 995 1204 1047 permaneat
1231 998 1329 1031 cum
1351 987 1424 1030 Ja-

181 1073 285 1114 cob:
313 1081 578 1126 nequaqnam
603 1067 656 1109 ad
679 1065 933 1122 capiendum
959 1063 1132 1106 carnale
1153 1061 1311 1118 aliquid
1348 1074 1424 1116 per

179 1145 309 1188 silvas
320 1142 599 1185 mundialium
617 1147 818 1182 curarum
832 1138 1049 1181 discurrat
1061 1148 1158 1179 cum
1173 1135 1284 1179 Esau
1301 1133 1417 1190 (Gen.

180 1223 275 1264 xxv,
298 1214 384 1270 <27).
408 1212 638 1268 Mortuact
662 1209 927 1252 aromatibus
944 1207 1117 1251 condita
1142 1219 1239 1250 cum
1262 1205 1421 1262 loseph

1078 107 1243 150 Anam
1274 105 1344 147 PR
1361 99 1864 145 ffiMuast'ttA't'mfflS

546 174 622 246 ⁸'a
654 201 839 246 visibilia
860 189 983 254 quasi
1013 193 1269 239 detrimenta
1303 187 1432 247 (Phil.
1460 191 1497 235 A
1575 185 1607 230 l.
1633 185 1892 239 Quidnij'am
1906 183 2006 230 tans
2023 187 2658 248 anima‚qualemiasuperiore
2673 196 2766 238 ser..

2676 106 2764 151 ⁴20

1511 265 1639 302 mone
1659 259 1990 314 descripsimus,
2020 259 2064 302 in
2089 261 2183 306 solo
2206 261 2365 318 Sponsi
2380 265 2449 309 sui
2465 267 2611 309 amore
2628 265 2748 312 felici

1510 337 1576 375 tel·
1608 331 1854 388 requiescat
1874 345 1885 384 ;
1906 331 2046 375 locata
2080 333 2193 406 inter
2214 335 2394 380 brachia
2435 350 2530 391 sua,
2561 339 2605 383 in
2623 339 2764 396 ipsius

1509 403 1810 447 tantummodo
1847 408 1891 446 et
1929 404 2217 460 amplexibus,
2243 415 2284 452 et
2309 409 2472 454 osculis
2499 410 2766 458 delectetur!

1510 477 1729 532 Siquidem
1748 485 1922 532 cuncta,
1948 492 2044 537 quae
2076 482 2121 524 in
2157 482 2245 523 imo
2270 487 2387 532 sunt,
2413 482 2538 538 plene
2560 483 2765 541 despicit,
2785 495 2802 497 ··
2871 504 2874 507 ·

1507 551 1672 594 nullum
1695 550 1740 594 in
1756 552 1822 596 eis
1845 553 1914 597 vel
1938 560 2134 610 saporem
2151 551 2298 605 sentit,
2321 555 2391 598 vel
2412 554 2610 599 decorem
2629 555 2765 613 viden

1507 636 1693 680 superna
1729 637 1834 669 vero
1865 626 1948 670 etsi
1978 626 2065 682 iam
2094 638 2171 684 per
2199 626 2462 671 desiderium
2487 634 2648 681 teneat,
2683 629 2762 676 scd

1506 696 1691 739 necdum
1709 697 1754 739 in
1777 709 1825 741 re
1848 697 1990 741 habet.
2018 696 2179 751 Quidni
2209 697 2380 742 interim
2409 707 2608 744 exerceat
2636 712 2684 746 se
2706 701 2760 746 ad
2784 695 2788 698 ’
2812 711 2815 713 ·
2871 707 2874 709 ’

1506 770 1726 824 pietatem,
1753 782 1849 826 quae
1866 770 1991 827 Juxta
2014 769 2286 826 Apostolum,
2310 770 2364 814 ad
2389 774 2530 816 omnia
2546 773 2663 816 utilis
2679 781 2759 826 est,
2807 766 2811 772 ’

1502 842 1819 895 promissionem
1855 840 2010 885 liabens
2041 841 2167 893 liuius
2205 843 2300 886 vitae
2329 849 2368 886 et
2391 843 2579 898 sutum?
2605 842 2652 901 (1
2673 843 2758 888 Tit.

1506 925 1564 964 iv,
1593 914 1654 970 8.)
1678 913 1875 958 Exsultet
1913 915 2074 971 itaque,
2114 920 2157 958 et
2192 915 2399 971 tripudiet
2438 927 2536 959 cum
2570 915 2758 974 Sponso,
2808 912 2810 916 ’

1503 986 1690 1031 celebret
1733 988 1861 1031 simul
1885 994 2029 1032 castas
2069 989 2259 1044 nuptias,
2295 989 2351 1033 sit
2387 989 2760 1036 commistio'eum
2807 986 2842 1002 ¹'

1504 1060 1705 1115 puritate,
1756 1060 1814 1105 sit
1856 1061 2085 1118 conceptio
2126 1062 2171 1104 in
2209 1062 2496 1115 fecunditate,
2544 1064 2600 1108 sit
2658 1075 2761 1122 par-

1503 1138 1573 1178 tus
1601 1134 1694 1178 sine
1731 1134 1920 1180 loesione.
1965 1134 2141 1179 Habetis
2178 1135 2326 1192 itaque
2359 1145 2558 1181 sermone
2595 1150 2759 1194 praece*

1502 1205 1634 1258 denti,
1674 1206 1831 1262 quibus
1866 1207 2006 1252 modis
2047 1208 2236 1252 animam
2260 1209 2492 1253 humanam
2516 1209 2630 1255 Deus
2656 1211 2759 1256 facit

178 1291 406 1340 reponatur
421 1285 466 1326 in
490 1283 629 1326 loculo
647 1282 691 1325 in
715 1280 901 1337 AEgypto
921 1277 1037 1338 (Gen.
1058 1291 1099 1329 ι,
1115 1278 1203 1335 25),
1220 1284 1267 1320 ut
1283 1279 1423 1321 amori
1447 1273 1480 1316 B
1502 1277 1708 1335 sponsam
1732 1292 1870 1324 suam.
1894 1281 2043 1324 Primo
2065 1294 2183 1339 ergo,
2211 1282 2318 1325 utin
2341 1294 2393 1327 eo
2415 1282 2616 1337 audistis,
2643 1284 2759 1330 larat

177 1359 323 1401 mundi
348 1357 475 1413 hujus
511 1357 633 1411 plene
655 1354 887 1404 exstincta,
924 1352 1168 1397 etdiversis
1213 1351 1419 1395 virtutum

174 1428 379 1472 odoribus
422 1426 595 1477 referta,
638 1426 681 1467 in
742 1425 916 1468 interno
947 1423 1189 1466 occultetur
1233 1411 1418 1475 secreto,

174 1502 362 1559 quandiu
387 1500 550 1544 versari
568 1498 839 1554 compellitur
863 1497 906 1540 in
940 1502 1055 1540 statu
1089 1497 1310 1552 praesentis
1322 1498 1421 1540 vitae

172 1574 414 1618 tenebroso.
442 1571 603 1615 Deinde
631 1577 911 1613 contemnens
932 1576 1103 1613 terrena
1142 1570 1250 1620 hacc,
1289 1574 1331 1613 et
1354 1570 1419 1613 in·

173 1647 286 1698 lima,
328 1645 519 1689 coelestia
558 1650 649 1687 toto
690 1643 845 1687 annisu
883 1642 1099 1686 desideret
1127 1650 1170 1686 et
1201 1654 1415 1699 superna:

171 1726 415 1776 quantoque
454 1717 736 1760 mortificatur
778 1715 831 1758 ad
872 1714 1108 1771 appetenda
1146 1715 1414 1767 transitoria,

166 1792 294 1847 207
321 1797 438 1834 tanto
460 1797 501 1835 et
526 1796 746 1846 vegetetur
770 1790 821 1832 ad
846 1788 1191 1845 concupiscenda
1226 1795 1412 1834 aeterna:

169 1866 429 1909 desiderium
465 1864 620 1908 babeat
664 1863 857 1914 dissolvi,
902 1868 944 1906 et
982 1874 1079 1906 esse
1114 1874 1209 1906 cum
1244 1861 1416 1906 Christo

170 1936 302 1993 (Phil.
326 1949 394 1986 ιιι,
420 1935 506 1992 23).
536 1935 652 1980 Talis
674 1936 760 1990 jam
784 1936 923 1978 anima
948 1934 1137 1991 perfecte
1149 1934 1308 1978 nubilis
1326 1941 1415 1988 est;

166 2015 209 2050 et
232 2010 346 2052 venit
366 2010 452 2065 jam
478 2014 645 2064 teinpus
671 2010 764 2064 ejus
788 2014 834 2050 ut
868 2008 1026 2065 cogitet
1046 2008 1103 2057 ,de
1140 2009 1326 2064 nuptiis:
1357 2010 1414 2052 ita

166 2088 307 2134 lamen
331 2083 367 2127 si
384 2083 554 2125 tertium
574 2084 733 2126 bonum
758 2082 1101 2139 apprehenderit,
1120 2081 1235 2138 quod
1251 2081 1302 2124 ad
1319 2083 1412 2140 eius

166 2144 579 2213 consiimmationcm
603 2158 788 2201 diximus
811 2159 1039 2213 pertinere.
1079 2157 1198 2211 Quod
1226 2161 1263 2203 si
1298 2160 1412 2204 lubet

172 2230 335 2281 audire,
360 2230 472 2286 quod
498 2231 567 2282 sit,
595 2232 732 2287 ipsum
749 2239 813 2274 est
830 2231 1047 2287 plenitudo
1061 2231 1302 2277 dilectionis
1317 2233 1409 2286 Dei,

166 2314 292 2357 quem
317 2310 432 2346 amat
453 2303 611 2354 anima,
639 2316 732 2359 quae
758 2303 855 2349 talis
881 2310 961 2355 cst,
1002 2318 1089 2348 non
1123 2306 1263 2349 solum
1299 2307 1411 2351 inter

1504 1364 1613 1403 cam,
1642 1353 1834 1397 secundo
1856 1360 2044 1410 reparat,
2069 1354 2197 1398 tertlo
2238 1360 2427 1411 coaptat,
2461 1363 2619 1412 quarto
2651 1369 2758 1403 con»

1503 1431 1707 1470 summat.
1734 1425 1883 1476 Laxat,
1908 1432 1955 1469 nt
1972 1427 2062 1483 Jam
2082 1426 2287 1480 diximus,
2314 1428 2606 1475 immundam:
2631 1443 2758 1489 repa·-

1499 1501 1567 1538 rat
1590 1495 1835 1549 discissam,
1859 1501 2031 1555 coaptat
2053 1499 2260 1555 ineptam,
2287 1504 2560 1544 consummat
2583 1501 2758 1548 destru-
2807 1499 2811 1512 ’“

1500 1580 1630 1611 etam.
1654 1568 1888 1614 Fit-autem
1915 1571 2080 1614 ablutio
2095 1571 2190 1627 ejus
2211 1579 2396 1628 quatuor
2417 1573 2559 1619 modis
2579 1590 2589 1618 ε
2613 1576 2755 1632 primo
2808 1574 2811 1578 ’

1501 1639 1786 1694 illuminatur,
1823 1643 2013 1687 secundo
2048 1644 2311 1696 stimulatur,
2350 1646 2481 1690 tertio
2512 1654 2751 1703 reseratur,

1499 1722 1655 1770 quarto
1668 1728 1771 1760 vero
1793 1717 1978 1762 acuitur.
2005 1717 2291 1772 illuminatur,
2310 1726 2357 1763 ut
2380 1722 2566 1777 seipsam
2590 1723 2750 1779 videat3

1499 1788 1763 1842 stimulatur,
1806 1798 1852 1834 ut
1877 1803 1952 1846 per
1977 1804 2024 1836 se
2047 1798 2088 1835 et
2111 1792 2164 1836 de
2187 1806 2233 1838 se
2259 1792 2427 1849 doleat;
2455 1803 2677 1842 reseratur
2705 1806 2752 1843 ut

1498 1863 1735 1918 pravitates
1759 1877 1860 1908 suas
1899 1864 2092 1921 delegat;
2119 1868 2289 1911 acuitur
2313 1874 2358 1912 ut
2382 1868 2568 1929 qualiter
2595 1878 2751 1916 emun-

1497 1937 1588 1979 dari
1611 1942 1755 1994 queat,
1781 1939 1882 1982 totis
1906 1939 2134 1984 conatibus
2152 1948 2332 1997 quierat.
2358 1940 2589 1999 Reparatio
2604 1950 2750 1991 autem

1496 2009 1589 2064 ejus
1604 2011 1663 2052 ita
1688 2013 1734 2053 tit
1767 2025 1778 2053 :
1812 2011 1952 2068 primo
1989 2012 2173 2068 percipit
2211 2013 2523 2070 fortitudinem,
2557 2017 2774 2062 secundo

1495 2080 1783 2135 devotionem,
1808 2083 1936 2127 tertio
1958 2084 2319 2139 benevolentiam,
2346 2093 2502 2144 quarto
2526 2089 2745 2136 fiduciam.

1493 2151 1824 2208 Fortitudinem,
1851 2164 1896 2201 ut
1931 2170 1978 2201 se
2009 2169 2034 2201 a
2078 2158 2276 2215 pristinis
2309 2160 2576 2208 foeditatibus
2601 2165 2747 2209 conti*

1493 2233 1613 2282 neat3
1632 2227 1921 2283 devotionem,
1941 2236 1989 2274 ut
2001 2231 2043 2276 in
2058 2232 2224 2278 sanctis
2238 2247 2284 2278 se
2308 2235 2512 2292 operibus
2529 2241 2744 2294 ex'ei·ceat-;

1492 2302 1850 2356 benevolentiam,
1877 2308 1923 2348 ut
1939 2317 1986 2349 se
2009 2313 2268 2362 promptam,
2296 2320 2396 2364 erga
2415 2309 2676 2366 proximum,
2698 2310 2746 2356 in

164 2376 324 2425 omnia,
350 2375 424 2419 sed
446 2382 488 2419 et
510 2389 641 2432 super
663 2378 831 2430 oinnia;
860 2383 906 2419 ut
932 2390 1014 2421 una
1037 2392 1132 2423 cum
1161 2382 1269 2436 ipse,
1296 2387 1337 2424 et
1362 2382 1407 2424 in
1432 2356 1466 2405 C
1492 2376 1694 2420 omnibus
1715 2377 1936 2432 exhibeat:
1963 2378 2181 2430 fiduciam.
2202 2371 2311 2425 inde
2330 2384 2647 2438 praeterilorum
2663 2383 2742 2431 de·-

164 2447 274 2503 ipso,
295 2448 477 2504 gaudeat
504 2462 579 2505 per
602 2450 744 2494 omnia
769 2451 922 2493 saecuia
948 2452 1217 2500 sacculorum.
1242 2446 1402 2498 Amen.

601 2518 785 2568 SERMO
810 2523 952 2568 xcvi,

375 2624 478 2655 ΙΤΕΙΙ
501 2624 700 2657 noxiales
725 2627 755 2656 11
781 2627 883 2658 POST
916 2628 1183 2660 eripiamini.

161 2698 224 2742 De
241 2699 383 2744 eadem
406 2701 641 2755 festivitate,
665 2718 786 2760 quam
830 2707 869 2747 in
908 2705 1085 2749 internis
1119 2708 1275 2762 nuptiis
1312 2710 1400 2753 suis

229 2758 354 2799 simiai
376 2758 581 2801 celebrum
600 2761 710 2803 Deus
728 2775 919 2816 sponsus,
938 2770 975 2804 et
1000 2763 1142 2806 ateima
1162 2776 1329 2817 sponsa.

161 2826 361 2874 Sraonsts
383 2843 605 2876 SERUOMS.
627 2857 683 2863 —
711 2831 750 2877 l.
779 2833 927 2878 Status
950 2836 1134 2878 amantis
1161 2837 1330 2891 animae,
1356 2846 1400 2883 et

213 2886 408 2942 repetitio
430 2889 632 2942 subjecta}
662 2890 864 2935 materiae.
891 2915 946 2922 -
966 2890 1010 2934 2.
1036 2891 1203 2935 Gradus
1222 2894 1401 2948 quindeb

212 2941 295 2982 cim
318 2941 519 2986 tendendi
553 2945 606 2987 ad
641 2944 769 2988 Deum
806 2958 827 2987 a
862 2947 930 2989 sui
964 2948 1208 3003 cognitione
1222 2961 1394 3003 exorsa,

212 2996 369 3040 desinit
391 3000 476 3040 vita
501 3001 735 3054 spiritualis
757 3002 801 3044 in
823 3003 1032 3046 servorem
1057 3004 1397 3050 dilectionis.—

212 3052 254 3095 ὖ.
279 3051 321 3095 ln
346 3056 548 3098 exteriori
563 3069 612 3099 ac
636 3057 829 3100 interiori
848 3059 1036 3109 homine,
1065 3066 1111 3103 ut.
1130 3061 1240 3106 Deus
1264 3074 1397 3118 spon-

213 3120 303 3150 sam
333 3121 453 3158 suam
479 3112 657 3167 perlicit.
685 3138 741 3143 -—-
783 3114 826 3156 4.
876 3115 1006 3156 Maria
1026 3116 1066 3158 id
1091 3123 1157 3160 est
1195 3118 1395 3164 voluntas

211 3163 362 3206 devota
390 3181 398 3206 ;
424 3165 546 3210 Jcsus
571 3169 610 3210 id
629 3175 695 3212 est
712 3170 844 3224 gratia
870 3171 1033 3215 interna
1053 3185 1061 3210 z
1079 3172 1394 3229 discipulisunt

209 3219 303 3272 ejus
326 3220 602 3266 charismata.
631 3249 682 3254 --
707 3225 747 3267 5.
778 3224 829 3267 Ut
857 3224 982 3270 Jesus
1007 3230 1225 3272 vocandus
1249 3237 1314 3274 est
1338 3234 1391 3275 ad

213 3277 400 3330 nuptias.
418 3300 475 3311 ·-
498 3275 539 3320 6.
565 3278 669 3323 Tres
694 3282 878 3324 ministri
903 3285 1096 3337 corporis
1129 3286 1390 3334 advocantes

212 3325 386 3375 Jcsuin:
411 3333 575 3388 primus
599 3335 714 3391 rigor
740 3337 912 3390 jejunii;
946 3340 1161 3385 secundus
1186 3342 1390 3388 instantia

212 3387 472 3443 vigiliarum3
504 3392 655 3435 tertius
689 3394 911 3437 maturitas
950 3396 1126 3448 silentii,
1164 3398 1277 3452 quod
1309 3402 1389 3443 tri-

215 3442 322 3495 plex.
351 3467 404 3474 ——
438 3445 477 3488 7.
503 3446 693 3498 Quatuor
717 3450 900 3493 ministri
927 3452 1079 3495 mentis
1110 3470 1118 3496 z
1151 3455 1386 3510 meditati0,
1414 3433 1448 3476 D

210 3497 485 3551 desiderium,
515 3503 746 3553 humilitas,
772 3509 1105 3559 perseverantia.
1131 3534 1184 3540 -—
1207 3511 1258 3553 8.:
1274 3510 1387 3556 Deli-

212 3553 347 3598 ciente
366 3555 482 3610 vino,
522 3558 565 3600 id
606 3565 686 3610 est,
722 3563 934 3615 spirituali
978 3565 1149 3619 gaudio,
1165 3567 1388 3613 'adinter-

212 3621 310 3651 nam
328 3611 503 3665 gratiam
529 3616 714 3670 suspiret
733 3619 873 3659 anima
896 3619 1063 3662 devota.
1090 3646 1143 3651 —
1166 3622 1206 3665 9.
1234 3622 1359 3667 Humi
1376 3650 1387 3658 ·

213 3663 344 3707 litatis
370 3667 421 3709 ad
438 3669 652 3723 quodlibet
675 3672 986 3726 impetrandum
1010 3674 1221 3721 efficacia:
1237 3700 1292 3711 ——
1318 3681 1384 3726 ¹0.

212 3717 427 3764 Desideria
469 3723 714 3769 devotarum
747 3729 952 3772 mentium
980 3744 1091 3787 saepe
1119 3746 1384 3788 repercussa,

213 3776 278 3817 vel
301 3776 431 3819 dilata
453 3791 502 3822 ex
527 3783 691 3826 occulta
714 3783 1031 3839 dispensatione
1053 3788 1211 3832 divina.
1238 3817 1290 3822 ——
1320 3794 1384 3836 tt.

214 3829 338 3874 Bonae
365 3835 594 3880 voluntatis
617 3841 816 3890 ollieium,
848 3853 897 3883 ac
921 3844 1148 3888 obediendi
1178 3847 1382 3891 studium.

212 3909 265 3915 —
288 3887 354 3951 1⁸2.
383 3887 426 3931 ln
446 3891 798 3946 inspirationibus
823 3898 992 3941 vitanda
1017 3900 1183 3944 fallacia
1204 3917 1214 3945 ε
1242 3916 1388 3958 super-

213 3952 279 3984 nae
301 3946 591 3998 inspirationis
610 3951 780 3995 indicia.
814 3977 868 3983 --
899 3955 968 3998 13.
995 3952 1088 3999 Non
1126 3957 1244 4011 prius
1269 3961 1393 4003 venit'

212 3995 335 4051 hora,
360 4012 485 4055 quam
509 4017 609 4048 suos
641 4007 835 4051 voluntas
870 4008 1021 4054 devota
1055 4020 1228 4056 moneat
1258 4016 1385 4058 mini-

212 4057 341 4118 stros.
367 4079 420 4086 —
461 4058 526 4101 ¹4.
558 4059 640 4104 Sex
664 4062 837 4117 hydriae.
885 4072 983 4109 sunt
1017 4068 1198 4123 totidem
1229 4083 1384 4122 ¹aenei-a

213 4108 535 4175 meditationum
554 4149 565 4166 ,
589 4117 630 4158 id
654 4124 734 4168 est,
759 4119 810 4161 de
833 4127 945 4163 statu
962 4130 1061 4166 ante
1083 4119 1264 4180 primam
1281 4139 1387 4174 con·

213 4175 466 4230 versionem.
488 4194 543 4202 —
575 4172 641 4215 15.
670 4171 864 4217 Secunda
887 4183 968 4226 est,
993 4178 1046 4222 de
1069 4186 1186 4223 statu>
1204 4185 1387 4226 converss

210 4231 346 4268 sionis
370 4239 380 4266 ε
405 4225 530 4268 tertia
550 4226 602 4271 de
625 4230 804 4273 occultis
830 4230 900 4274 Dei
912 4233 1087 4286 judiciis
1106 4252 1115 4276 ·.
1135 4236 1309 4293 reliquae
1331 4239 1385 4284 de

208 4276 469 4376 ffilifflmss·
489 4306 546 4314 --
567 4282 671 4326 llis
676 4290 821 4330 ructus
844 4289 1165 4335 meditationum
1183 4305 1234 4336 ex
1247 4294 1380 4349 grati-⁸

273 4345 291 4390 ι,
303 4342 535 4390 aspirante.

211 4419 347 4481 3777
372 4423 632 4475 Undecimus
648 4429 1008 4491 duodecimusque
1032 4437 1186 4483 desunt
1203 4440 1389 4497 gradus.-

1486 2450 1688 2493 lictorum
1711 2451 1835 2494 venia
1875 2458 2034 2509 speret.
2070 2452 2388 2500 Fortitudinem
2427 2469 2530 2514 ergo
2553 2458 2739 2516 percipit

1484 2522 1528 2566 in
1570 2524 1849 2576 continendo,
1896 2525 2170 2571 devotionem
2206 2529 2250 2572 in
2282 2530 2517 2586 operando,
2549 2530 2742 2576 benevo-

1485 2596 1658 2639 lentiam
1685 2597 1726 2639 in
1753 2597 2048 2654 obsequendo,
2074 2599 2276 2645 fiduciam
2301 2602 2342 2645 in
2370 2603 2600 2659 sperando.
2626 2603 2740 2649 Modi

1483 2683 1599 2721 vcro,
1632 2671 1787 2726 quibus
1825 2678 2067 2728 coaptatur,
2101 2674 2145 2717 bi
2178 2681 2314 2718 sunt:
2345 2676 2487 2732 primo
2516 2675 2742 2724 confertur

1480 2743 1517 2784 ei
1553 2744 1733 2799 puritas,
1778 2749 1823 2786 ut
1864 2744 2150 2802 deprecetur3
2192 2749 2383 2793 secundo
2427 2751 2656 2804 sanctitas,
2692 2758 2740 2796 ut

1480 2820 1722 2866 mereatum
1747 2815 1874 2858 tertio
1899 2819 2136 2872 capacitas,
2164 2826 2208 2862 ut
2230 2815 2454 2876 suscipiam
2471 2830 2626 2878 quarto
2649 2822 2736 2867 sol·

1479 2886 1672 2938 licitndo,
1720 2894 1766 2930 nt
1804 2890 2004 2934 retiiieat.
2040 2889 2379 2936 Consummatur
2423 2895 2590 2952 utique,
2635 2908 2735 2942 cum

1477 2969 1631 3003 cimela
1649 2967 1818 3005 terrena
1845 2964 2026 3020 spernit,
2052 2964 2144 3011 sola
2168 2979 2355 3022 superna
2378 2969 2665 3025 concupiscit,
2690 2971 2734 3015 in

1477 3032 1543 3074 sni
1558 3031 1774 3077 Creatoris
1791 3035 1924 3079 solius
1939 3035 2171 3081 dilectione
2181 3043 2224 3082 et
2239 3039 2468 3099 dulcedine
2482 3042 2730 3098 requiescit.

1533 3107 1580 3151 ll.
1607 3107 1771 3160 Videte,
1798 3123 1852 3152 nc
1880 3110 1991 3154 sorte
2009 3110 2053 3153 hi
2078 3111 2209 3162 modi,
2229 3114 2305 3168 qui
2329 3113 2457 3156 modo
2482 3113 2731 3170 quindecim
2803 3116 2809 3118 ’

1475 3182 1684 3237 propositi
1714 3170 1829 3236 sunt,
1857 3184 1944 3228 sint
1975 3185 2036 3227 illi
2059 3185 2305 3242 quindecim
2329 3187 2503 3242 gradus,
2532 3187 2644 3244 quos'
2668 3189 2729 3232 illi

1474 3261 1651 3298 cantare
1674 3242 1813 3309 decet,
1833 3257 1905 3312 qui
1918 3256 2094 3302 cosdem
2113 3258 2274 3313 studet,
2298 3259 2458 3315 gradus
2476 3261 2729 3308 ascendere«

1474 3326 1580 3371 Nam
1603 3329 1703 3384 quia
1726 3330 1870 3374 anima
1898 3330 1942 3373 iu
1967 3331 2070 3382 imo,
2097 3329 2211 3375 Deus
2232 3338 2374 3377 aulem
2394 3332 2622 3376 insummo
2633 3337 2723 3389 est:

1474 3403 1551 3446 lios
1578 3402 1615 3447 ei
1639 3403 1800 3459 gradus
1827 3403 2073 3460 quindecim
2098 3405 2268 3456 sternit,
2296 3411 2342 3448 ut
2366 3419 2443 3462 per
2462 3418 2538 3450 eos
2559 3407 2726 3464 pertiw

1473 3488 1572 3530 gere
1596 3476 1733 3530 possit
1758 3475 1988 3532 adipsum.
2017 3476 2060 3519 ln
2075 3479 2260 3533 primum
2286 3478 2495 3533 siquidem
2514 3491 2608 3523 eam
2624 3491 2724 3536 gra·
2773 3494 2779 3501 ·

1471 3547 1572 3590 dunt
1590 3548 1743 3599 elevat,
1768 3548 1868 3591 dum
1884 3549 1998 3591 illam
2018 3549 2256 3604 illuminat3
2283 3551 2326 3594 in
2342 3551 2595 3605 secundum,
2619 3553 2721 3597 dum

1470 3620 1687 3673 summat:
1714 3622 1757 3665 in
1779 3622 1971 3674 tertium,
1993 3625 2094 3667 dum
2118 3635 2296 3677 reserat‚·
2321 3625 2363 3668 in
2378 3628 2594 3681 quartum,
2618 3626 2738 3671 dum·

1470 3696 1613 3749 acuit;
1639 3695 1683 3738 in
1717 3697 1931 3751 quintum,
1964 3696 2067 3739 dum
2101 3698 2293 3750 roborat,
2330 3698 2373 3745 in
2404 3705 2591 3752 sextum,
2615 3699 2720 3744 dum

1468 3766 1663 3818 exornau
1689 3769 1819 3824 208
1843 3771 1884 3812 in
1899 3771 2146 3825 seminium,
2173 3771 2274 3814 dum
2294 3771 2515 3828 informatg
2539 3773 2583 3818 in
2599 3781 2719 3818 octa·

1468 3837 1585 3890 runi,
1600 3843 1702 3890 ‹lu-m
1721 3841 1987 3893 cit'cumdat3
2010 3842 2053 3884 in
2078 3854 2257 3892 nonum,
2273 3843 2629 3899 dumexcitat;·in
2640 3845 2718 3891 de*

1466 3915 1642 3964 cimam,
1664 3914 1766 3958 dum
1783 3915 2016 3969 justificat:
2045 3917 2180 3975 (277⁴)
2207 3918 2250 3960 in
2271 3918 2485 3962 decimum
2519 3920 2712 3972 tertium,

2872 1089 2888 1402 -..μ-»Μ-ιιὰκ-ψι-ε-
2864 992 2887 1076 ³²1-va
2862 941 2885 961 s
2878 899 2883 902 ·
2867 875 2885 879 ζ
2864 843 2882 858 Ἀ
2864 800 2882 815 -‘
2883 777 2885 782 .

1466 3987 1567 4031 dum
1585 3988 1751 4042 erudit;
1767 3990 1812 4031 in
1829 3988 2043 4033 decimum
2067 3997 2284 4047 quartum,
2297 3989 2398 4034 dum
2410 3992 2537 4049 erigit
2550 4006 2563 4047 ς
2578 3992 2622 4036 in
2637 3993 2709 4038 de·
2764 4034 2767 4037 ,

1466 4063 1627 4105 cimum
1645 4061 1860 4117 quintum,
1876 4062 1977 4106 dum
2001 4063 2206 4119 incendit.
2218 4063 2441 4108 illuminat
2453 4065 2508 4108 ad
2523 4066 2710 4124 aguit-io-

1466 4145 1579 4184 nem,
1607 4133 1800 4178 stimulat
1823 4135 1876 4178 ad
1900 4137 2278 4192 compunctionem
2294 4170 2306 4189 ,
2330 4136 2491 4182 reserat
2529 4138 2583 4182 ad
2603 4150 2708 4183 con·-

1464 4205 1711 4258 sessionem,
1733 4207 1850 4250 acuit
1880 4207 1934 4251 ad
1958 4207 2299 4253 satisfactionem
2326 4224 2336 4252 :
2363 4215 2406 4254 et
2426 4211 2473 4254 in
2495 4211 2563 4256 his
2586 4211 2710 4256 ablu·

1462 4278 1524 4320 tio
1547 4289 1701 4322 annnae
1721 4279 1936 4324 consistit.
1958 4280 2149 4325 Roborat
2170 4282 2225 4326 ad
2247 4282 2572 4335 continentiam,
2586 4296 2709 4329 exor-

1463 4357 1537 4392 nat
1560 4351 1613 4396 ad
1638 4353 1870 4409 justitiam,
1898 4354 2116 4401 ¹informat
2149 4355 2204 4401 ad
2234 4356 2594 4415 benevolentiam,
2618 4357 2706 4402 cir-
