2924 4588
95 128 208 178 ¹25⁷

652 115 906 164 ntsrontt
926 103 1325 159 'senonasrtcs
1357 132 1414 142 -
1440 109 1598 155 moen
1633 91 2001 159 oeurnnonou
2025 116 2076 158 n.

2537 121 2552 163 l
2563 123 2642 168 '2³58

99 230 195 267 eam
219 218 351 263 frater
372 213 482 270 eins,
498 222 540 257 et
558 208 891 268 primogenitum
914 218 967 249 ex
986 217 1036 247 ea
1054 203 1188 246 lilium
1212 198 1332 244 fratri
1358 201 1394 245 A
1415 199 1583 245 laneam
1623 211 1800 256 restem,
1838 206 1917 249 nisi
1959 208 2029 250 lito
2066 208 2191 252 laneo
2229 217 2457 253 consuant.
2501 211 2649 257 Tradit

99 307 180 340 suo
201 290 403 335 defuneto
422 283 718 330 adnominabit
746 280 888 336 (Dent.
910 276 1032 332 xxv),
1054 275 1096 318 id
1115 281 1184 319 est
1202 274 1336 317 lilium

99 365 219 412 fratri
242 360 433 406 defuncti
453 370 540 400 non
573 366 699 399 suum
722 351 909 399 vocabit,
931 357 973 392 et
997 346 1338 391 dimittet-baere-

100 438 244 483 ditatis
282 441 577 478 successorem
608 437 740 482 -qnem
766 421 1008 468 suscitabit.
1035 418 1158 471 Quod
1194 419 1231 461 si
1262 429 1340 460 no-

1 496 10 502 *
98 510 229 557 luerit
253 510 384 557 frater
408 505 600 559 recipere
627 500 839 562 relictam,
865 507 962 552 quae
981 494 1063 544 sibi
1087 493 1268 536 debetur
1286 501 1339 534 ex

102 582 210 641 lege,
230 578 512 635 interpellabit
532 574 686 619 mullet¹
705 571 872 627 judices
897 569 938 611 in
956 575 1094 622 porta.
1119 565 1167 608 Et
1193 576 1340 608 aecer-

102 656 186 702 sito
209 665 277 702 eo,
301 651 337 695 si
360 649 557 703 accipere
575 657 669 689 eam
695 643 897 692 noluerit,
927 638 1083 683 mulier
1103 649 1251 682 cot-am
1275 636 1338 679 eis

101 728 222 774 tollet
258 725 595 769 calceamentum
635 717 687 760 de
722 716 828 769 pede
870 714 996 768 eins,
1038 718 1082 752 et
1127 715 1262 764 spuet
1294 706 1337 750 in

102 801 254 846 facicm
273 798 383 853 ejus,
408 802 452 837 et
470 794 637 836 dicetur
664 790 820 833 domus
847 788 960 841 ejus,
990 786 1147 829 domus
1176 782 1338 826 discal-

101 874 226 924 ceati,
252 868 531 926 opprobrium
554 866 596 907 in
626 862 772 906 lsrael.
802 859 913 903 Alibi
939 857 1096 912 legitur
1125 855 1239 911 quod
1263 855 1335 909 qni

101 949 308 994 ducturus
327 948 542 992 erateam,
567 939 678 982 alius
699 933 987 979 discalceabat
1010 931 1150 982 illum,
1183 941 1337 973 secun·

100 1021 200 1064 dum
226 1016 339 1073 quod
360 1013 549 1059 loannes
566 1011 698 1055 dixit:
722 1023 737 1050 ι
761 1007 854 1051 Non
877 1017 973 1050 sum
999 1004 1154 1059 dignus
1173 1002 1340 1045 solvere

70 1117 74 1120 -
101 1091 329 1147 corrigiam
352 1084 630 1130 calceamenti
653 1083 746 1137 ejtts
771 1078 894 1135 (Luc.
921 1077 1006 1132 tn).
1035 1091 1048 1116 ι
1070 1074 1202 1126 Quod
1227 1071 1339 1115 sorte

104 1164 246 1215 tiebat,
278 1161 315 1205 si
366 1165 522 1214 praesto
577 1161 669 1199 erat
700 1153 827 1195 >alius
881 1150 1092 1193 ducturus
1130 1158 1242 1198 eam,
1302 1145 1338 1188 si

103 1234 236 1280 frater
253 1232 512 1288 repudiaret.
536 1228 803 1281 Quandoque
825 1224 940 1268 enim
959 1221 1104 1266 nullus
1128 1214 1340 1263 dudturus

101 1313 195 1351 erat
227 1318 342 1357 eant,
367 1310 410 1353 et
445 1310 549 1346 tunc
572 1299 726 1343 mulier
752 1294 1112 1340 discalceabatur.
1138 1291 1339 1344 Quando·

103 1392 187 1436 que
216 1379 343 1421 etiam
369 1375 516 1423 frater,
541 1384 627 1415 non
651 1369 950 1424 interpellante
984 1365 1184 1417 muliere,
1210 1361 1343 1418 proli-

104 1455 273 1500 tenatur,
307 1449 526 1507 judicibus
566 1459 612 1490 se
650 1444 764 1487 nolle
801 1442 960 1485 babere
999 1452 1113 1489 eam,
1156 1445 1199 1481 et
1242 1443 1342 1478 tunc

105 1529 197 1583 ipse
215 1525 403 1581 seipsum
429 1518 733 1565 discalceabat.
763 1515 883 1558 Unde
905 1511 1009 1556 alibi
1032 1511 1205 1566 legitur,
1228 1508 1342 1564 quod

105 1600 256 1644 nolens
291 1596 509 1640 suscitare·
539 1603 686 1636 semen
724 1588 873 1632 fratris
895 1618 907 1638 ,
944 1597 990 1629 se
1035 1582 1341 1628 discalceabat.

109 1674 214 1719 item
244 1687 255 1715 ε
283 1687 298 1714 ι
325 1671 369 1714 Si
385 1668 540 1712 mulier
558 1658 1037 1720 apprehenderitririlia
1054 1656 1232 1700 alterius
1264 1653 1344 1696 viri

64 1774 68 1778 ·
110 1745 294 1792 rixantis
319 1755 415 1788 cum
446 1741 540 1784 viro
568 1749 666 1789 suo,
689 1733 888 1779 abscides
919 1742 1094 1776 manum
1129 1728 1240 1784 ejus,
1264 1738 1346 1770 nec

0 1815 3 1823 ’
65 1849 67 1851 ·
107 1817 292 1864 flecteris
315 1827 445 1870 super
482 1825 577 1856 eam
615 1806 911 1853 misericordia
953 1803 1114 1857 aliqua.
1146 1816 1161 1842 ι
1204 1799 1344 1849 Item:

79 1925 82 1928 Α
113 1907 129 1934 e
153 1890 249 1937 -Non
291 1888 470 1934 babebis
497 1885 665 1942 pondus
698 1890 750 1927 et·
778 1881 976 1936 pondos,
1021 1885 1267 1922 mensnram
1305 1877 1349 1920 et

69 1999 72 2004 -
109 1975 374 2013 mensuram,
415 1961 457 2006 id
497 1965 563 2003 est
597 1956 804 2010 majorem
841 1965 924 2008 qua
961 1962 1096 2000 emas,
1137 1947 1349 1989 minorem

0 2031 4 2094 s
28 2030 38 2083 ἷῐ
110 2053 195 2095 qua
219 2038 396 2088 vendas,
422 2035 503 2078 boc
526 2033 639 2074 enim
667 2026 960 2084 abominabile
982 2030 1048 2067 est
1072 2021 1269 2065 Domino.
1299 2034 1331 2060 tv

347 2108 451 2153 Car.
481 2103 593 2148 XVI.
623 2103 685 2145 De
706 2101 860 2145 semine
884 2109 1100 2154 aqi-orum.

167 2183 341 2229 Addidit
359 2191 531 2237 ottoque
553 2177 724 2233 Moyses
755 2174 807 2218 de
827 2170 1085 2228 quibusdam
1108 2166 1352 2223 permistio-

112 2259 241 2303 nibus
297 2267 443 2299 rerum
494 2250 653 2295 diversi
700 2247 869 2303 generis
914 2241 1135 2294 carendis,
1160 2240 1307 2283 dicens
1336 2253 1347 2280 ε

116 2347 132 2372 ‹
160 2330 252 2374 Non
279 2329 390 2372 feres
418 2326 586 2370 vineam
622 2330 741 2365 tuam
775 2320 911 2363 altero
935 2317 1102 2362 semine
1124 2313 1263 2370 grani,
1289 2312 1353 2354 vel
1374 2310 1409 2356 C

114 2402 360 2458 leguminis,
405 2410 459 2442 ne
494 2403 536 2439 et
573 2394 779 2438 sementis
817 2401 945 2445 qnam
987 2386 1133 2431 sevisti
1178 2390 1215 2428 el
1258 2395 1352 2437 qnae

114 2481 352 2524 nascuntur
392 2486 443 2516 ex
478 2471 601 2513 vinea
642 2466 802 2522 pariter
844 2459 1166 2507 sanctificentur
1209 2455 1353 2508 (Dent.

116 2550 243 2606 xxii),
270 2564 285 2590 ι
315 2560 369 2591 ne
406 2545 571 2592 scilicet
596 2552 724 2584 unam
763 2536 975 2580 decimam
993 2567 1004 2586 ‚
1030 2538 1073 2575 et
1115 2530 1354 2586 singulares

116 2623 330 2685 primitias
344 2620 417 2663 des
438 2625 641 2670 tanquam
665 2613 817 2655 denno
836 2619 957 2663 agre,
981 2601 1079 2651 euin
1099 2604 1151 2646 de
1173 2609 1357 2656 utreque

120 2697 262 2739 fructu
300 2690 531 2747 separatim
568 2686 708 2729 danda
734 2682 838 2733 sint,
860 2681 923 2723 vel
951 2691 1003 2722 ne
1029 2679 1111 2720 bac
1133 2675 1359 2718 occasione

119 2769 251 2813 velles
286 2763 498 2825 primitias
532 2757 754 2807 sementis,
781 2755 847 2797 vel
876 2752 961 2795 vini
991 2763 1076 2794 non
1103 2750 1230 2798 dare,
1257 2745 1358 2800 qnia

121 2840 250 2887 simul
289 2833 766 2883 non'sanctilieantur.
810 2826 917 2869 Nam
940 2821 1180 2878 {sementis,
1218 2819 1359 2873 primo

119 2905 253 2968 anno,
282 2903 425 2962 vin-ea,
445 2913 615 2964 quarto.
644 2904 772 2947 Facta
809 2911 911 2955 ergo
947 2898 1078 2941 altera
1118 2890 1363 2936 sanctifica--

123 2988 257 3039 tione,
283 2985 392 3028 forte
413 2968 587 3038 putares
609 2977 803 3020 sufficere
823 2974 874 3015 ad
897 2971 1027 3015 unius
1052 2967 1143 3022 agri
1165 2962 1360 3008 sanctiti—

123 3058 350 3101 cationem.
377 3052 471 3100 Alia
495 3050 636 3092 littera
659 3038 786 3088 babet
810 3057 820 3085 2
846 3057 861 3083 t
891 3039 951 3083 Nc
973 3037 1133 3094 pariter
1151 3033 1365 3078 suffocen-

124 3142 211 3178 tur.
242 3147 255 3172 ι
295 3128 418 3181 Quod
449 3125 620 3168 videtur
649 3121 758 3163 velle
795 3116 1033 3170 josephus,
1060 3111 1210 3155 dicens
1251 3106 1363 3155 lianc

127 3200 474 3246 communionem
515 3192 775 3249 prohibitam
806 3198 919 3237 esse,
946 3183 1050 3239 qnia
1085 3176 1364 3223 dissimilium

127 3274 427 3331 coniunctione
444 3275 594 3312 natura
607 3277 689 3309 non
705 3264 887 3306 laetatnr.
909 3257 1012 3299 item
1034 3270 1043 3297 z
1069 3269 1083 3293 ι
1100 3251 1194 3295 Non
1223 3247 1367 3292 arabis

130 3351 172 3392 in
202 3349 307 3390 bove
343 3342 531 3388 simulet
553 3339 691 3382 asino.
726 3351 739 3376 ι
778 3332 912 3388 Cuius
937 3339 1113 3373 sensum
1150 3323 1267 3380 ponit
1291 3319 1365 3363 Jo-

130 3420 304 3475 sepbus,
324 3417 463 3459 bobus
483 3412 647 3456 scilicet
674 3415 838 3451 tantum
859 3403 1064 3447 arandam
1078 3407 1233 3442 terram
1255 3405 1366 3444 esse,
1394 3388 1428 3431 D

130 3501 178 3535 ut
217 3489 392 3533 nomine
430 3485 540 3529 asini
581 3481 781 3538 quaelibet
822 3477 907 3520 alia
950 3472 1152 3516 animalia
1191 3467 1367 3511 exclusa

131 3576 245 3614 csse,
273 3561 578 3617 intelligamus.
611 3553 776 3598 Hebraei
802 3551 974 3594 tradunt
999 3547 1054 3589 ob
1081 3546 1163 3587 hoc
1185 3543 1365 3586 dictum.

134 3638 235 3698 quia
263 3634 400 3678 noluit
422 3629 645 3678 Dominus,
672 3624 816 3669 servili
839 3623 1051 3677 jumento,
1080 3618 1119 3660 id
1139 3624 1202 3659 est
1227 3614 1366 3660 asino,

135 3722 277 3766 regem
314 3708 607 3762 jumentorum
635 3698 842 3753 copulari.
879 3694 1073 3746 Quatuor
1107 3688 1221 3730 enim
1248 3683 1369 3739 quasi

134 3783 253 3842 regia
279 3777 480 3824 animalia
508 3773 697 3818 ostendit
722 3768 930 3812 Dominus
953 3762 1167 3806 Ezechieli
1199 3755 1368 3812 (Ezecn.

135 3858 202 3910 ηε
238 3854 367 3896 nomo
401 3848 514 3891 enim
550 3857 623 3887 rex
662 3839 854 3884 omnium
890 3828 1138 3879 animalium
1175 3835 1255 3878 est,
1293 3824 1373 3868 sub

138 3937 224 3982 quo
248 3925 316 3968 leo
342 3927 408 3969 cst
424 3931 499 3962 rex
517 3915 724 3961 serarum,
747 3910 889 3965 aquila
915 3919 988 3949 rex
1011 3903 1175 3951 avium,
1201 3899 1280 3941 bos
1298 3906 1372 3943 rex

135 3997 450 4054 jumentorum.
471 3986 655 4039 Quidam
696 3979 862 4022 flebroei
896 3974 1108 4031 puerilius
1136 3972 1373 4023 exponunt,

139 4068 259 4125 quia,
286 4064 448 4107 scilicet
483 4061 563 4102 bos
600 4055 805 4103 ruminat,
845 4052 1012 4104 putaret
1047 4044 1196 4086 asinus
1233 4039 1374 4092 ipsum

142 4139 382 4186 comedere,
405 4140 446 4176 ct
483 4133 595 4174 l'atne
627 4127 883 4172 afficeretur,
908 4128 964 4170 et,
985 4118 1199 4161 deiiceret.
1236 4111 1337 4158 Item
1365 4123 1374 4150 :

149 4229 164 4254 ι
197 4212 289 4254 Non
321 4206 511 4254 indueris
547 4202 802 4245 vestimento
832 4194 944 4249 qnod
982 4204 1034 4233 ex
1074 4189 1163 4230 lino
1195 4187 1380 4239 lanaque

146 4292 391 4330 contextum
423 4284 501 4329 est,
522 4276 640 4331 qnia,
667 4280 712 4314 ut
732 4271 835 4312 dicit
865 4266 1098 4320 josephus,
1126 4261 1218 4302 liaec
1246 4255 1377 4299 restis

148 4342 251 4400 solis
289 4351 582 4397 sacerdotibus
608 4352 700 4390 erat
733 4336 1066 4390 concessa;·hoc
1095 4342 1234 4385 usque
1274 4328 1380 4369 adeo

148 4427 430 4472 observabant
474 4418 625 4468 Judaei,
659 4423 705 4459 nt
747 4425 825 4455 nce
871 4409 1019 4464 pelles,
1066 4415 1146 4446 nec
1191 4400 1379 4454 aliquam

429 4498 641 4543 Rerum..
670 4483 926 4536 Cxcvffl.

1415 286 1588 330 qnoque
1610 274 1821 331 «loscplius
1843 279 2036 332 iumenta
2060 280 2217 323 dirersi
2239 282 2407 334 generis
2431 284 2647 337 prohibita

1416 347 1708 400 commisceri,
1735 361 1788 392 ne
1815 350 1971 405 injuria
1996 354 2086 395 liaec
2115 356 2318 397 transiret
2354 357 2406 398 ad
2434 356 2647 411 homines,

1417 424 1464 460 ut
1493 420 1730 472 pecudibus
1759 424 2028 467 commisceri
2068 425 2230 468 licitum
2270 433 2487 480 putarent,
2515 430 2647 473 multa

1418 498 1582 534 tantum
1608 493 1651 535 in
1678 494 1916 538 minoribus
1936 496 2150 548 prohibita
2187 498 2304 549 dicit,
2332 511 2384 541 nc
2405 500 2456 541 ad
2484 500 2649 556 maiora

1417 574 1492 617 per
1515 563 1656 607 simile
1678 565 1794 611 lieret
1812 577 2027 610 accessus.

1557 654 1657 696 Car.
1691 652 1818 696 xvlt.
1850 652 1911 696 De
1931 653 2132 697 deletione
2163 655 2507 700 Amalecilarum.

1473 741 1681 797 Praeeepit
1708 741 1834 784 etiam
1865 740 2093 793 Dominus,
2119 750 2164 785 nt
2195 756 2290 786 cnm
2327 744 2650 787 dominarentur

1419 812 1461 854 in
1486 818 1599 856 terra
1623 812 1941 868 promissionis,
1963 813 2150 856 delerent
2174 813 2348 858 Amalec
2371 815 2422 857 de
2441 814 2520 857 sub
2540 815 2650 858 coelo

1420 885 1561 939 (Dent.
1583 884 1701 940 xxv),
1730 884 1831 939 quia
1861 884 1967 939 ipsis
1990 886 2313 930 transeuntibus
2339 898 2412 940 per
2433 886 2650 930 desertum

1418 957 1650 1010 plurimum
1681 963 1920 999 nocuerunt
1944 955 2094 1012 (Dent.
2126 962 2260 1010 xxvi).
2290 955 2514 999 Extremos
2536 955 2648 999 scili-

1418 1036 1487 1072 cet
1529 1028 1728 1083 agminis,
1782 1028 1824 1071 id
1851 1035 1917 1071 est
1940 1026 2094 1079 sessos,
2118 1035 2159 1071 et
2191 1029 2397 1082 leprOSOS,
2422 1035 2464 1074 et
2489 1028 2652 1071 semine

1420 1100 1692 1152 liuentes,eos
1705 1100 1865 1144 seilicet
1877 1099 2032 1154 quibus
2042 1112 2126 1142 non
2140 1107 2230 1142 erat
2246 1098 2307 1142 sas
2319 1099 2479 1154 ingredi
2493 1107 2649 1152 castra,

1422 1172 1748 1215 interficientes.
1771 1170 1822 1212 Et
1842 1171 2032 1214 subdidit
2057 1169 2264 1213 Dominus
2286 1171 2384 1211 hnic
2406 1176 2614 1224 praecepto
2639 1183 2650 1212 z

1363 1256 1397 1300 Β
1426 1260 1440 1286 ι
1471 1245 1585 1297 Cave
1613 1258 1665 1288 ne
1694 1243 1979 1287 obliviscaris.
2008 1259 2021 1282 ι
2063 1241 2183 1294 Quod
2221 1245 2321 1296 qnia
2357 1247 2654 1295 transgressus

1423 1326 1490 1363 est
1531 1317 1659 1367 Saul,
1705 1316 1959 1360 translatum
1996 1322 2062 1358 est
2102 1326 2279 1369 regnum
2315 1326 2338 1355 a
2377 1313 2502 1356 domo
2542 1312 2652 1366 ejus.

1426 1393 1526 1436 ltem
1550 1406 1561 1434 t
1592 1407 1604 1432 1
1634 1404 1729 1434 eum
1755 1389 1981 1432 intraveris
2002 1396 2159 1431 terram
2194 1386 2510 1440 promissionis,
2533 1385 2655 1428 tolles

1425 1466 1476 1508 de
1500 1464 1667 1508 cunctis
1689 1461 1882 1518 frugibus
1900 1462 1986 1503 tuis
2007 1460 2218 1515 primitias
2242 1491 2252 1502 .
2278 1466 2320 1502 et
2340 1470 2473 1513 pones
2498 1458 2538 1500 in
2562 1469 2658 1500 cat·-

1426 1538 1544 1590 tallo‚
1572 1551 1588 1578 ι
1617 1548 1719 1579 vase
1742 1533 1904 1598 scilieet
1942 1533 2155 1582 vimineo,
2185 1546 2199 1571 ‹
2226 1531 2391 1584 ibisque
2426 1531 2479 1572 ad
2515 1530 2657 1573 locum

1427 1623 1553 1666 quem
1575 1609 1784 1654 Dominus
1804 1607 1993 1663 elegerit.
2019 1605 2071 1647 Et
2096 1605 2208 1648 facta
2231 1604 2461 1656 oblatione,
2489 1610 2607 1647 stans
2628 1615 2654 1647 e·

1427 1684 1599 1737 diverso
1633 1682 1798 1732 altaris,
1829 1681 1988 1736 gratias
2014 1690 2114 1734 ages
2140 1676 2225 1720 Deo
2250 1689 2392 1719 eoram
2423 1677 2658 1725 sacerdote,

1428 1756 1528 1812 quia
1568 1754 1769 1798 liberavit
1808 1759 1971 1808 patrem
2011 1757 2129 1792 tuum
2168 1748 2298 1791 Jacob
2334 1760 2355 1790 a
2398 1747 2521 1803 Syro,
2561 1761 2659 1792 eum

1427 1834 1727 1885 persequente,
1755 1842 1768 1866 ι
1811 1826 1973 1868 scilieet
2003 1823 2166 1874 Laban,
2212 1838 2225 1861 ι
2255 1829 2298 1864 et
2333 1822 2439 1865 lilios
2476 1821 2569 1876 ejus
2610 1821 2662 1864 dc

1429 1902 1632 1964 AEgypto,
1657 1909 1699 1944 et
1723 1899 1892 1943 tandem
1919 1899 2034 1942 dedit
2054 1897 2127 1940 tibi
2166 1905 2322 1939 terram
2346 1896 2453 1938 lacte
2479 1902 2521 1936 et
2538 1895 2662 1938 melle

1431 1982 1694 2019 manantem.
1725 1987 1738 2012 i
1765 1970 1855 2015 Hoc
1885 1971 2017 2014 semel
2041 1969 2198 2013 lactum
2222 1969 2394 2024 qnidam
2419 1968 2589 2010 tradunt
2619 1966 2660 2007 in

1430 2047 1635 2102 ingressu
1656 2050 1795 2092 terroe,
1820 2043 1892 2087 scd
1926 2041 2108 2095 singulis
2129 2039 2254 2082 annis
2293 2038 2420 2082 tradit
2451 2036 2663 2090 Josepbus

1432 2121 1510 2163 bas
1541 2119 1772 2175 gratiarnm
1815 2115 2009 2158 actiones
2046 2113 2234 2168 agendas
2275 2110 2318 2154 in
2354 2109 2662 2164 Scenopegia‘.

1433 2194 1522 2236 lmo
1547 2192 1674 2235 bisin
1701 2191 1787 2241 die,
1820 2196 1861 2232 et
1884 2198 2077 2244 vespere,
2103 2194 2144 2228 et
2166 2197 2290 2228 mane
2314 2183 2486 2238 jugiter,
2511 2180 2664 2226 testifi-

1434 2266 1572 2309 canda
1599 2265 1652 2307 ab
1675 2263 1736 2306 eis
1756 2262 1868 2304 dona
1888 2259 1980 2311 Dei,
2003 2258 2122 2301 dicit.
2148 2255 2275 2299 item:
2297 2271 2309 2294 ι.
2331 2254 2509 2307 Quando
2528 2260 2667 2295 trans·

1435 2340 1538 2383 ieris
1556 2337 1806 2386 ‚Iordanem
1829 2332 2060 2376 aedificabis
2074 2331 2208 2373 altare
2231 2328 2426 2376 Domino,
2446 2327 2498 2369 dc
2515 2325 2668 2381 lapidi-

1435 2412 1516 2454 bus
1560 2421 1668 2464 quos
1728 2407 1888 2449 serrum
1925 2415 2008 2446 non
2049 2402 2200 2456 tetigit,
2239 2407 2282 2443 et
2319 2399 2472 2442 offeres
2498 2398 2668 2441 ‘hostias

1436 2481 1636 2530 Domino,
1658 2487 1699 2521 et
1722 2478 1886 2522 scribes
1908 2487 2035 2529 snper
2055 2473 2218 2528 lapides
2240 2472 2384 2515 omnia
2410 2470 2540 2513 verba
2565 2469 2670 2524 legis

1437 2555 1567 2610 hujus
1616 2553 1742 2608 plane
1790 2557 1832 2593 et
1875 2548 2012 2591 lucide
2061 2546 2214 2599 (Deul.
2256 2544 2419 2598 xxvii).
2458 2557 2472 2582 .-
2523 2541 2626 2584 ltcm
2653 2555 2667 2583 τ

1443 2643 1456 2670 ι
1481 2627 1711 2681 Postquam
1754 2621 2021 2666 enumeravit
2049 2618 2213 2673 Moyses
2247 2614 2565 2658 benedictiones
2595 2611 2672 2652 ob-

1439 2697 1700 2742 servantium
1739 2695 1899 2749 legem,
1944 2698 1985 2733 ct
2024 2688 2345 2732 maledictiones
2383 2692 2674 2738 transgresso·

1439 2784 1553 2819 rnm,
1574 2771 1616 2811 in
1641 2769 1723 2811 line
1745 2764 2091 2809 maledictionum
2112 2760 2172 2803 ait
2192 2755 2482 2813 prophetando
2506 2768 2516 2794 z
2549 2767 2562 2792 e
2588 2751 2671 2793 Re-

1441 2846 1567 2887 ducet
1589 2850 1628 2885 te
1655 2840 1870 2882 Dominus
1896 2835 2108 2881 classibus
2134 2833 2176 2874 in
2204 2830 2459 2885 AEgyptum3
2484 2826 2540 2869 ibi
2563 2836 2670 2867 ven-

1442 2918 1557 2963 deris
1584 2914 1783 2958 hostibus
1820 2911 1906 2954 tuis
1934 2909 1975 2951 in
2001 2918 2164 2955 servos,
2199 2911 2239 2946 ct
2276 2901 2482 2950 ancillas;
2513 2905 2555 2941 et
2586 2909 2672 2940 non

1442 2991 1524 3034 erit
1544 2988 1618 3043 qui
1643 2993 1758 3029 emat
1775 2986 1787 3037 l
1798 2983 1916 3025 Deut.
1937 2985 2106 3033 xxviii).
2129 2993 2142 3017 ›
2166 2971 2505 3029 Haecpropbetia
2525 2976 2673 3025 postea

1445 3062 1615 3117 impleta
1644 3057 1737 3107 snit,
1766 3053 1939 3110 qnando
1964 3051 2135 3105 triginta
2159 3046 2293 3090 Judaei
2322 3046 2451 3088 ctiam
2474 3055 2551 3098 pro
2586 3053 2672 3085 uno

1445 3134 1621 3178 denario
1652 3132 1917 3175 emebantur.
1957 3125 2005 3169 ln
2039 3121 2296 3166 Alexandria
2330 3119 2459 3168 enim,
2487 3125 2536 3160 ut
2571 3114 2692 3158 dicit-

1447 3207 1675 3261 Joseplius,
1703 3203 1836 3246 multa
1862 3199 1996 3243 millia
2024 3196 2267 3240 ludaeorum
2299 3198 2398 3236 sunt
2422 3189 2609 3239 vendita,
2634 3193 2677 3230 ct

1447 3281 1518 3323 vix
1560 3278 1803 3321 babuerunt
1845 3278 2077 3327 emptores.
2114 3268 2158 3311 ln
2200 3269 2280 3310 bac
2327 3263 2676 3318 recapitulatione

1453 3354 1573 3406 ponit
1600 3346 1833 3401 Josepbus,
1856 3356 1909 3386 nc
1933 3351 2159 3391 venenum,
2186 3342 2258 3380 aut
2283 3334 2547 3379 mortiferum
2573 3331 2678 3386 quid.

1453 3424 1565 3466 nllus
1587 3418 1874 3464 Israelitarunt
1899 3414 2066 3462 habeat,
2089 3417 2133 3453 et
2160 3408 2270 3463 apud
2295 3418 2420 3462 quem
2456 3404 2674 3445 inventum

1452 3494 1579 3538 fuerit
1617 3489 1844 3537 moriatur,
1894 3485 1972 3527 hoc
2010 3480 2234 3537 patientes,
2269 3476 2381 3531 quod
2421 3474 2492 3515 ille
2527 3478 2675 3515 eontra

1452 3577 1578 3622 quem
1605 3560 1842 3606 conlectum
1865 3556 2084 3611 probatur,
2116 3556 2345 3606 pateretur.

1507 3639 1522 3655 ⁴
1539 3634 1711 3683 Additio
1740 3632 1781 3673 1.
1809 3629 1856 3671 ln
1880 3628 2006 3680 buius
2031 3623 2089 3666 rei
2113 3622 2377 3667 memoriam,
2396 3616 2527 3658 Jndaei
2551 3615 2676 3657 ctiam

1453 3711 1592 3754 adbuc
1628 3703 1805 3760 ingressi
1843 3708 2100 3756 synagogam
2156 3703 2321 3742 eorum,
2361 3693 2534 3732 cantant
2565 3686 2680 3728 bunc

1453 3783 1665 3838 psalmum
1694 3791 1702 3818 :
1734 3790 1749 3813 ε
1787 3770 1986 3818 Benedic,
2021 3767 2161 3809 anima
2189 3775 2300 3812 mea,
2337 3760 2517 3802 Domino
2543 3757 2678 3811 (Psoi.

1454 3852 1554 3906 cn),
1584 3865 1597 3889 ›
1640 3849 1683 3889 in
1724 3855 1809 3899 quo
1854 3840 2125 3882 continentur
2159 3832 2360 3877 beneficia
2391 3829 2454 3871 eis
2477 3827 2678 3882 praestita.

1455 3959 1557 4000 Ctr.
1585 3949 1731 4001 xvut.
1767 3944 1885 4002 Quod
1919 3935 2282 4038 Mozaeetzlgpdidit
2320 3928 2683 3975 Deuteronomium

1512 4099 1640 4143 Facta
1675 4086 2040 4145 recapitulatione,
2084 4079 2253 4126 tradidit
2282 4076 2447 4132 Moyses
2475 4073 2691 4114 Demere»-

1459 4175 1591 4217 mium
1611 4168 1791 4217 Lento,
1824 4171 1871 4206 ut
1905 4165 2157 4216 reponerent
2178 4167 2271 4199 eam
2292 4142 2433 4209 [illud]
2457 4149 2498 4191 in
2537 4153 2689 4188 aream.

1460 4244 1633 4289 soederis
1652 4238 1836 4289 Domini,
1857 4243 1902 4278 ut
1921 4232 2099 4288 septimo
2117 4238 2229 4271 anno
2247 4217 2686 4270 remissionislegese-

1461 4326 1547 4367 tur,
1565 4311 1774 4358 universis
1790 4307 2012 4357 utriusque
2029 4312 2155 4345 sexus
2172 4293 2458 4340 audientibus,
2477 4289 2518 4329 in
2535 4285 2686 4328 diebus

1464 4394 1568 4438 Scor
1611 4385 1767 4441 regne,
1814 4394 1837 4422 a
1874 4386 2044 4423 summo
2089 4368 2307 4415 sacerdote
2346 4361 2503 4405 inedito
2542 4362 2586 4397 ut
2627 4352 2691 4396 ait

2027 4442 2031 4446 ’
2359 4434 2416 4478 40
