2924 4588
271 87 376 131 ten

1323 73 1447 119 mm
1476 70 1827 117 contusionis

2726 75 2836 122 ¹672

270 191 346 235 per
375 176 487 221 viam
513 185 638 217 suam
673 171 878 228 gaudens.
903 166 1126 225 Philippus
1146 175 1290 211 autem
1316 169 1520 212 inventus
1542 169 1576 213 A
1602 175 1718 206 anno
1756 163 1965 212 revoluto,
2006 163 2079 220 qui
2109 168 2178 206 est
2206 173 2348 207 annus
2366 174 2607 221 emergens,
2630 164 2674 209 ln
2697 166 2838 222 primo

268 256 335 294 est
373 251 417 292 in
457 250 620 296 Azoro·
645 252 687 290 et
708 243 1023 300 pertransiens,
1052 241 1377 297 evangelizabat
1402 246 1513 284 eu'n-
1531 290 1541 294 ,-

269 325 352 369 ctis
387 322 652 369 civitatibuS‚
687 321 832 372 donem
847 316 1298 379 veiiiret,C;esareani.
1320 330 1334 355 ι
1361 313 1408 357 ln
1429 324 1514 369 qua

269 398 427 454 legitur
465 396 639 438 domuin
677 393 895 440 habuisse,
926 389 1210 444 cuiususque
1236 388 1364 432 hodie
1383 398 1518 442 appa·-

270 475 365 514 rent
385 468 596 524 vestigia;
622 478 707 515 uec,
732 475 816 508 non
841 476 883 508 et
917 465 1166 508 cubiculum
1192 468 1380 517 ‹matuor
1406 461 1519 503 lilia-

267 555 364 586 rum
388 542 482 597 ejus
507 540 720 595 virginum
740 538 1131 594 prophetissarum.
1157 535 1283 579 Nun-c
1311 535 1423 578 redit
1447 534 1515 577 hi·-

269 615 403 659 storia
437 614 488 656 ad
531 612 725 655 ordinem
768 623 893 654 suum
922 621 1193 664 prosequens
1213 608 1266 650 de
1295 606 1446 658 Paulo,
1472 612 1514 650 et

268 688 546 732 continuatur
565 686 602 729 ei
621 686 735 741 quod
759 696 890 739 snpra
914 683 1076 725 dictum
1102 687 1180 725 est,
1209 678 1366 723 Saulus
1390 679 1516 722 deva-

270 761 410 804 stabat
450 759 705 802 Ecclesiam.
748 756 872 808 Quod
913 756 1028 799 enim
1055 754 1219 798 dictum
1246 759 1315 797 est
1339 754 1394 798 de
1412 751 1517 795 Phi-

270 837 400 890 lippo‚
434 842 476 877 ct
500 832 786 876 conversione
809 830 1018 880 eunuchi,
1046 831 1167 887 quasi
1194 829 1389 873 incidens
1414 828 1512 873 suit.

477 908 579 948 ιλιι».
607 904 731 948 XLll.
760 904 819 946 De
835 905 1113 947 crematione
1132 902 1271 947 Sauli.

330 993 341 1018 t
365 977 521 1022 Saulus
540 978 681 1020 adhuc
702 977 876 1033 spirans
896 978 1131 1026 minarum,
1149 982 1191 1020 et
1215 976 1346 1020 caedis
1375 975 1417 1018 in
1449 973 1516 1018 di·

269 1051 458 1103 scipulos
482 1049 649 1092 Domini
671 1048 784 1102 (Act.
807 1047 885 1104 ix),
909 1064 922 1088 i
949 1047 991 1090 id
1007 1046 1231 1091 cstadhuc
1245 1048 1515 1091 comminans

268 1127 331 1170 eis
365 1135 405 1168 ct
446 1125 486 1167 in
507 1137 582 1168 eos
604 1123 880 1179 conspirans,
906 1129 949 1166 et
968 1123 1020 1165 al
1042 1123 1201 1166 caezlem
1222 1134 1372 1166 eorum
1398 1123 1519 1177 aspi-

272 1210 389 1249 rans,
412 1214 427 1240 ι
449 1199 631 1242 accessit
651 1197 703 1240 ad
725 1197 962 1253 principem
988 1195 1280 1244 sacerdotum,
1302 1209 1318 1235 ›
1337 1195 1428 1238 zelo
1450 1195 1518 1238 su-

271 1274 383 1318 roris
402 1285 499 1316 eum
528 1271 793 1321 concitante.
817 1278 858 1314 et
876 1271 999 1326 petiit
1034 1269 1089 1312 ab
1109 1281 1159 1312 eo
1186 1269 1352 1312 litteras
1375 1271 1426 1310 ad
1449 1281 1517 1326 sy-

271 1359 461 1404 nagogas
500 1346 693 1401 singulas
726 1343 991 1394 ludaeorum,
1031 1355 1126 1399 quae
1144 1349 1269 1386 erant
1296 1341 1513 1395 Damasci,

269 1427 315 1463 ut
339 1420 434 1475 ejus
474 1420 751 1470 auctoritate,
792 1434 806 1458 ι
831 1418 867 1462 si
908 1430 1018 1474 quos
1055 1417 1268 1460 inveniret
1292 1414 1513 1468 Damasci,

266 1493 397 1548 hujus
417 1493 493 1536 viae
513 1494 646 1543 viros,
671 1499 712 1536 et
731 1491 952 1541 mulierem
980 1488 1148 1534 vinitos
1181 1490 1437 1546 perduceret
1471 1490 1514 1532 in

267 1563 524 1608 Jerusalem,
553 1564 602 1606 {tt
622 1577 717 1606 cum
745 1564 827 1606 iter
852 1562 1029 1612 laceret,
1065 1561 1245 1619 contigit
1272 1568 1319 1604 ut
1361 1572 1516 1617 appro-

270 1639 497 1695 pinquaret
519 1637 745 1687 Damasco,
775 1642 817 1680 et
836 1636 982 1679 subito
999 1635 1294 1680 circumfulsit
1315 1648 1412 1680 eum
1439 1637 1515 1679 lux

269 1711 322 1753 de
347 1710 473 1759 coelo,
502 1716 543 1753 et
565 1710 726 1754 cadens
751 1710 794 1751 in
815 1715 971 1752 terram
999 1709 1162 1753 audivit
1187 1722 1333 1753 vocem
1361 1709 1514 1753 dicen-

268 1789 352 1827 tem
369 1784 447 1827 sibi
468 1800 476 1824 ε
497 1783 639 1833 Saule.
659 1782 802 1835 Saule,
829 1783 930 1839 quid
953 1796 1019 1827 nie
1042 1784 1344 1840 persequeris?
1363 1801 1376 1826 ι
1395 1784 1436 1828 id
1450 1791 1517 1828 est

270 1858 312 1899 in
334 1859 539 1901 membris
564 1857 688 1901 meis.
722 1871 735 1897 ‹
762 1856 842 1909 Qui
869 1859 927 1899 ait
950 1856 1084 1909 :Quis
1101 1870 1167 1908 es,
1189 1858 1397 1901 somine?
1414 1875 1427 1899 i
1450 1858 1514 1902 An

272 1928 383 1972 Deus
405 1940 451 1973 cs
474 1930 755 1986 velaogelus?
777 1945 788 1970 ε
813 1928 917 1984 Ego,
936 1931 1090 1986 inquit,
1113 1942 1206 1974 sum
1229 1929 1372 1982 Jesus,
1387 1943 1515 1987 quem

269 2006 313 2043 tu
357 2005 648 2058 persequeris.
694 2001 856 2045 Durum
901 2013 965 2047 est
1006 2003 1083 2047 tibi
1117 2010 1267 2046 curura
1290 2004 1513 2047 stimulum

271 2077 513 2127 calcitrare,
540 2093 554 2118 i
592 2077 633 2121 id
675 2084 740 2121 est
781 2077 1013 2132 potentiori
1051 2076 1261 2121 rebellare
1310 2092 1323 2117 i
1349 2075 1401 2120 Et
1427 2084 1516 2121 tre·

270 2161 388 2193 mens
426 2162 475 2192 ac
516 2156 712 2206 stupens,
754 2150 885 2194 dixit:
926 2151 1125 2203 Domine,
1150 2149 1253 2206 quid
1279 2159 1348 2196 me
1371 2152 1433 2196 vis
1455 2152 1516 2195 sa-

267 2223 401 2266 cere?
426 2231 438 2264 i
467 2223 525 2266 Ae
546 2223 581 2266 si
607 2223 784 2286 diceret,
806 2225 1066 2267 voluntatem
1093 2221 1209 2266 tuam
1236 2224 1377 2268 indica
1394 2225 1514 2277 milii,

1596 246 1712 277 anno
1735 233 1970 277 Dominieae
1989 234 2209 290 passionis
2231 247 2469 280 conversus
2491 242 2574 282 est.

1595 324 1699 368 Car.
1723 321 1869 366 xLitt.
1895 322 2114 375 Quomodo
2148 334 2200 365 ex
2226 322 2426 366 mandato
2450 323 2618 367 Domini
2644 323 2836 370 Ananiae

2013 380 2196 422 visitavit
2219 378 2419 423 Paulum.

1650 470 1671 495 τ
1694 453 1797 496 Erat
1833 459 1976 496 autem
2010 453 2212 498 Damasci
2253 453 2493 509 discipulus
2527 453 2700 510 quidam
2723 453 2839 512 (Act.

1598 527 1675 583 tx),
1699 542 1715 567 ο
1747 527 1789 568 id
1813 533 1880 570 est
1902 525 2195 575 Christianus.
2221 538 2238 567 t
2268 526 2443 568 nomine
2464 525 2672 571 Ananias.
2696 525 2749 568 Et
2773 526 2841 578 dt,-

1601 600 1663 642 xit
1676 598 1886 642 Dominus
1904 598 1960 640 ad
1974 599 2094 641 illum
2119 597 2163 640 in
2181 598 2295 646 visu,
2309 613 2324 638 ι
2354 597 2395 640 id
2419 604 2484 641 est
2513 598 2556 640 in
2572 599 2741 643 visione
2760 609 2844 642 no-

1597 672 1683 716 ctis
1702 688 1711 715 :
1739 688 1755 712 ‹
1782 671 1968 715 Anania.
2028 670 2083 714 Et
2106 671 2179 715 ille
2199 672 2284 714 ait:
2302 670 2432 721 Ecce,
2449 670 2644 724 Domine,
2665 683 2746 728 ego
2764 683 2843 729 pa·-

1598 751 1718 789 ratus
1737 756 1834 789 suni
1855 745 1940 788 'tibi
1965 745 2157 788 obedire.
2183 745 2247 788 Ad
2261 757 2388 800 quem
2415 745 2623 788 Dominus
2645 761 2656 789 z
2682 745 2838 802 Surge,

1596 824 1638 861 ct
1662 818 1768 862 vade
1788 819 1835 861 in
1864 819 2008 862 vicum
2051 819 2126 875 qui
2152 826 2335 863 vocatur
2357 817 2535 870 Rectus,
2567 825 2610 862 et
2626 831 2770 875 ‹ittaere
2793 819 2840 864 in

1596 891 1726 935 domo
1741 891 1862 936 Judae
1882 890 2060 936 Saulum'
2087 893 2263 936 nomine
2285 891 2562 936 Tarsensem.
2588 892 2697 938 Ecce
2721 894 2840 937 enim

1598 973 1695 1007 orat
1736 982 1749 1007 i
1780 964 1943 1009 Forsan
1964 965 2102 1010 «ludas
2120 973 2213 1010 erat
2237 967 2458 1022 propri-nm
2476 979 2633 1010 nomeu
2656 967 2842 1023 hospitis

1600 1038 1686 1088 sui,
1717 1039 1783 1082 vel
1818 1039 1965 1082 forsan
1990 1045 2080 1083 erat
2112 1039 2166 1084 de
2191 1040 2306 1084 tribu
2327 1038 2465 1091 Judae,
2494 1048 2540 1085 nt
2563 1041 2620 1085 sit
2651 1053 2839 1086 sensus:

1599 1111 1644 1155 ln
1672 1112 1803 1156 domo
1823 1111 1963 1163 Judae,
1989 1112 2032 1156 id
2053 1120 2119 1158 est
2147 1114 2261 1158 inter
2287 1113 2477 1166 Judxeos,
2516 1115 2590 1170 qui
2623 1115 2683 1158 ibi
2718 1121 2844 1160 erant

1601 1184 1655 1228 de
1687 1185 1759 1228 illa
1782 1186 1914 1238 tribu,
1946 1186 2008 1230 vel
2049 1187 2091 1230 in
2119 1187 2248 1231 domo
2271 1186 2410 1240 J‘udae,
2434 1189 2474 1231 id
2497 1189 2624 1232 estin
2645 1189 2743 1235 vico
2760 1186 2859 1242 ‹lu--⁴

1602 1257 1812 1303 daeorum.
1842 1258 1975 1304 Vicus
2000 1267 2142 1304 autem
2178 1261 2340 1304 dicitur
2366 1273 2392 1304 a
2431 1262 2593 1306 ricinia
2635 1262 2841 1314 civitatis.

1583 1338 1649 1375 -ut
1673 1333 1779 1377 dicit
1796 1331 2020 1384 Rabanus,
2049 1342 2094 1378 ut
2120 1336 2293 1392 proprie
2310 1336 2512 1380 dieantur
2530 1335 2614 1380 vici
2634 1337 2842 1382 viciniora

1598 1413 1702 1449 rura
1720 1406 1930 1466 civitatis.
1964 1407 2054 1453 noc
2079 1417 2241 1461 tamen,
2261 1415 2304 1453 et
2330 1421 2441 1465 saepe
2459 1411 2562 1454 alibi
2581 1411 2713 1457 aliter
2727 1411 2846 1456 aeci-

1598 1480 1731 1535 pitur.
1754 1478 1815 1525 Ne
1833 1482 2004 1529 timeret
2026 1482 2222 1527 Ananias
2243 1484 2390 1527 venire
2416 1485 2466 1527 ad
2490 1482 2687 1537 Saulem,
2712 1497 2842 1541 quem

1597 1563 1776 1600 noverat
1814 1557 2080 1603 acerrimum
2122 1550 2447 1613 persecutorem
2477 1557 2842 1611 Christianorum,

1597 1629 1762 1673 addidit
1801 1628 2037 1675 Dominus:
2064 1630 2176 1675 Ecce
2199 1623 2315 1675 enim
2342 1638 2455 1684 orat,
2484 1633 2610 1689 quasi
2649 1632 2841 1679 diceret:

1596 1701 1690 1744 Non
1715 1709 1782 1747 est
1807 1704 2027 1749 timendus
2053 1703 2152 1759 quia
2173 1704 2314 1749 sactus
2337 1710 2404 1749 est
2429 1705 2483 1749 de
2510 1704 2642 1748 Saulo
2663 1705 2843 1758 Paulus,

1596 1782 1639 1820 et
1661 1775 1713 1820 de
1734 1777 1838 1832 lupo
1864 1789 2017 1833 agnus.
2036 1777 2087 1821 Et
2104 1789 2184 1835 ego
2203 1779 2332 1822 etiam
2352 1779 2536 1823 revelavi
2551 1780 2588 1823 ei
2610 1779 2842 1823 adveutum

1579 1851 1737 1893 «tanin.
1774 1847 1870 1892 lam
1908 1848 2026 1892 enim
2073 1851 2279 1894 «viditin
2304 1849 2469 1907 Spiritu
2491 1846 2843 1899 te'introeuntein

1599 1921 1650 1965 ad
1669 1934 1734 1974 se,
1758 1927 1803 1966 et
1826 1922 2122 1979 imponentem
2147 1923 2186 1967 ei
2217 1926 2391 1976 manus,
2420 1930 2467 1967 ut
2489 1925 2627 1970 visum
2644 1928 2841 1984 recipiat.

1597 1994 1724 2039 Tune
1758 1995 1983 2040 Ananias:
2022 1996 2223 2049 Domine,
2265 1998 2412 2042 audivi
2451 2011 2475 2042 a
2511 2001 2660 2044 multis
2678 2001 2732 2046 de
2750 2003 2844 2046 viro

1600 2070 1699 2122 hoc,
1719 2075 1879 2127 quauta
1903 2071 2017 2115 maia
2044 2071 2192 2117 fecerit
2218 2075 2384 2119 sanctis
2401 2075 2493 2120 tuis
2515 2076 2556 2119 iu
2581 2060 2842 2132 Jerusalem,

1599 2151 1641 2189 et
1657 2144 1787 2190 habet
1810 2149 2069 2202 potestatem
2096 2158 2120 2189 a
2143 2147 2415 2204 principibus
2438 2147 2710 2194 sacerdotum
2749 2150 2845 2194 alli·

1601 2218 1730 2276 gandi
1750 2220 1904 2263 omnes
1949 2221 2023 2276 qui
2057 2220 2261 2264 invocant
2285 2233 2440 2266 nomen
2467 2231 2602 2269 tuum.
2627 2223 2691 2267 Ad
2716 2236 2843 2282 quein

269 2298 369 2351 quia
396 2308 551 2353 praeSm
577 2311 672 2340 sum
699 2295 779 2339 tibi
803 2297 994 2341 obedire,
1022 2296 1085 2340 Ad
1109 2304 1237 2352 quem
1266 2296 1475 2342 Dominus
1498 2311 1510 2342 ς
1536 2309 1570 2355 C
1599 2292 1809 2338 Dominus
1834 2310 1845 2337 ι
1867 2291 2002 2344 Vade,
2039 2295 2243 2352 quonium
2269 2307 2352 2339 ‘vas
2384 2296 2607 2340 electionis
2645 2304 2711 2342 est
2738 2298 2841 2342 milli

269 2367 425 2426 Surge,
461 2376 504 2413 et
540 2371 764 2426 ingredere
797 2371 1034 2420 civitatem,
1056 2377 1100 2414 et.
1118 2370 1287 2414 dicetur
1311 2371 1386 2413 tibi
1410 2370 1514 2426 quid

267 2446 314 2486 te
336 2449 533 2499 oporteat
565 2441 724 2486 facere.
753 2458 766 2483 ι
794 2441 882 2485 vin
917 2447 1060 2486 aut'e'ni
1096 2443 1172 2498 q'ui
1194 2442 1517 2486 cantitabantur

269 2528 368 2559 cum
402 2517 574 2560 stabant
598 2516 846 2573 stupesacti,
889 2515 1114 2560 audientes
1148 2516 1328 2573 'quidem
1367 2529 1514 2560 vocem

267 2590 407 2647 ipsius
430 2590 568 2643 Pauli,
600 2604 684 2634 uon
710 2591 804 2646 ejus
831 2590 903 2647 qui
930 2590 1187 2646 loquebatur
1209 2603 1308 2634 cum
1338 2603 1406 2640 co.
1442 2603 1518 2635 ne·

269 2666 427 2708 minem
455 2672 596 2709 autem
621 2665 814 2710 videntes
837 2680 850 2705 ι
873 2664 996 2720 juxta
1017 2666 1131 2721 quod
1158 2665 1250 2721 ipse
1262 2663 1423 2708 Paulus
1451 2666 1518 2708 in—

268 2738 334 2782 fra
359 2740 491 2783 dicit:
537 2739 648 2792 «Qui
674 2752 843 2783 meeum
874 2744 1014 2790 crant,
1041 2740 1184 2782 lumen
1205 2741 1378 2795 quidem
1399 2740 1517 2783 vide-

271 2819 392 2864 iunt,
421 2826 566 2857 xorem
600 2819 743 2856 autem
770 2812 865 2869 ejus
889 2824 974 2856 non
998 2812 1245 2864 audierunt,
1272 2812 1347 2869 qui
1368 2813 1516 2869 loque-

271 2884 396 2928 batur
417 2898 581 2928 mecum
614 2885 726 2941 (sict.
744 2884 895 2941 xxu).›
921 2910 966 2915 —-
984 2899 997 2925 ι
1024 2883 1072 2927 Et
1097 2879 1287 2928 surrexit
1305 2884 1359 2928 de
1383 2892 1515 2937 terra,

269 2965 312 3000 et
336 2959 497 3015 apertis
531 2961 669 3003 oculis
695 2959 803 3002 nihil
835 2958 1022 3003 videbat.
1052 2976 1064 3000 i
1095 2957 1252 3002 Factus
1288 2961 1352 3002 est
1377 2970 1516 3004 caicus

271 3046 469 3089 corpore,
497 3035 567 3090 qui
594 3036 714 3090 prius
734 3035 873 3077 iuerat
898 3046 1039 3077 caecus
1070 3037 1226 3076 mente.
1248 3047 1261 3072 ‹
1285 3033 1346 3076 Ad
1363 3043 1516 3077 manus

270 3117 412 3151 alitem
438 3108 556 3150 illuni
581 3108 823 3159 trahentes,
846 3107 1046 3150 manibus
1063 3108 1230 3152 scilicet
1252 3107 1343 3151 suis
1362 3118 1515 3150 manus

271 3183 369 3238 ejus
394 3189 609 3235 tenentes,
626 3189 669 3225 et
686 3181 812 3238 quasi
836 3194 998 3225 eaecuni
1023 3181 1232 3225 ducentes
1256 3180 1515 3225 introduxe-

271 3261 374 3299 runt
390 3268 490 3299 euni
517 3254 791 3299 Damascum.
809 3254 861 3297 Et
885 3263 978 3298 erat
996 3254 1055 3298 ibi
1078 3255 1218 3297 :ritus
1241 3252 1409 3307 diebus,
1428 3264 1516 3297 non

272 3330 442 3381 videns,
473 3342 612 3385 neque
638 3329 926 3380 manducans,
964 3341 1102 3385 neque
1126 3328 1294 3372 bibens.
1319 3343 1333 3370 i
1363 3327 1406 3371 ln
1431 3339 1517 3384 quo

1596 2366 1697 2417 iste,
1717 2382 1732 2409 i
1760 2367 1803 2411 id
1828 2374 1895 2412 est
1925 2380 2001 2413 vas
2022 2369 2227 2420 electum,
2253 2376 2296 2414 et
2331 2369 2375 2413 in
2396 2369 2574 2415 fornace
2598 2370 2844 2415 tribulatio-

1597 2441 1664 2485 nis
1692 2442 1937 2498 prolatum,
1959 2457 1973 2483 ‹
2001 2450 2044 2485 ιιι
2059 2448 2201 2498 portet
2225 2455 2379 2487 nomen
2403 2456 2545 2488 meum
2567 2457 2711 2488 coram
2731 2445 2844 2501 regi-

1597 2514 1694 2564 bus.
1722 2523 1759 2559 et
1780 2516 2000 2572 gentlhus,
2020 2522 2063 2559 et
2087 2516 2186 2560 liliis
2206 2515 2420 2561 lsraelAEt
2445 2523 2490 2561 tu
2515 2519 2688 2574 quidem
2709 2518 2846 2575 bapti-

1597 2588 1717 2632 zabis
1739 2602 1857 2639 eum,
1898 2589 1973 2635 sed
2000 2600 2087 2633 non
2113 2589 2288 2635 docebis
2312 2604 2428 2643 eum,
2456 2605 2536 2648 ego
2572 2593 2687 2637 enim
2723 2595 2842 2639 solus

1598 2663 1763 2708 docebo
1783 2676 1900 2715 eum,
1925 2670 1968 2707 ct
1993 2665 2219 2709 ostendam
2249 2664 2309 2718 ei,
2336 2673 2496 2722 quanta
2521 2663 2714 2723 oporteat
2744 2682 2840 2712 euin

1597 2737 1685 2792 pati
1710 2749 1787 2793 pro
1807 2739 1984 2782 nomine
2009 2751 2120 2789 meo,
2145 2755 2158 2780 ι
2190 2745 2236 2783 nt
2255 2751 2333 2796 per
2358 2741 2516 2784 multas
2539 2741 2843 2788 tribulationes

1597 2810 1805 2866 probetur
1822 2823 1898 2855 vas
1923 2811 2126 2863 electum,
2155 2817 2198 2855 et
2223 2811 2357 2863 mala,
2383 2825 2478 2869 quae
2506 2812 2652 2856 intulit
2681 2817 2842 2860 sanctis

1598 2885 1793 2940 patiatur
1813 2897 1911 2929 cuin
1934 2886 2117 2931 sanetis.
2149 2901 2163 2927 ι
2183 2886 2299 2930 Abiit
2323 2885 2531 2939 Ananias,
2556 2903 2572 2930 i
2599 2894 2642 2932 et
2666 2890 2844 2934 veniens

1601 2959 1654 3002 ad
1682 2957 1919 3015 hosptium
1944 2957 2067 3003 Pauli
2101 2959 2280 3003 intravit
2320 2960 2375 3003 ad
2403 2972 2520 3012 cum,
2559 2961 2842 3017 etimponcns

1598 3045 1794 3085 nianum,
1834 3033 1970 3077 dixit:
1998 3031 2128 3078 Saule
2158 3032 2309 3086 frater,
2344 3033 2551 3078 Dominus
2587 3034 2730 3086 lesus,
2767 3035 2841 3092 qui

1598 3108 1796 3162 apparuit
1834 3108 1911 3151 tibi
1946 3108 1989 3152 in
2013 3108 2098 3160 via,
2123 3120 2209 3165 qua
2231 3107 2449 3159 veniebas,
2472 3108 2592 3153 misit
2616 3121 2683 3154 me
2703 3109 2756 3153 ad
2781 3116 2840 3162 te,

1596 3186 1644 3223 ut
1663 3181 1807 3225 videas
1827 3181 2023 3225 interiori
2050 3187 2092 3226 et
2115 3183 2322 3227 exteriori
2346 3183 2490 3234 oculo,
2519 3197 2532 3222 ‹
2554 3190 2595 3227 et
2618 3183 2842 3240 implearis

1599 3251 1762 3310 Spiritu
1804 3263 1972 3306 sancto,
1993 3274 2006 3297 ι
2044 3256 2086 3300 id
2122 3261 2188 3300 est
2211 3254 2420 3313 Spiritum
2447 3263 2647 3301 sanctum
2670 3258 2841 3314 plenius

1599 3325 1790 3383 accipias
1811 3335 1959 3384 postea
1982 3329 2025 3372 in
2051 3328 2286 3385 baptismo.
2311 3344 2327 3370 ‹
2350 3329 2402 3371 Et
2425 3329 2653 3375 confestim
2672 3332 2842 3376 cecide-

271 3403 418 3446 triduo
448 3404 640 3446 creditur
663 3415 686 3445 a
719 3398 884 3460 Spiritu
916 3410 1067 3447 sancto
1090 3402 1297 3447 didicisse
1319 3401 1512 3460 Evange-
1539 3405 1575 3448 D
1600 3407 1700 3445 runt
1716 3394 1770 3447 ab
1791 3403 1931 3447 oeulis
1955 3404 2051 3458 rjus
2077 3409 2280 3459 tanquam
2307 3416 2511 3460 squamae,
2539 3409 2581 3448 ct
2604 3405 2743 3448 visum
2771 3417 2842 3450 re-

272 3478 393 3520 iium.
416 3476 535 3520 Unde
558 3471 770 3532 gloriatur
795 3476 838 3519 iu
857 3474 1127 3530 Epistola‘ad
1147 3473 1339 3526 Galatas,
1368 3486 1514 3521 senon

270 3551 478 3595 habuisse
500 3551 720 3593 hominem
747 3550 1020 3607 magistrum,
1048 3549 1225 3594 dicens:
1260 3566 1273 3591 ι
1294 3550 1441 3607 Neque
1460 3552 1514 3595 ab

271 3622 443 3666 homine
487 3622 633 3678 accepi
663 3622 786 3674 illud,
816 3635 956 3678 neque
981 3621 1131 3675 didici,
1157 3622 1232 3666 sed
1254 3636 1330 3679 per
1348 3623 1514 3667 revela·

271 3696 430 3739 tionem
471 3694 571 3738 Jesu
610 3695 770 3740 Christi
807 3692 921 3752 (Ga't.
953 3699 1041 3754 1)-·
1073 3695 1514 3754 Imponebaturenim

273 3769 312 3811 ei
340 3783 362 3810 a
395 3771 576 3825 pseudo,
619 3771 734 3826 quod
774 3770 954 3814 edoctus
994 3777 1110 3814 esset
1145 3770 1198 3814 ab
1220 3771 1402 3824 Anania,
1427 3768 1514 3814 non

270 3852 292 3881 a
320 3839 483 3896 Spiritu
522 3849 688 3893 sancto,
726 3831 840 3886 uude
879 3845 1097 3887 vocabant
1133 3857 1230 3888 eum
1271 3845 1513 3901 apostolum

270 3914 464 3957 Ananiae.
491 3914 576 3957 Nee
602 3923 817 3960 removeat
840 3914 875 3961 si
898 3917 1162 3975 quandoque
1188 3913 1370 3975 legatur,
1405 3923 1513 3962 con-

271 3986 415 4029 versio
439 3987 534 4041 cius
553 3988 683 4030 l'acta.
713 3991 850 4044 primo
870 4002 986 4034 anno
1020 3989 1254 4035 Dominicac
1278 3992 1508 4048 passionis,

270 4059 531 4115 quandoque
555 4062 764 4112 secundo,
787 4062 971 4107 alterum
998 4065 1050 4107 dc
1072 4077 1187 4109 anno
1220 4063 1378 4116 usuali,
1405 4065 1512 4109 alte-

271 4144 369 4175 rum
389 4133 443 4176 de
468 4146 584 4177 anno
609 4134 850 4191 emergenti
873 4133 1048 4180 dicitur.
1078 4135 1121 4180 Si
1151 4138 1267 4182 euim
1290 4145 1512 4195 computes

272 4203 459 4259 primum
483 4218 641 4248 annum
668 4206 901 4263 Dominicae
922 4207 1144 4264 passionis
1165 4222 1189 4253 a
1206 4208 1412 4256 Kalendis
1439 4210 1512 4254 Ja-

272 4278 431 4328 nuarii,
471 4279 547 4333 qui
579 4286 646 4324 est
683 4293 822 4326 annus
848 4282 1032 4335 usualis,
1059 4290 1160 4327 tunc
1184 4285 1375 4329 secundo
1395 4298 1511 4330 anno

270 4363 507 4397 convorsus
552 4362 620 4398 est
655 4354 829 4399 Paulus.
857 4353 903 4401 Si
926 4364 1068 4402 autem
1097 4363 1322 4414 computes
1343 4358 1510 4415 abipso

270 4423 338 4468 <lie
371 4425 588 4480 passionis
624 4441 761 4484 usque
815 4430 859 4473 in
883 4439 1132 4488 sequentem
1158 4431 1271 4476 diem
1292 4433 1508 4490 passionis

1600 3478 1718 3532 oepit
1747 3483 1789 3521 et
1825 3490 2009 3534 surgens
2049 3478 2294 3534 baptIzatus
2330 3483 2413 3529 est,
2449 3483 2494 3521 et
2526 3490 2623 3521 cum
2644 3479 2840 3535 accepis·

1597 3556 1661 3592 set
1684 3547 1827 3592 cibum
1852 3549 2122 3593 confortatus
2162 3556 2245 3594 est.
2281 3548 2333 3591 Et
2360 3550 2438 3592 l'uit
2470 3563 2568 3593 cum
2593 3537 2838 3607 discipulis,

1595 3623 1667 3678 qui
1693 3629 1816 3665 eraut
1836 3622 2036 3667 Damasci
2060 3634 2137 3679 per
2160 3622 2252 3668 dies
2276 3623 2455 3680 aliquot,
2479 3632 2520 3666 et
2547 3625 2755 3667 continuo
2778 3626 2842 3669 in-

1595 3709 1772 3752 gressus
1810 3705 2055 3754 synagogas
2102 3697 2364 3753 praedicabat
2400 3695 2629 3741 Dominum
2669 3697 2836 3750 lesum,
2899 3687 2924 3742 ‘1

1595 3769 1799 3826 quoniam
1829 3770 1900 3813 hic.
1930 3778 1996 3814 est
2036 3769 2171 3814 Filius
2194 3769 2285 3814 Dei.
2313 3769 2552 3826 Stupebant
2572 3778 2716 3815 autem
2743 3785 2838 3817 om-
2923 3775 2924 3782 ’

1593 3857 1690 3896 nes,
1726 3843 1800 3901 qul
1842 3844 2091 3895 audiebant,
2134 3850 2176 3888 et
2211 3844 2442 3888 dicebant:
2481 3843 2633 3888 Nonne
2654 3846 2725 3889 hic
2770 3854 2836 3891 est

1594 3915 1667 3972 qui
1698 3917 1974 3973 expugnabat
2016 3917 2058 3959 in
2086 3915 2324 3960 Jerusalem
2359 3926 2435 3960 eos
2483 3919 2557 3973 qui
2579 3918 2832 3962 invocabant

1593 4003 1752 4035 nomen
1787 3991 1920 4041 istud,
1962 3997 2004 4033 ιι
2037 3988 2097 4049 ἐι]
2134 3990 2214 4035 hoc
2254 3990 2340 4034 huc
2375 3998 2568 4043 venerat,
2597 3997 2641 4034 ut
2668 3994 2835 4035 vinctos

1593 4076 1669 4108 eos
1686 4062 1866 4107 duceret
1885 4062 1939 4106 ad
1970 4062 2188 4120 principes
2215 4063 2522 4107 sacerdotum?
2561 4063 2720 4109 Saulus
2753 4078 2832 4109 au-

1592 4140 1680 4179 tem
1705 4135 1846 4192 magis
1882 4136 2217 4179 coinvaleseebat
2244 4135 2287 4179 in
2312 4135 2501 4187 Christo,
2529 4144 2571 4181 et
2591 4137 2834 4183 confunde·
2906 4130 2913 4141 ’

1592 4210 1670 4254 hat
1695 4208 1883 4263 Judaeos,
1907 4212 2125 4269 quierant
2144 4211 2361 4266 Damasci,
2398 4212 2618 4258 affirmans
2641 4214 2741 4270 quia
2762 4216 2835 4263 bie

1591 4290 1658 4330 est
1679 4283 1898 4330 Christus.
1920 4300 1934 4326 i
2353 4292 2355 4294 ·
2384 4304 2404 4349 .-
2696 4303 2699 4305 >

1653 4355 1760 4422 Cir.
1787 4355 1936 4403 xmv.
1975 4353 2033 4403 De
2054 4357 2210 4403 Invidia
2230 4357 2479 4405 Judoeorum
2504 4361 2547 4409 in
2571 4360 2769 4403 Paulum.

1649 4449 1663 4473 ι
1685 4434 1793 4478 Cum
1805 4440 1949 4479 autem
1967 4433 2251 4492 implerentur
2266 4434 2359 4480 dies
2383 4435 2507 4482 multi
2528 4449 2551 4478 r
2572 4447 2595 4478 a
2618 4433 2831 4493 baptismo
