2924 4588
125 162 209 214 aas
331 151 334 154 ’
429 198 431 200 >
1032 126 1348 213 varunna..
1372 187 1427 204 -.-
1450 161 1752 221 ransfxvu.
2594 163 2678 212 sis

125 255 220 299 Dux
242 268 314 300 um
338 253 470 309 sumit
491 254 588 307 iter,
614 257 799 312 pergunt
821 253 915 298 sine
935 264 1042 309 pace
1065 253 1260 310 quirites,

127 324 323 381 Undique
345 323 603 381 multiplices
625 325 791 384 peperit
810 324 883 367 via
903 324 1091 380 pessima
1114 325 1227 373 lites,

179 390 295 440 Bella
320 399 472 452 parant
495 402 644 452 gentes
665 396 711 439 in
733 395 908 451 regione
929 395 1038 439 sitae.
1214 385 1217 388 ’

126 468 258 530 Nocte
280 469 360 512 sub
383 469 569 512 obscura
589 467 708 513 venit
730 469 922 526 angelus,
944 468 1054 510 alma
1079 467 1229 523 figura,

126 536 238 583 Bella
260 538 382 583 ducis
405 539 514 583 dura
533 539 729 595 praedicit
751 538 909 593 ubique
938 536 1098 585 sutura.

182 610 372 671 Spondet
388 616 431 655 et
455 609 660 661 auxilinm
685 623 740 654 ne
759 609 880 654 ducis
899 621 1018 652 arma
1039 607 1182 654 ruant.

126 680 241 739 Coge
260 689 357 728 tuas
379 684 508 735 acies,
533 683 593 726 ait
615 681 820 739 Angelus,
845 695 945 727 ecce
963 687 1175 738 potentes,

129 754 213 799 Sex
233 754 356 803 video
375 767 495 811 reges
517 754 690 800 hostilia
714 754 1063 813 sigua-serentes,

181 826 298 879 Quos
321 826 395 870 ubi
422 833 556 872 marte
577 821 694 879 feris,
722 838 791 871 me
813 824 924 870 duce
946 827 1083 871 victor
1105 827 1206 872 eris.

126 895 257 952 Dixit,
278 904 320 944 et
342 900 504 945 auratis
522 899 682 958 clypeis
703 906 905 943 montana
926 899 1154 955 refulgent,

118 971 307 1027 ‘Agmina
329 968 592 1013 Francorum
613 967 878 1017 circumdata
907 974 1044 1013 marte
1067 967 1313 1025 perurgent,

179 1040 368 1086 Vulnera
392 1032 497 1086 dant
519 1041 763 1096 strepitum,
789 1052 972 1098 corpora
996 1053 1107 1085 caesa
1126 1040 1300 1085 cadunt.

125 1114 307 1171 Agmina
329 1113 514 1162 mirandi
537 1112 676 1159 secuit
693 1100 854 1157 manus
873 1119 972 1170 apta
995 1112 1196 1165 Rolandi‚

125 1186 239 1231 Ense
262 1186 385 1236 ducis
408 1186 550 1243 magni
575 1197 699 1242 reges
722 1185 1099 1245 perieietyranni,

180 1258 293 1319 Ense
309 1257 562 1317 ¹‘triumphali
585 1257 806 1314 deperiere
829 1258 946 1302 mali.

125 1332 324 1390 Quinque
346 1331 489 1376 ferunt
513 1343 634 1388 reges
657 1330 763 1374 aciei
793 1330 932 1377 fronte
956 1329 1108 1383 ruisse,

124 1405 243 1457 Quos
262 1396 383 1448 aiunt
403 1402 595 1459 quinque
614 1401 738 1450 ducis
758 1401 915 1446 ictibus
939 1401 1010 1446 hie
1033 1395 1258 1454 cecidisse,

180 1482 367 1539 Angelus
389 1481 461 1525 hie
482 1480 593 1525 lucis
609 1475 796 1538 protegit
821 1490 944 1522 arma
964 1473 1106 1522 ducis.

124 1554 292 1599 clarior
307 1568 330 1598 e
355 1553 476 1601 coelis
501 1552 603 1599 ferit
624 1553 801 1611 angelus
823 1551 994 1608 agmina
1018 1551 1128 1600 telis,

122 1627 259 1682 Cujus
281 1629 324 1670 in
347 1624 520 1670 auxiliis
542 1627 662 1671 stetit
686 1617 843 1686 inclyta
859 1632 1004 1669 turma
1025 1622 1161 1667 tidelis
1185 1653 1197 1674 ,

102 1720 104 1723 ·
178 1696 321 1743 Cessit
340 1703 383 1742 et
403 1696 602 1755 hostis‘ei·
625 1703 741 1756 sorte
763 1692 927 1742 ferente
952 1694 1045 1742 Dei.

125 1768 246 1813 Talia
271 1770 626 1813 multorum'sunt
643 1768 789 1825 praelia
824 1767 935 1822 sacta
959 1768 1170 1818 locorum,

126 1843 216 1887 lloc
239 1842 342 1886 facit
369 1844 586 1900 armornm
610 1835 787 1886 victoria
821 1839 1173 1892 Teutonicorum,

182 1914 354 1959 Viribus
377 1914 571 1970 ipsorum
596 1913 786 1958 vincitur
810 1924 937 1958 omne
959 1914 1115 1957 solum.

126 1989 170 2031 ln
194 1987 444 2044 Pampilona
469 1987 607 2031 suerat
625 1992 728 2030 tunc
748 1998 916 2030 summa
939 1997 1116 2035 corona,

125 2063 205 2106 Cui
227 2059 489 2113 Barsellona,
517 2059 721 2116 regioque
744 2059 894 2104 subest
917 2058 1132 2114 Aragona,

180 2135 320 2192 Atque
341 2134 605 2186 Taraseona‚
632 2134 722 2176 sive
743 2131 935 2176 Girunda
958 2132 1084 2175 bona.

129 2208 332 2251 Summus
362 2205 415 2248 ab
440 2205 520 2248 hac
561 2203 672 2248 Urbe
702 2216 776 2247 rex
811 2202 946 2246 David
971 2202 1030 2246 ad‘
1059 2213 1177 2246 arma
1219 2214 1343 2245 recur

1021 2328 1024 2330 ι
1162 2272 1280 2331 [rens
1300 2307 1307 2322 ‚

131 2354 304 2414 Agmina
324 2341 590 2408 Francorum
619 2350 720 2395 belli
741 2350 928 2400 statione
951 2358 1205 2405 perurgens,

182 2426 332 2473 Praelia
356 2428 448 2470 dira
472 2425 597 2482 gerit,
623 2424 765 2469 victus
789 2423 843 2467 ab
863 2422 965 2466 inde
983 2421 1111 2466 redit.

123 2489 304 2544 Pellitur
326 2485 601 2542 interius-rex
627 2493 760 2538 David
785 2482 1022 2550 in'aguiine
1052 2492 1206 2543 victus,

126 2572 294 2622 Acriter
316 2571 498 2615 afflictus
516 2569 616 2625 qnia
638 2581 735 2612 cum
759 2567 870 2612 duce
897 2568 1073 2624 pertulit
1101 2567 1229 2617 ictus,

182 2644 293 2693 Ante
315 2643 489 2686 domum
505 2639 619 2696 regis
638 2640 726 2684 dux
744 2651 824 2684 sna
846 2639 969 2696 sigua
993 2640 1118 2695 regit.

78 2719 84 2727 '
130 2716 222 2759 Dux
249 2707 359 2772 petit
383 2714 618 2774 alioquinin
643 2713 813 2771 modica
836 2713 916 2756 sub
938 2724 1044 2769 pace
1073 2713 1224 2759 teneri,

127 2790 218 2835 Rex
241 2780 370 2855 iuret,
394 2794 436 2833 et
458 2799 614 2833 causas
635 2776 716 2839 cnr
736 2782 920 2839 venerit,
947 2785 1100 2829 ordine
1115 2787 1283 2842 quaerit,

21 2918 23 2920 ,
185 2862 307 2907 Seria
330 2854 401 2907 res
419 2861 576 2921 agitur,
603 2872 745 2906 sermo
761 2859 976 2906 tenendus
992 2859 1090 2903 erit.

128 2937 325 2981 Romulei
348 2937 435 2980 dux
457 2935 623 2996 imperii
649 2935 850 2990 proponit
867 2933 1095 2984 honorem,

33 3015 34 3024 ¹
129 3011 181 3054 Et
200 3011 322 3066 jubet
341 3015 389 3053 ut
410 3009 572 3053 tribuat
597 3006 761 3052 fiscalia
784 3007 887 3063 iura
907 3017 1094 3056 coronae,

185 3080 284 3127 Haec
308 3082 518 3138 ubijussa
549 3085 709 3132 movet,
734 3074 811 3124 rex
829 3083 982 3130 tumet,
1007 3083 1137 3135 atque
1156 3078 1286 3121 dolet.

37 3193 39 3211 ἱ
131 3159 195 3200 ira
209 3163 349 3202 movet
378 3165 538 3214 regem,
565 3154 667 3210 quia
685 3152 807 3208 jussa
827 3152 992 3207 reecpit
1009 3163 1174 3202 amara,

38 3217 40 3233 ⁵
86 3227 87 3230 ’
130 3227 218 3271 Ista
240 3220 331 3275 suis
350 3221 528 3282 paribus
555 3224 726 3269 fuerant
741 3223 907 3272 fiscalia
927 3235 1044 3271 rara,

183 3299 354 3345 Rursus
375 3298 419 3342 ln
442 3308 562 3341 arina
585 3309 716 3341 ruens
739 3296 853 3340 bella
875 3294 1019 3340 surore
1045 3301 1181 3351 parat.

29 3357 32 3422 ἶ
77 3374 84 3393 ³
131 3370 321 3416 Solvitur
341 3370 520 3414 armatis
538 3380 723 3413 censura
744 3366 999 3411 brevissima
1018 3367 1153 3421 pacis,

27 3436 30 3466 ἶ
71 3476 81 3478 --
131 3443 276 3489 Hostis
295 3448 340 3487 nt
367 3450 465 3486 ante
486 3440 608 3507 ducis
633 3438 774 3496 rejicit
795 3452 866 3484 rex
888 3439 1008 3495 jussa
1035 3438 1232 3490 minacis,

188 3517 331 3562 Utitur
353 3515 523 3560 insidiis
539 3514 679 3559 hostis
707 3519 886 3569 uterque
910 3511 1033 3556 satis.

132 3591 203 3636 Lis
227 3595 344 3646 patet
360 3589 524 3644 absque
544 3599 681 3639 mora,
710 3586 892 3632 redeunt
916 3586 970 3628 ad
992 3585 1100 3628 bella
1124 3585 1286 3640 priora,

26 3646 33 3678 ⁷³
132 3663 222 3708 Rex
243 3663 392 3721 nequit
415 3663 478 3706 ire
504 3656 637 3711 foras,
661 3660 895 3714 praeclusus
919 3657 971 3701 ad
991 3658 1214 3708 interiora,

188 3737 371 3781 Caesaris
389 3736 434 3779 in
456 3735 640 3790 patriam
660 3732 844 3776 Francia
874 3732 996 3787 signa
1014 3732 1180 3774 volant.

133 3809 292 3853 Proelia
310 3808 534 3852 mirandus
559 3808 658 3850 tulit
675 3805 845 3849 infinita
871 3803 1108 3853 Roiandus,

136 3883 283 3927 Militis
305 3881 444 3940 officio
467 3882 699 3937 praecelsus
728 3880 774 3922 in
797 3879 901 3921 orbe
925 3876 1136 3920 notandus

194 3954 322 4000 Sidus
345 3955 600 4006 honestatis,
625 3953 970 4010 dignus-honore
999 3950 1123 3994 satis.

136 4033 151 4048 '
169 4027 352 4075 Carolus
380 4029 637 4092 revertentis
662 4026 816 4082 recipit
835 4024 992 4070 vexilla
1014 4024 1203 4081 nepotis,

31 4101 36 4104 ”
72 4143 75 4148 ,
136 4099 250 4145 Gens
266 4100 384 4154 ¹mala
404 4099 640 4144 Catholicis
667 4098 798 4141 nimis
817 4102 884 4141 est
905 4095 1124 4139 contraria
1145 4094 1270 4144 votis,

191 4171 283 4217 Rex
305 4179 428 4229 parat
454 4171 666 4217 haereticis
690 4170 803 4216 bella
827 4167 990 4212 referre
1015 4166 1139 4211 locis.
1182 4163 1184 4166 ’

138 4244 228 4289 Rex
248 4245 371 4302 jubet
389 4245 567 4301 imperii
589 4242 784 4287 victricia
809 4243 932 4301 signa
955 4240 1137 4292 moveri,

137 4317 223 4362 Nec
242 4317 368 4362 niodo
396 4330 442 4363 se
463 4318 651 4373 poterint
669 4307 901 4371 Hispanico
923 4325 1056 4371 regna
1079 4323 1259 4363 moveri,

192 4389 479 4441 ‹Iudiciocoeli
499 4388 624 4432 turba
653 4389 840 4447 maligna
858 4387 984 4448 perit.
1047 4376 1049 4378 ¹
1158 4393 1161 4396 ·

38 4477 41 4487 ⁴
68 4458 70 4463 ’
139 4461 330 4515 Qualiter
351 4460 567 4520 Hispanos
583 4460 802 4519 superavit
824 4458 1007 4508 Carolus
1033 4455 1150 4510 olim,

1387 262 1421 302 Λ
1445 253 1582 309 lluJ‘ns
1608 266 1686 314 ego
1711 254 1809 297 libri
1835 253 1971 296 titulis
1995 250 2266 301 subscribere
2279 250 2432 304 nolim,

1497 325 1686 369 Alterius
1711 324 1870 374 moduli
1894 337 1986 367 sors
2010 314 2128 366 dabit
2156 323 2227 368 illa
2249 324 2348 369 coli.

1442 397 1627 443 Prorsus
1641 397 1696 440 ah
1719 397 1802 440 hac
1819 397 1933 441 caede
1950 409 2116 440 mecum
2140 409 2235 440 mea
2259 408 2382 441 musa
2398 395 2565 447 recede.

1443 469 1608 515 Mecum
1634 471 1729 513 lacta
1752 470 1868 521 sede,
1901 471 2066 525 prolem
2090 468 2194 512 mihi
2217 463 2401 513 Caesaris
2418 468 2511 519 cde,

1497 542 1682 590 Caesaris
1710 531 1763 588 ad
1779 543 1950 598 genitos
1964 541 2134 598 dactyle
2153 547 2270 586 verte
2293 540 2461 597 pedem.

1443 629 1678 684 Ludovicne
1692 631 1807 684 fitius
1833 629 1978 674 caroli
2007 630 2276 675 exaltaturin
2299 632 2531 687 ἱηιρετὶιιηι,
2556 643 2679 679 aare·

1747 687 1924 742 yestmus
1947 698 2078 728 tronus
2100 685 2150 728 ab
2173 686 2376 741 Augusto.

1498 757 1622 801 Anno
1645 757 1700 800 ab
1733 757 2029 801 incarnatione
2065 756 2235 800 Domini
2268 758 2376 809 815,
2418 743 2683 807 Luuovicus',

1445 824 1560 875 (ilius
1575 831 1718 875 Caroli
1741 830 1910 887 Magni,
1930 843 2058 886 quem
2081 831 2171 886 ipse
2188 830 2371 876 Carolus
2398 832 2539 876 adbuc
2556 832 2682 886 juve-

1445 904 1514 948 nis
1548 915 1844 947 successorem
1890 903 1972 947 sibi
2007 908 2049 947 et
2098 904 2398 958 imperatorem
2440 905 2680 957 constituit,

1445 979 1666 1029 comperta
1687 980 1826 1018 morte
1848 975 2001 1029 patris,
2028 972 2085 1018 ad
2107 975 2310 1030 palatium
2331 975 2587 1032 Aquisgrani
2614 989 2683 1021 re-

1445 1044 1537 1090 dire
1569 1044 1744 1089 festinat
1765 1046 1819 1088 ab
1839 1046 2098 1101 Aquitania;
2123 1046 2214 1100 ubi,
2246 1058 2462 1095 consensu
2492 1048 2687 1095 omnium

1445 1117 1690 1173 principum
1724 1118 1957 1172 imperator
1986 1123 2172 1170 creatur,
2213 1112 2507 1175 sexagesimus
2543 1132 2689 1164 nonus.

1445 1189 1499 1232 ab
1523 1187 1762 1232 Octaviano
1784 1187 1994 1244 Augusto.
2021 1187 2102 1246 Qui
2130 1189 2270 1245 primo
2294 1190 2413 1246 regni
2450 1190 2545 1245 ejus
2571 1203 2684 1233 anno

1445 1275 1522 1319 per
1546 1264 1784 1307 delationes
1821 1263 2107 1319 quorumdam
2144 1264 2354 1319 comperit
2378 1264 2587 1318 quosdam
2611 1276 2684 1307 re-

1445 1338 1516 1392 gni
1547 1337 1753 1392 primates
1778 1336 1984 1380 adversus
2011 1335 2197 1379 Leonem
2216 1347 2368 1392 papam
2388 1338 2687 1393 conspirantes

1446 1407 1696 1452 interiectos
1735 1406 1886 1452 fnisse.
1923 1406 1988 1451 Ad
2011 1408 2126 1462 quod
2157 1408 2534 1462 perscrutandum,
2561 1413 2688 1450 vocat

1446 1480 1500 1523 ad
1523 1492 1570 1523 se
1592 1485 1793 1535 nepotem
1819 1478 2100 1533 Bernardum‚
2134 1490 2279 1535 regem
2318 1477 2477 1532 ltaliae3
2507 1479 2581 1534 qui
2600 1477 2688 1521 tto-

1445 1564 1559 1595 mam
1577 1563 1786 1608 pergens;
1811 1551 1957 1606 ibique
1980 1550 2235 1608 aegritudine
2252 1555 2413 1606 tactus,
2442 1555 2601 1595 statum
2626 1552 2688 1594 rei

1445 1623 1730 1679 percomiteni
1751 1620 1985 1666 Heroldum
1999 1622 2194 1678 Augusto
2219 1621 2452 1667 mandavit.
2469 1620 2555 1664 Leo
2579 1632 2688 1676 qno-

1445 1709 1528 1752 que
1549 1707 1675 1752 papa,
1693 1696 1840 1741 missis
1861 1695 1914 1738 ad
1942 1695 2204 1739 Ludovicuin
2229 1694 2410 1745 nuntiis,
2431 1694 2484 1738 de
2504 1694 2571 1737 his
2593 1706 2688 1751 quae

1446 1773 1530 1816 sibi
1553 1771 1755 1826 imposita
1781 1777 1881 1814 tune
1906 1769 2092 1822 fuerant,
2115 1782 2160 1814 se
2183 1770 2398 1826 purgavit.
2423 1768 2570 1811 Pauca
2589 1775 2689 1824 post

1446 1851 1638 1899 tempore
1655 1847 1896 1894 transacto,
1922 1841 2008 1888 Leo
2026 1842 2226 1892 moritur,
2259 1846 2300 1884 et
2325 1839 2568 1896 Stephanus
2586 1839 2690 1883 sub«

1446 1918 1653 1962 stituitur.
1680 1916 1762 1970 Qui
1783 1915 1927 1960 statim
1951 1915 2187 1972 praemissis
2214 1913 2395 1966 nuntiis,
2419 1915 2492 1968 qui
2515 1925 2613 1956 eum
2634 1911 2688 1954 ad

1447 1991 1746 2045 imperatorem
1777 1987 1968 2031 dicerent
1989 1999 2085 2031 esse
2106 1991 2352 2037 venturum,
2385 1985 2499 2029 illico
2535 1983 2689 2027 itinere

1447 2063 1640 2119 abrepto,
1668 2061 1963 2118 subsequitur.
2005 2058 2239 2116 imperator
2271 2069 2368 2100 enin
2406 2055 2554 2099 Remis
2590 2066 2690 2099 cum

1447 2138 1611 2180 honore
1644 2135 1850 2190 suscepit,
1877 2134 1949 2177 ubi
1974 2145 2083 2189 papa
2108 2131 2336 2175 celebratis
2360 2132 2591 2175 missarum
2614 2143 2687 2174 so-

1448 2209 1660 2253 lemnibus
1679 2239 1690 2258 ,
1745 2206 2009 2249 Ludovicuni
2049 2203 2363 2264 Romanorum
2388 2202 2690 2257 imperatorem

1450 2281 1647 2326 laudibus
1668 2278 1966 2335 imperialibus
1989 2275 2300 2334 pronuntiavit.

1392 2380 1424 2426 C
1506 2351 1742 2409 Imperator
1767 2357 1915 2407 postea
1949 2346 2228 2405 Aquisgrani,
2266 2344 2516 2389 Lotharium
2558 2322 2693 2386 filium

1451 2441 1576 2474 suuni
1605 2426 1769 2472 socium
1791 2422 1960 2480 imperii
1992 2420 2109 2478 legit.
2141 2419 2260 2463 Alios
2288 2418 2399 2461 lilios
2421 2417 2545 2469 duos,
2569 2429 2692 2474 reges

1453 2507 1643 2554 vocatos,
1672 2511 1806 2542 unum
1830 2495 2088 2552 Aquitaniae,
2114 2493 2295 2537 alterum
2317 2491 2507 2534 Bavariae
2540 2489 2693 2547 praesc-

1451 2576 1525 2618 cit.
1548 2572 1630 2618 Sed
1656 2571 1783 2628 paulo
1804 2575 1903 2626 post
1930 2567 2195 2613 Bernardnm
2217 2571 2418 2621 nepotem
2454 2575 2582 2607 suum
2615 2575 2690 2609 re·-

1451 2661 1544 2704 gem
1569 2645 1715 2696 ltaliae,
1741 2657 1839 2687 enm
1871 2643 1967 2686 aliis
2007 2639 2138 2685 ltaliae
2175 2639 2422 2684 civitatibus
2458 2643 2608 2681 contra
2645 2650 2705 2687 se„

1452 2721 1609 2777 reperit
1633 2719 1901 2775 conjurasse,
1930 2715 2139 2760 adversus
2162 2725 2290 2770 quem
2314 2712 2417 2756 dum
2432 2711 2693 2772 Ludovicus

1452 2800 1574 2850 parat
1594 2792 1847 2844 exercituin,
1873 2790 1944 2834 ille
1961 2789 2106 2832 animo
2128 2787 2292 2831 fractus
2311 2785 2517 2837 occurrit,
2543 2789 2588 2828 et
2608 2785 2692 2826 tra-

1452 2867 1513 2910 dit
1537 2879 1583 2910 se
1606 2864 1870 2921 imperatori.
1889 2852 2135 2918 ¹Imperator
2158 2865 2261 2903 tnnc
2283 2857 2560 2914 Aquisgrani,
2590 2855 2692 2900 data

1453 2939 1666 2985 sententia
1691 2938 1737 2982 in
1760 2936 2046 2990 Bernardum,
2070 2940 2113 2978 et
2128 2933 2236 2977 alios
2255 2944 2344 2975 suae
2370 2929 2568 2974 factionis
2589 2940 2692 2971 con-

1451 3014 1687 3069 Juratores,
1713 3023 1812 3059 cum
1848 3014 1994 3054 essent
2028 3007 2168 3064 capite
2205 3002 2433 3062 puniendi,
2459 3001 2591 3058 iussit
2617 3012 2691 3044 cos

1452 3098 1601 3130 omnes
1628 3084 1799 3130 caecari.

1506 3158 1670 3202 Deinde
1690 3152 1826 3200 tilium
1853 3166 1979 3199 suum
2011 3150 2263 3195 Lotharinm
2284 3149 2330 3192 in
2350 3146 2514 3191 ltaliam
2538 3145 2687 3191 mittit,
2745 3207 2747 3209 η

1454 3232 1526 3275 nbi
1564 3215 1797 3276 botharius
1819 3228 1949 3270 rebus
1981 3223 2208 3273 ordinatis,
2236 3222 2280 3264 in
2305 3224 2455 3264 sancto
2478 3217 2642 3261 Pascha
2667 3229 2692 3258 a

1454 3303 1647 3349 Romano
1668 3299 1871 3360 pontifice
1905 3297 2128 3347 invitatur,
2158 3298 2201 3337 et
2226 3294 2279 3336 ab
2300 3304 2352 3335 eo
2384 3292 2429 3333 in
2466 3287 2711 3345 imperinm*

1454 3382 1702 3420 coronatur.

1397 3445 1430 3487 D
1507 3449 1662 3492 Postea
1677 3445 1933 3496 Lndovicus,
1959 3448 2131 3501 propter
2146 3441 2258 3485 mala
2275 3436 2420 3481 uxoris
2434 3446 2522 3479 suae
2542 3443 2688 3488 opera,

1455 3526 1501 3565 ut
1540 3521 1726 3570 dicitur,
1763 3529 1789 3559 a
1832 3527 1965 3573 regno
2006 3514 2194 3570 pellitur,
2236 3514 2279 3554 et
2321 3510 2476 3551 iterum
2499 3502 2691 3548 restitni-

1453 3602 1540 3638 tur.
1565 3590 1726 3638 Deinde
1744 3595 1840 3648 post
1863 3599 2014 3645 pauca,
2039 3597 2151 3629 anno
2174 3575 2690 3639 imperiisuisexto,dien1

1454 3667 1580 3711 solvit
1612 3670 1866 3707 extremum.
1916 3659 2038 3702 Anno
2075 3658 2130 3700 ab
2178 3652 2472 3697 incarnatione
2519 3646 2673 3689 Domin

1454 3736 1811 3793 octingentesimo
1849 3729 2175 3787 quadragesime
2212 3725 2366 3782 primo,
2405 3722 2506 3765 dum
2530 3719 2689 3761 Loum-

1455 3812 1564 3862 rins,
1596 3809 1708 3852 filius
1732 3805 1954 3855 Ludovici‚
1970 3814 2169 3846 reversus
2193 3795 2383 3842 abitalia
2398 3793 2689 3837 monarchiam

1456 3885 1612 3927 hahere
1640 3880 1858 3938 proponit,
1879 3878 2033 3919 fratres
2056 3873 2149 3929 ejus
2169 3870 2351 3914 Carolus
2378 3872 2419 3910 et
2442 3865 2589 3921 junior
2612 3861 2692 3905 Lu-

1455 3954 1651 4006 dovicus,
1677 3949 1846 4006 imperii
1877 3947 2082 4005 dignitate
2114 3949 2155 3986 et
2178 3942 2352 3985 nomine
2373 3948 2518 3982 carere
2543 3935 2686 3977 nolen-

1454 4033 1537 4076 tes,
1569 4022 1775 4067 Lotbario
1798 4019 1955 4064 bellum
1994 4016 2204 4059 indicunt.
2240 4010 2502 4065 Cunctisqne
2527 4007 2690 4049 viribus

1455 4098 1576 4155 regni
1597 4095 1724 4139 simul
1756 4094 1857 4137 hinc
1880 4089 1979 4134 inde
1999 4086 2249 4135 contractiS,
2270 4080 2507 4125 mirabilem
2532 4077 2689 4119 hahent

1455 4172 1731 4221 congressum
1748 4162 1860 4218 apud
1882 4157 2207 4203 Fontaniac'um,
2229 4152 2299 4196 ubi
2326 4151 2439 4193 vires
2469 4147 2605 4190 totius
2623 4157 2691 4187 re-
2714 4201 2718 4204 γ

1454 4239 1525 4296 gni
1550 4236 1814 4280 Francorum
1838 4244 1976 4288 usqne
2007 4230 2111 4273 adeo
2137 4232 2237 4270 sunt
2260 4223 2509 4271 imminutae,
2534 4223 2579 4259 ut
2601 4217 2690 4271 jain

1455 4324 1542 4354 non
1572 4319 1751 4365 regnum
1785 4308 1934 4348 eorum
1970 4302 2166 4350 dilatare,
2196 4297 2272 4341 sed
2316 4305 2393 4338 sua
2429 4290 2583 4346 cogitet
2619 4289 2687 4330 vix

1458 4382 1752 4440 unusquisque
1775 4383 1925 4423 contra
1944 4379 2092 4432 gentes
2121 4367 2450 4424 circumpositas
2475 4375 2600 4420 posse
2626 4369 2690 4402 te-

1456 4468 1558 4499 nere
1594 4453 1656 4498 lbi
1676 4452 1830 4497 (jai-olo
1853 4457 1894 4495 et
1925 4447 2142 4493 Ludovico
2161 4445 2230 4490 rix
2253 4439 2433 4490 victoria
2454 4442 2629 4482 cruenta
2645 4439 2692 4477 et
