2924 4588
29 128 30 131 ’
91 148 172 195 773

756 139 826 185 nr:
855 112 1185 186 rnrpanrrro
1215 103 1632 187 murmano.
1663 141 1888 190 -rans
1918 146 1971 191 m

2571 143 2651 212 ιη

89 238 229 298 gustia
251 246 331 282 nec
357 233 457 278 talis
478 228 751 278 mortificatio
777 226 940 284 carnis,
966 231 1135 288 qualem
1160 230 1204 272 in
1225 239 1335 284 prae-
1358 229 1394 276 A
1413 230 1553 274 tulum
1593 233 1737 278 studio
1773 237 2173 292 contemplationis,
2214 238 2269 282 ob
2310 242 2654 297 compassionem

89 308 255 357 cedenti
279 305 421 363 capite
449 301 905 358 commemoravimus3
928 301 1140 346 nec'talis
1173 299 1331 344 mentis

88 380 351 431 emundatio,
373 377 546 435 qualem
575 375 646 419 hic
666 373 993 431 descripsimus,
1023 373 1112 417 fleri
1151 378 1291 430 potest
1317 386 1327 417 z

27 457 29 462 “
83 450 251 499 idcirco
267 462 467 507 campum
488 446 714 500 atriorum,
743 447 816 492 ubi
844 446 980 491 altare
1001 446 1265 498 holocausti,
1289 454 1331 490 et

86 524 255 570 labrum
288 532 452 566 aeneum
490 518 706 576 depictum
733 523 815 570 est,
842 518 986 562 colore
1009 528 1225 574 purpureo
1257 530 1330 561 su-

87 595 310 654 perinduo.
330 593 386 637 Et
419 593 512 638 haec
533 592 586 638 de
606 591 727 635 labro
749 602 884 642 aeneo,
910 595 955 635 et
975 589 1029 635 de
1052 590 1121 635 his
1157 602 1252 646 quae
1277 590 1328 634 ad

88 668 190 715 illud
214 665 486 726 pertinebant
504 697 517 719 ,
572 665 782 723 prolixius
819 676 948 722 quam
986 663 1231 721 putavimus
1265 663 1330 707 di-

87 743 246 787 ximus.

548 809 727 857 CAPUT
751 809 860 855 xm,

87 902 149 949 De
166 902 351 948 tentoriis
375 899 631 945 tabernaculi
652 911 666 943 .·
693 898 798 945 etde
820 900 1008 956 inpressu
1037 891 1178 957 Moysi
1197 898 1240 944 in
1264 907 1330 944 ta-

344 957 629 1008 bernaculum,
651 962 690 1000 et
710 955 761 1000 de
772 955 867 1012 ejus
879 964 1068 1013 egressu.

141 1031 355 1078 chvm.
417 1031 651 1088 Diligenter
697 1037 795 1087 post
835 1030 919 1075 hoc
969 1030 1329 1075 considerandum

34 1114 40 1120 “
85 1108 211 1152 nobis
247 1112 339 1159 est,
366 1106 466 1164 quia
489 1111 612 1150 vetus
633 1103 767 1162 Moysi
788 1104 1113 1149 tabernaculum
1137 1104 1331 1149 tentoriis

41 1174 48 1194 ⁸
87 1181 274 1239 undique
297 1178 660 1234 circumdabatur.
680 1177 818 1222 Simili
836 1177 964 1222 modo
980 1183 1022 1222 et
1044 1184 1105 1230 tu,
1156 1178 1190 1222 si
1218 1178 1330 1221 bona

28 1246 42 1282 1
83 1256 181 1313 'quae
226 1254 361 1298 habes
408 1252 508 1296 sorti
542 1252 709 1296 cautela
742 1250 959 1296 custodire
998 1263 1086 1295 non
1118 1252 1297 1308 negligis
1318 1284 1328 1302 ,

45 1371 50 1376 .
85 1330 203 1374 circa
234 1326 560 1372 tabernaculum
591 1332 755 1385 tuum,⁴
787 1331 829 1369 et
859 1335 911 1369 ea
943 1337 1041 1382 quae
1075 1325 1191 1368 intra
1227 1324 1332 1369 illud

85 1403 186 1444 sunt
225 1398 412 1442 tentoria
435 1387 684 1452 suspendis„
697 1394 807 1439 Nihil
821 1396 934 1440 enim
946 1397 1123 1444 omnino
1140 1397 1216 1441 tibi
1233 1410 1332 1453 pro-

29 1473 32 1479 ’
85 1469 195 1515 derit
220 1470 331 1514 bona
372 1469 416 1512 in
455 1462 760 1525 t-e'spiritualia
783 1478 1097 1525 congregasse,
1127 1469 1211 1514 nisi
1234 1469 1334 1514 dili-

83 1544 196 1600 genti
214 1555 265 1586 ea
305 1547 347 1585 et
366 1540 550 1586 sollici-ta
563 1540 950 1597 circumspectione
968 1541 1205 1587 custodias.
1223 1541 1333 1588 Hinc

83 1607 129 1660 in
157 1627 282 1660 sacra
309 1614 533 1671 Scriptura
561 1615 759 1678 legimus,
781 1615 882 1671 quia
909 1617 1046 1670 posuit
1068 1615 1180 1661 Deus
1198 1615 1328 1662 laomi-

84 1688 238 1733 nemin
272 1687 494 1745 paradiso,
526 1695 572 1730 ut
594 1695 862 1746 operaretur,
883 1696 922 1732 et
952 1688 1178 1734 custodiret
1211 1690 1332 1735 illum

84 1757 203 1821 (Gen.
241 1772 300 1812 11,
335 1759 420 1817 15).
458 1758 506 1802 ln
531 1759 734 1816 paradiso
768 1760 926 1816 quippe
962 1758 1075 1804 Deus
1115 1760 1331 1808 hominem

84 1833 220 1892 ponit,
246 1833 419 1889 quando
442 1831 739 1876 delectabilem
763 1832 839 1876 tibi
859 1832 1148 1888 spiritualium
1169 1835 1335 1891 gratia*

85 1917 180 1951 rum
205 1905 373 1962 copiam
411 1905 598 1961 gratuito
633 1899 844 1960 largiens,
870 1903 915 1947 in
952 1910 1104 1949 sancta
1139 1911 1182 1949 et
1213 1913 1334 1951 tran-
1360 1897 1363 1899 ’

81 1978 215 2037 quilla
236 1978 499 2022 conscientia
523 1975 712 2020 suaviter
729 1981 771 2020 te
788 1987 971 2038 pausare
987 1975 1105 2021 facit.
1132 1976 1215 2022 Sed
1233 1978 1331 2023 vide

36 2058 38 2062 ’
86 2057 135 2097 ut
157 2051 281 2095 hune
294 2051 544 2107 paradisum
565 2057 607 2094 et
629 2048 851 2095 custodias
870 2081 883 2100 ,
914 2056 957 2094 et
979 2051 1171 2106 opereris
1190 2066 1201 2095 x
1226 2057 1331 2110 ope·

86 2125 197 2171 reris
212 2137 289 2184 per
310 2125 444 2169 robur
465 2124 747 2175 fortitudinis,
772 2124 996 2169 custodias
1012 2132 1092 2182 per·
1107 2125 1329 2171 munimen

84 2198 517 2256 circumspectionis,
554 2197 750 2254 opereris
781 2198 981 2255 impigre,
1027 2204 1070 2242 et
1108 2198 1329 2245 custodias

46 2309 54 2314 „
84 2277 230 2326 caute;
262 2271 457 2328 opereris
479 2259 751 2327 denique7ut
773 2270 954 2315 virtutes
971 2271 1217 2327 spirituales
1235 2273 1327 2329 spi-

1411 303 1613 356 proximi,
1645 304 1775 349 licitis·
1813 317 1957 351 rerum
1990 315 2262 355 terrenarum
2297 316 2654 370 occupationibus

1411 372 1669 420 insistimus.
1709 374 1800 421 Hoc
1823 379 1967 434 itaque
2004 382 2133 425 modo
2164 383 2433 441 ingredimur
2467 390 2510 428 ct
2532 397 2656 442 egre-

1410 447 1567 492 dimur.
1593 449 1878 506 ingredimur,
1912 452 2104 509 inquam,
2131 460 2172 498 et
2213 458 2485 512 egredimur;
2516 463 2560 503 et
2584 461 2652 503 in-

1410 522 1660 576 grediendo,
1706 528 1839 579 atque·
1875 525 2132 580 egrediendo
2169 540 2329 583 pascua
2375 530 2618 577 invenimus
2641 539 2664 576 ε’

1411 599 1639 648 quatemus
1666 594 1944 651 ingrediendo
1968 597 2054 654 pie,
2102 605 2144 642 et
2163 601 2420 655 egrediendo
2442 602 2574 657 juste,
2612 608 2654 648 et

1409 669 1629 724 pascendo
1642 670 2044 714 sobrievivamusin
2059 670 2139 715 hoc
2154 674 2326 717 saecuto.
2348 675 2420 718 Pie
2436 675 2539 728 Deo,
2553 688 2663 734 pro-

1410 744 1506 797 pter
1530 754 1680 797 puram
1704 742 2137 798 contemplationem;
2159 745 2276 801 juste
2309 747 2522 801 proxime,
2547 761 2649 810 pro-

1410 819 1506 869 pter
1528 813 1793 860 fructuosam
1841 816 2159 871 operationem-3
2199 819 2343 863 sobrie
2365 820 2507 871 nobis,
2545 834 2650 878 pro-

1410 892 1506 942 pter
1546 892 1709 930 rectam
1741 887 2039 932 intentionem.
2081 886 2228 946 ltaque
2258 891 2550 948 ingredimur,
2602 896 2653 937 ut‘

1411 957 1778 1015 contemplemur;
1801 958 2063 1016 egredimur,
2089 966 2136 1004 ut
2173 974 2427 1017 operemur:
2454 969 2649 1008 contem-

1412 1032 1578 1090 plemur
1591 1037 1749 1077 :ns-terna
1781 1039 1824 1077 et
1860 1034 2054 1079 coelestia
2083 1065 2097 1087 ,
2143 1047 2370 1091 operemur
2401 1039 2652 1083 transitoria

1411 1111 1454 1148 et
1493 1111 1687 1158 terrena;
1720 1106 1792 1149 illa
1824 1118 1903 1163 per
1926 1106 2126 1151 aflectum
2172 1108 2330 1160 cordis,
2356 1111 2438 1155 ista
2478 1124 2579 1155 vero
2601 1112 2655 1156 ad

1415 1190 1538 1222 usum
1562 1179 1775 1235 corporis.
1800 1177 1919 1223 intus
1945 1181 2287 1237 contemplamur
2310 1183 2446 1240 ipsius
2477 1183 2656 1240 Sapien-

1412 1250 1483 1293 tiae
1504 1263 1527 1294 a
1547 1249 1671 1295 Patre
1695 1252 1751 1295 ab
1776 1259 1937 1297 aeterno
1968 1255 2124 1311 genitae
2163 1256 2257 1300 sine
2292 1264 2426 1300 matre
2452 1256 2656 1300 divinita-

1414 1329 1526 1378 tem;
1553 1324 1658 1370 soris
1677 1325 1897 1370 imitamur
1916 1326 2109 1382 eiusdem
2150 1326 2381 1385 Sapientiae
2403 1341 2427 1372 a
2451 1336 2587 1374 matre
2611 1331 2667 1374 in·

1412 1403 1606 1455 tempore
1622 1397 1856 1456 incarnatae
1874 1401 1973 1447 ‘sine
1996 1407 2117 1459 patre
2134 1402 2462 1456 humanitatem.
2479 1403 2525 1446 ln
2548 1415 2657 1460 quo-

1413 1468 1510 1512 dam
1535 1478 1674 1513 autem
1699 1471 1810 1515 libro
1834 1475 1876 1516 et
1903 1472 2038 1524 intus,
2063 1477 2105 1517 e't
2127 1472 2235 1519 soris
2254 1474 2456 1530 legimus:
2483 1476 2528 1519 in
2549 1487 2658 1532 quo*-

1412 1541 1526 1594 dam,
1557 1543 1748 1598 inquam,
1774 1543 1886 1588 libro
1901 1538 1949 1590 ‘ct
1980 1546 2096 1590 intus
2116 1545 2298 1603 scripto,
2327 1548 2369 1590 e't
2390 1546 2654 1604 soristapoc.

1411 1629 1454 1667 v,
1493 1614 1550 1673 1).
1577 1613 1698 1661 Intus
1726 1616 1906 1674 quidem
1925 1617 2108 1677 legimus
2127 1631 2183 1663 ea
2219 1632 2315 1676 quae
2347 1620 2464 1665 intus
2496 1622 2656 1679 scripta

1412 1694 1514 1733 sunt
1552 1689 1596 1732 in
1631 1701 1711 1742 eo;
1739 1688 1845 1734 soris
1879 1703 2001 1743 vero,
2026 1692 2189 1747 quaein
2212 1703 2264 1736 eo
2300 1694 2460 1750 scripta
2475 1701 2574 1738 sunt
2600 1695 2659 1740 fo·

1410 1761 1487 1806 ris.
1503 1760 1712 1805 Mediator
1727 1775 1903 1818 namque
1925 1761 1998 1804 Dei
2027 1769 2065 1805 et
2083 1762 2313 1816 hominum,
2331 1764 2441 1808 Deus
2461 1773 2500 1808 et
2519 1766 2656 1819 Ιιονησ,

1410 1832 1532 1877 lesus
1558 1829 1748 1879 Christus
1768 1833 1821 1892 (1
1842 1835 1951 1879 Tim.
1973 1847 2022 1887 ιι,
2038 1836 2099 1892 5),
2129 1837 2320 1893 quidam,
2348 1838 2391 1881 in
2414 1851 2499 1894 quo
2519 1841 2659 1896 legere

1411 1907 1635 1959 debemus,
1663 1908 1772 1952 liber
1795 1912 1879 1960 est,
1914 1907 2033 1953 intus
2071 1910 2259 1967 scriptus
2285 1917 2327 1954 et
2362 1909 2491 1956 ioris:
2539 1913 2658 1956 intus

1410 1980 1455 2025 in
1479 1981 1716 2032 divinitate,
1755 1981 1862 2026 foris
1882 1981 1927 2025 in
1957 1981 2244 2035 humanitate,
2283 1982 2430 2039 ltaque
2462 1986 2573 2028 intra
2593 1991 2660 2028 ta-

1409 2054 1692 2098 bernaculum
1733 2053 1919 2112 legimus
1959 2066 2008 2099 ea
2047 2068 2143 2111 quae
2182 2056 2224 2099 in
2265 2056 2346 2101 hoc
2390 2058 2499 2101 libro
2541 2059 2659 2104 intus

1410 2128 1571 2184 scripta
1588 2133 1705 2180 sunt,
1730 2128 1832 2172 dum
1858 2127 1901 2171 in
1940 2128 2084 2172 cordis
2127 2136 2312 2182 secreto,
2338 2130 2501 2176 Christi
2537 2132 2659 2176 vide·-

1409 2213 1506 2245 mus
1533 2202 1849 2257 quodammodo
1877 2201 2164 2253 divinitatem,
2195 2215 2270 2260 per
2292 2204 2519 2259 puritatem
2555 2217 2660 2250 con·-

1407 2275 1724 2331 templationis·,
1747 2280 1869 2321 extra
1885 2286 1988 2319 vero
2012 2275 2194 2331 legimus
2219 2288 2269 2320 ea
2300 2289 2393 2332 quae
2424 2278 2466 2320 in
2500 2290 2552 2321 eo
2591 2279 2659 2322 so-

82 2346 295 2391 ritualiter
317 2345 518 2401 acquiras
542 2360 552 2388 z
579 2343 815 2395 custodias,
851 2356 905 2389 ne
928 2344 1164 2401 acquisitas
1190 2346 1383 2411 negti-AC
1408 2349 1471 2392 ris
1494 2342 1656 2406 scripta
1685 2355 1801 2400 sunt,
1839 2347 1940 2392 dum
1965 2348 2307 2407 inoperationis
2340 2351 2529 2407 publico,
2565 2353 2659 2408 ejus

46 2419 54 2473 J
82 2426 233 2477 genter
258 2420 444 2463 amittas.
470 2417 633 2463 idcirco
665 2418 787 2476 prius
813 2418 985 2474 quidem
1018 2418 1128 2471 isto,
1165 2431 1251 2475 quo
1286 2425 1330 2464 te

82 2492 264 2548 instruxi
280 2526 291 2547 ,
315 2492 445 2538 modo
465 2498 553 2537 tam
573 2492 913 2542 tabernaculum,
935 2503 1063 2548 quam
1101 2504 1197 2549 quae
1219 2492 1331 2537 intra

81 2566 186 2611 iilud
207 2578 304 2611 esse
320 2561 492 2616 debent,
524 2570 755 2618 construe;
790 2561 866 2609 sed
895 2564 1125 2609 tentorium
1146 2578 1223 2622 per
1245 2565 1332 2609 cir-

50 2624 54 2628 *
82 2640 245 2684 cuitum
268 2639 360 2695 ejus
389 2638 573 2683 sollicite
607 2637 846 2693 suspende,
871 2646 917 2682 ut
939 2644 981 2683 et
1005 2639 1115 2683 bona
1139 2640 1263 2696 prius
1286 2640 1330 2684 in

83 2718 124 2757 te
171 2725 246 2768 per
283 2712 515 2756 sollicitum
548 2712 802 2755 exercitium
848 2710 1060 2764 aedifices,
1104 2718 1146 2756 et
1180 2713 1329 2758 eadem

83 2785 233 2830 deinde
276 2797 352 2840 per
383 2785 482 2828 vitae
515 2785 942 2841 circumspectionem
969 2786 1192 2842 providam
1227 2799 1332 2831 con-

83 2871 255 2904 servare
274 2871 493 2914 procures„
521 2858 622 2903 Post
654 2859 745 2903 haec
770 2859 1062 2904 indiscussum
1088 2861 1332 2918 relinquere

83 2944 175 2980 non¹
193 2931 312 2977 debet
338 2931 558 2988 diligentia
590 2938 680 2985 tua,
706 2932 810 2988 quid
846 2945 921 2988 per
944 2933 1025 2978 hoc
1055 2934 1329 2991 designetur,

83 3005 195 3062 quod
220 3011 399 3050 sanctus
417 3005 585 3063 Moyses
603 3006 721 3055 olim,
748 3007 1094 3063 quandocunque
1125 3009 1194 3053 vel
1215 3009 1268 3053 de
1289 3021 1334 3054 re

85 3079 167 3122 ulla
191 3078 444 3131 dubitabat,
464 3079 529 3123 vel
563 3079 865 3124 tribulationes
895 3081 1062 3137 aliquas
1095 3082 1346 3135 tolerabat,

84 3162 252 3207 semper
269 3152 322 3195 ad
344 3148 668 3196 tabernaculum
690 3152 988 3213 confugiebat;
1007 3159 1054 3196 ut
1077 3160 1119 3199 et
1139 3153 1193 3199 de
1214 3148 1335 3198 dubia

82 3217 246 3268 tatione
276 3235 352 3268 sua
376 3223 602 3268 Dominum
628 3226 871 3270 consuleret
910 3233 952 3271 et
989 3228 1044 3272 ab
1068 3227 1161 3284 ipso
1184 3228 1333 3273 defen-

86 3296 249 3342 sionem
302 3304 431 3357 atque
487 3301 828 3344 consolationem
888 3303 1122 3359 reciperet.
1177 3303 1334 3348 Multo-

86 3371 168 3416 ties
204 3372 530 3417 tabernaculum
588 3374 758 3432 Moyses
805 3375 1046 3432 ingreditur
1090 3383 1131 3422 et
1182 3378 1235 3423 de
1281 3391 1332 3424 eo

1407 2427 1488 2479 pro
1509 2435 1638 2481 posse
1655 2429 1806 2468 nostro
1826 2423 2048 2480 sequimur
2090 2423 2417 2477 humanitatem,
2458 2435 2533 2481 per
2562 2426 2659 2470 imi-

1407 2499 1616 2542 tationem
1638 2498 1840 2542 actionis.
1867 2496 1987 2542 intus
2005 2497 2188 2554 legimus
2216 2514 2226 2542 ε
2256 2496 2308 2541 In
2329 2500 2534 2555 principio
2566 2507 2659 2544 erat

1417 2570 1592 2616 Verbum
1606 2585 1625 2624 ;Ἰ
1665 2579 1703 2617 et
1737 2571 1903 2616 verbum
1943 2579 2035 2615 erat
2067 2572 2178 2629 apud
2203 2572 2334 2616 Deum
2362 2576 2401 2616 et
2434 2572 2544 2618 Deus
2568 2582 2658 2618 erat

1417 2642 1597 2691 Verbum
1618 2643 1774 2702 (Ισαη.
1801 2657 1833 2697 ι,
1850 2645 1883 2688 ‘1
1901 2644 1934 2703 ).
1962 2644 2087 2688 Foris
2123 2661 2131 2689 :
2183 2644 2361 2691 Verbum
2377 2658 2475 2690 caro
2500 2647 2657 2702 sactum

1409 2726 1488 2771 est,
1532 2727 1571 2763 et
1604 2718 1805 2764 'cubitavit
1828 2719 1870 2762 in
1906 2714 2199 2775 nobis(ib1'd.,
2239 2717 2340 2776 tt).‘
2367 2718 2473 2763 Cum
2512 2721 2657 2776 itaque

1410 2794 1516 2839 duae'
1542 2794 1638 2838 vitae
1682 2794 1768 2839 sint
1820 2794 1958 2837 activa
1998 2792 2163 2837 scilicet
2211 2798 2255 2838 et
2295 2794 2655 2850 contemplativa:

1412 2867 1745 2924 contemplativa
1789 2879 1865 2923 per
1898 2867 2140 2924 ingressum
2186 2866 2473 2918 tabernaculi,
2518 2868 2656 2911 activa

1412 2939 1607 2984 innuitur
1627 2952 1703 2996 per
1718 2932 1957 2996 egressum.
1983 2938 2147 2983 Etcum
2165 2939 2249 2982 duo
2266 2940 2490 2985 charitatis
2505 2953 2658 2997 praece-

1413 3017 1485 3070 pta
1508 3013 1609 3063 sint,
1631 3023 1753 3056 amor
1783 3010 2078 3056 videlicet-Dei
2100 3017 2142 3055 et
2164 3011 2344 3067 proximi
2384 3026 2395 3056 z
2433 3024 2554 3056 arnor
2581 3012 2655 3057 Dei

1413 3087 1466 3130 ad
1490 3086 1733 3143 ingressum
1767 3097 1848 3130 nos
1892 3085 2012 3129 ducit
2035 3085 2432 3142 conten·1plationis;
2472 3087 2664 3142 proximi

1412 3171 1515 3202 vero
1547 3158 1598 3202 ad
1625 3167 1846 3214 egressum
1866 3157 2050 3201 actionis
2072 3191 2081 3201 .
2108 3155 2376 3213 ingredimur
2392 3162 2565 3214 propter
2584 3157 2657 3212 ju-

1413 3230 1648 3274 cunditatis
1679 3228 1896 3280 aflectum,
1923 3228 2065 3285 quide
2091 3227 2292 3272 Rachelis
2309 3228 2499 3285 procedit
2524 3227 2653 3272 deco-

1413 3319 1480 3358 re;
1504 3304 1747 3362 egredimur
1769 3308 1944 3361 propter
1970 3302 2245 3347 fecunditatis
2273 3302 2474 3366 fructum,
2500 3302 2571 3358 qui
2596 3303 2649 3346 de

1415 3379 1500 3423 Liae
1522 3378 1639 3422 venit
1663 3376 1962 3435 parturitione.
1998 3374 2222 3432 Ingressus
2272 3375 2401 3432 igitur
2432 3374 2566 3432 Moysi
2605 3376 2669 3431 in*

85 3443 316 3500 egreditur.
366 3443 638 3502 Ingreditur,
693 3453 741 3490 ut
800 3448 997 3493 consulat
1061 3449 1289 3494 Dominum
1316 3466 1327 3506 ;
1355 3467 1391 3511 D
1414 3451 1757 3502 tabernaculum,
1793 3450 2018 3494 introitum
2056 3448 2254 3504 designat
2286 3449 2524 3508 cuiuslibet
2568 3438 2649 3500 viri

84 3507 316 3572 egreditur,
371 3523 417 3561 ιιι
465 3518 634 3562 erudiat
686 3519 912 3576 populum.
959 3519 1072 3565 lutra
1128 3522 1331 3570 taberna-

85 3588 229 3632 culum
274 3591 476 3635 mandata
516 3603 540 3634 a
583 3590 765 3635 Domino
806 3593 998 3650 accipit,
1054 3607 1149 3651 quae
1208 3603 1332 3640 extra

63 3653 242 3717 ‘populo
285 3662 448 3716 tradit,
472 3669 514 3707 et
551 3663 624 3720 qui
650 3664 768 3711 intus
804 3665 1046 3722 loquentem
1070 3669 1152 3713 sibi
1187 3670 1332 3713 Domi-

57 3742 187 3776 .num
223 3740 412 3778 suaviter
435 3727 579 3788 audi-t,
616 3736 671 3782 de
712 3738 858 3782 causis
901 3744 942 3782 et
968 3741 1153 3796 negotiis
1183 3742 1330 3798 populi

88 3802 191 3849 foris
204 3806 383 3851 sollicite
397 3819 444 3852 se
455 3808 715 3854 intromittit.
730 3810 840 3863 Quid
863 3814 1039 3867 putatis,
1059 3813 1214 3858 fratres
1228 3815 1329 3868 mei,

89 3876 169 3922 iste
190 3880 286 3934 ejus
309 3881 530 3936 ingressus
553 3882 784 3939 significat,
799 3890 841 3928 et
859 3888 1091 3941 egressus?
1113 3886 1330 3945 Frequen-

88 3953 154 3994 ter
187 3950 315 4010 ffl5
354 3956 554 4011 superius
597 3957 801 4011 diximus,
858 3961 960 4016 qula
996 3960 1118 4017 Juxta
1160 3963 1328 4020 signiti-

88 4024 297 4070 cationem
339 4029 665 4085 tropologicam,
688 4032 1014 4078 tabernaculum
1035 4034 1169 4093 Moysi
1188 4049 1330 4082 secre-

90 4100 191 4140 tum*
214 4100 420 4158 exprimit·
448 4103 594 4147 animi.
620 4103 743 4157 Quod
773 4107 976 4154 nimirum
1003 4109 1327 4155 tabernaculum

91 4172 191 4215 tunc
222 4172 512 4229 ingredimur,
551 4177 723 4233 quando
761 4182 1004 4236 postposita
1036 4182 1209 4226 interim
1241 4188 1329 4228 ter-

53 4262 56 4265 >
89 4251 289 4292 renerum
308 4247 611 4300 sollicitudine,
636 4250 678 4293 in
698 4262 843 4296 amore
862 4251 955 4305 Dei,
976 4253 1018 4296 in
1039 4253 1208 4300 interno
1231 4269 1330 4301 cor-

79 4314 156 4369 dis
180 4325 344 4363 secreto
367 4322 488 4366 suavi
506 4323 795 4377 meditationi,
841 4338 962 4383 purae
984 4329 1266 4383 speculationi
1286 4335 1328 4375 et

90 4382 306 4440 defaecatas
338 4395 687 4451 contemplationi
716 4408 935 4443 vacamus.
978 4398 1098 4442 'l'unc
1134 4412 1236 4444 vero
1274 4402 1327 4447 de

82 4454 174 4502 1100
195 4461 472 4508 talernaculo
492 4462 753 4523 egredimur,
771 4469 942 4526 quando
956 4471 1117 4516 omisso
1131 4473 1325 4532 aliquan-

1411 3525 1590 3582 persecti
1616 3525 1677 3568 in
1713 3523 2008 3579 semetipsum,
2041 3522 2112 3578 qui
2140 3521 2181 3564 iit
2220 3533 2296 3576 per
2325 3510 2651 3577 contemplatio-⁷·
2674 3533 2675 3536 ’

1410 3609 1537 3648 nem;
1560 3601 1603 3640 et
1640 3607 1841 3653 egressus
1864 3594 2042 3644 exitum,
2070 3592 2124 3634 ad
2140 3591 2451 3649 operationem.

1862 3681 2043 3728 CAPUT
2067 3680 2176 3726 xlv.

1410 3778 1471 3823 De
1492 3777 1646 3834 duplici
1670 3776 1855 3833 imaqiue
1889 3773 2042 3830 Moysi.
2085 3773 2138 3818 E:
2173 3772 2375 3830 quomodo
2398 3772 2489 3823 illa,
2515 3785 2648 3820 auau-

1464 3835 1516 3878 do
1541 3844 1659 3879 extra
1685 3834 1906 3878 tentorium
1921 3832 2060 3887 posita
2087 3837 2165 3884 est,
2203 3831 2339 3886 itnaqo
2366 3828 2539 3885 Moysen
2561 3839 2647 3873 tro-

1463 3892 1643 3947 pologice
1664 3890 1868 3946 designat.

1463 3963 1645 4010 CLXIX.
1661 3962 1716 4007 Ut
1732 3968 1873 4006 autem
1891 3961 1972 4004 iste
1994 3957 2127 4018 Moysi
2154 3958 2376 4015 ingressus
2392 3963 2432 4001 et
2445 3969 2645 4014 egressus

1408 4039 1453 4086 iu
1487 4040 1657 4098 pictura
1689 4042 1838 4080 nostra
1868 4034 2122 4084 videantur,
2145 4032 2253 4076 duas
2287 4031 2476 4076 eiusdem
2509 4030 2644 4088 Moysi

1407 4113 1615 4170 imagines
1627 4110 1919 4167 depinximus:
1943 4117 2073 4150 unam
2097 4111 2215 4150 extra
2232 4104 2573 4156 tabernaculum,
2590 4105 2643 4149 ad

1407 4186 1630 4231 introitum
1651 4182 1849 4236 tentorii;
1896 4181 2072 4236 alteram
2112 4192 2214 4224 vero
2257 4179 2384 4230 intra,
2424 4190 2449 4220 a
2481 4178 2643 4224 dextris

1405 4257 1555 4302 altaris
1591 4240 1770 4300 incensi.
1813 4252 1957 4309 Imago
1980 4263 2150 4309 quoque
2171 4252 2258 4303 illa,
2282 4263 2375 4308 quae
2405 4256 2526 4294 extra
2546 4259 2639 4302 est,

1404 4335 1568 4375 rectam
1589 4333 1632 4373 et
1654 4327 1869 4386 propriam
1896 4326 2077 4370 somnam
2092 4324 2225 4382 Moysi
2247 4327 2549 4381 repraesentat:
2566 4325 2639 4380 qui

1404 4402 1465 4445 ibi
1489 4400 1641 4445 faciem
1664 4410 1784 4443 suam
1809 4398 1967 4455 populo
1989 4404 2211 4442 cornutam
2234 4397 2420 4448 exhibet,
2440 4402 2481 4441 et
2502 4397 2547 4440 in
2564 4397 2640 4439 ‘na⁴

1404 4474 1495 4521 bitu
1538 4472 1730 4519 saeculari
1749 4477 1869 4516 stans
1900 4477 2096 4529 apparctg
2121 4471 2219 4529 quia
2242 4469 2637 4527 quasiquibusdam
