2924 4588
263 75 337 118 ³91
547 84 576 120 Ο

260 178 355 225 quae
391 164 578 210 relicitur
599 174 675 220 per
697 160 954 218 aganonem
982 155 1310 209 ‹feritatisdpsa
1341 157 1384 196 et
1415 164 1490 196 su·
1513 159 1548 204 Α

259 237 462 283 humatur
488 248 562 291 per
578 235 777 277 virtutem
807 229 1126 276 consessionis.
1157 227 1215 269 ibi
1243 225 1371 268 corde
1397 237 1492 268 cre-

262 310 369 353 dens
392 307 445 351 ad
465 306 691 363 iustitio,
726 304 794 346 hic
817 307 957 346 autem
980 312 1055 343 cre
1071 298 1279 343 confitens
1306 296 1357 339 ad
1377 296 1493 340 salu⁴

262 387 345 424 tem
380 378 511 436 (Rom.
546 391 587 429 x,
618 377 699 434 lo).
725 376 826 429 Quae
856 373 966 419 Juda
1003 384 1137 428 aquas
1162 371 1289 414 habet
1332 370 1494 413 redem-

262 453 418 508 ptionis
441 465 542 501 suae,
567 462 695 506 super
717 460 825 504 quas
842 446 1067 495 ambulans
1083 444 1289 487 Dominus
1307 442 1425 486 venit
1446 443 1488 484 in

262 525 336 569 Bet
371 526 520 574 lehem,
549 525 647 579 quia
668 527 770 566 sunt
808 522 852 564 in
889 532 938 564 ea
975 519 1171 563 instituta
1206 522 1491 562 sacramenta,

262 599 413 654 partim
448 596 527 640 sub
554 596 642 651 lege
676 594 876 643 naturali,
901 591 1053 648 partim
1078 589 1158 634 sub
1185 588 1358 643 scripta,
1386 598 1486 641 par-

261 672 335 712 tim
358 671 399 712 in
417 675 603 725 tempore
625 667 786 722 gratiae,
813 665 855 708 in
878 664 1034 720 quibus
1057 674 1178 705 suam
1194 671 1292 704 esse
1312 658 1494 703 salutem

260 742 500 790 confitetur,
516 751 738 795 quousque
756 738 847 794 ipse
869 747 998 780 verus
1018 733 1212 777 Salvator
1230 738 1271 774 et
1293 731 1335 773 in
1355 730 1494 786 primo

261 814 441 857 adventu
462 812 671 868 apparuit,
689 812 732 853 in
755 820 842 868 quo
887 809 932 851 in
952 819 1028 850 ara
1049 806 1193 850 crucis
1219 803 1496 858 semetipsum

261 886 498 934 immolans.
523 895 694 927 carnem
723 894 845 927 stiam
869 881 994 924 nobis
1028 879 1072 923 in
1094 878 1237 923 cibum
1258 882 1303 922 et
1324 876 1497 932 sangui-

262 967 356 999 nem
379 955 422 997 in
444 959 588 1010 potum
611 951 885 997 ministravit.
903 950 957 999 Et
979 951 1022 994 in
1046 948 1235 993 seeundo
1258 947 1495 1004 apparebit,

259 1026 431 1083 quando
455 1025 551 1070 linis
577 1026 675 1077 erit,
695 1038 794 1069 eum
818 1023 954 1068 tradet
977 1036 1144 1080 requam
1180 1021 1264 1064 Deo
1292 1029 1330 1064 et
1354 1020 1473 1062 Patri
1481 1032 1495 1072 ,·

262 1107 301 1141 et
318 1097 426 1141 Dens
438 1100 515 1142 erit
535 1096 673 1141 omnio
690 1098 732 1140 in
751 1095 938 1140 omnibus
957 1094 998 1152 (1
1017 1094 1114 1139 Cor.
1135 1106 1206 1145 xv,
1223 1093 1314 1150 st),
1330 1098 1377 1136 ut
1395 1103 1498 1135 con-

264 1170 424 1214 serente
444 1170 537 1226 ipso
570 1170 693 1215 nobis
724 1169 1027 1225 sempiternam
1063 1165 1384 1215 beatitudinem,
1410 1174 1501 1208 ces·

263 1249 357 1288 sent
380 1251 422 1288 et
443 1246 617 1287 omnino
639 1239 852 1294 desinant,
874 1253 963 1285 non
991 1239 1128 1286 solum
1150 1250 1246 1295 quae
1277 1243 1376 1282 ante
1399 1241 1490 1294 pri·
1517 1217 1546 1262 Β

262 1329 378 1359 ιιιιιιιι
395 1316 487 1371 ejus
503 1316 727 1360 adveutum
742 1320 882 1364 erant.
895 1313 1186 1371 promittentia
1206 1310 1489 1357 Salvatorem,

263 1389 339 1434 sed
376 1395 419 1433 et
455 1402 548 1445 quae
580 1396 675 1445 post
719 1387 954 1433 secundum
982 1392 1083 1431 sunt
1111 1384 1189 1443 [al.
1219 1382 1490 1440 promittunt]

264 1460 388 1504 modo
432 1461 628 1507 salutem.
659 1460 780 1504 Tune
817 1473 899 1503 non
938 1459 982 1503 in
1014 1455 1258 1502 Proverbiis
1296 1455 1495 1512 loquetur

265 1534 401 1581 nobit.
428 1533 503 1578 sed
525 1533 659 1589 palam
680 1532 734 1577 de
751 1532 875 1577 Patre
889 1532 1159 1575 annuntiabit
1193 1529 1316 1573 nobis
1350 1527 1490 1584 (Joan.

263 1605 453 1661 uuas).
484 1604 569 1648 Nec
599 1605 679 1649 sub
703 1605 910 1649 velamine
923 1608 1291 1648 sacramentorum
1321 1599 1494 1645 accedet

263 1676 316 1719 ad
339 1689 434 1727 nos,
454 1677 554 1733 quia
579 1675 799 1721 videbimus
815 1690 908 1720 eum
924 1677 1030 1732 [acie
1053 1675 1107 1718 ad
1129 1674 1306 1731 [acienu
1323 1683 1360 1717 et
1385 1672 1495 1717 vide·

265 1745 396 1790 bimus
411 1761 503 1790 eum
526 1748 720 1791 ricmiest
736 1746 778 1802 (1
796 1747 892 1791 Cor.
911 1760 1007 1798 xm,
1032 1745 1251 1800 12;Ιυαη.
1275 1757 1342 1796 ιιι,
1371 1744 1431 1800 2).

319 1817 384 1861 nl.
413 1818 520 1872 Quia
543 1832 643 1863 vero
669 1830 754 1862 non
777 1818 827 1862 ad
853 1825 1009 1863 statum
1034 1819 1217 1875 pertinet
1251 1817 1492 1870 ambulare,

265 1889 340 1934 sed
361 1890 412 1933 ad
437 1895 615 1941 motum,
640 1904 768 1946 super
804 1903 938 1946 aquas
962 1890 1267 1947 redemptionis
1287 1887 1422 1937 Judae,
1451 1894 1496 1932 ut

264 1961 404 2005 veniat
423 1962 464 2005 in
482 1961 739 2012 Bethlehem,
761 1961 965 2007 Dominus
987 1963 1191 2006 ambulat.
1213 1961 1321 2015 Quia
1338 1973 1498 2017 quous·

264 2045 347 2090 que
369 2046 416 2079 se
438 2035 481 2077 in
502 2046 631 2077 carne
652 2033 947 2079 manifestaret
970 2033 1106 2079 Filius
1127 2033 1217 2088 Dei,
1249 2045 1494 2077 sacramen-

266 2112 405 2150 torum
441 2119 535 2163 quae
555 2106 756 2151 Ecclesiae
777 2108 1104 2165 praefigurabant
1132 2106 1495 2164 redemptionem;

268 2177 350 2222 alia
371 2190 449 2234 pro
466 2179 575 2230 aliis,
598 2186 722 2236 prout
738 2180 849 2224 ratio
869 2180 1112 2237 postulavit,
1131 2181 1327 2230 mutavit,
1351 2185 1394 2223 et
1413 2179 1496 2222 alia

267 2249 495 2306 aliiaJuxta
519 2264 673 2297 cursus
695 2259 933 2310 temporum
949 2260 992 2298 et
1016 2255 1149 2298 series
1170 2254 1494 2310 generationum
1516 2283 1551 2331 c

268 2324 498 2368 succedere
534 2323 646 2369 fecit.
678 2324 847 2371 Elevate
881 2327 1029 2371 oculos
1066 2331 1249 2382 vestros,
1281 2332 1324 2371 et
1355 2326 1494 2370 videte

268 2395 482 2450 quomodo
519 2395 739 2449 Dominus,
778 2409 1001 2454 quousque
1042 2397 1086 2441 in
1126 2404 1316 2454 tempore
1349 2398 1495 2454 gratiae

270 2468 383 2510 venit
406 2469 447 2510 in
471 2467 738 2523 Bethlehem,
770 2477 962 2528 tempore
997 2475 1176 2523 naturae,
1193 2478 1236 2515 et
1258 2472 1365 2528 legis
1387 2471 1497 2515 scri-

270 2545 366 2593 ptae,
390 2551 521 2596 super
555 2554 689 2598 aquas
727 2543 1030 2601 redemptionis
1071 2542 1192 2588 Judae
1236 2543 1494 2588 ambulabat.

272 2607 409 2653 Pauca
452 2611 624 2667 quidem
659 2613 740 2657 sub
771 2619 923 2658 natura
954 2620 1220 2660 sacramenta
1252 2614 1497 2666 instituens,

269 2685 311 2726 rt
346 2694 395 2726 ea
440 2682 518 2727 sub
553 2683 643 2741 lege
683 2686 841 2743 scripta
868 2685 1185 2744 'miiitiplicans‚
1217 2701 1438 2745 quousque
1476 2701 1500 2733 a

272 2758 393 2822 porta
418 2766 512 2811 quae
534 2758 708 2813 respicit
732 2758 783 2803 ad
807 2758 1021 2804 Orientem
1045 2759 1220 2807 veniens
1259 2761 1503 2811 Bethlehem

274 2826 483 2878 introiret,
508 2843 582 2886 per
603 2831 810 2888 virginem
838 2833 1035 2878 videlicet
1053 2836 1095 2878 in
1114 2847 1242 2880 carne
1273 2848 1500 2892 apparens,

274 2898 505 2946 Ecclesiam
541 2916 616 2960 per
637 2906 760 2950 sidem
783 2907 1057 2961 inhabitaret,
1096 2909 1272 2966 jamque
1298 2910 1441 2967 ligurae
1462 2922 1506 2958 et

275 2972 394 3028 signa
414 2983 648 3026 cessarent,
666 2984 708 3021 et
732 2990 800 3022 res
825 2979 932 3034 ipsa,
959 2986 1086 3036 atque
1109 2982 1267 3027 veritas
1293 2995 1506 3039 apparens

278 3053 484 3102 regnaret.
529 3047 689 3105 ltaque,
729 3051 976 3107 priusquam
1008 3053 1052 3096 in
1093 3053 1337 3099 Bethlehem
1372 3057 1504 3107 venit,

276 3128 404 3176 nuper
429 3130 559 3175 aquas
581 3121 885 3178 redemptionis
912 3122 1031 3167 Judae
1055 3125 1312 3177 ambulavit;
1337 3133 1380 3169 at
1402 3139 1504 3172 vero

277 3195 502 3250 postquam
541 3191 583 3236 in
617 3192 859 3239 Bethlehem
889 3197 1019 3247 venit,
1059 3203 1261 3253 tanquam
1300 3200 1343 3243 in
1381 3201 1508 3244 domo

278 3261 463 3318 propria,
490 3264 606 3308 omni
638 3266 728 3322 jam
756 3267 982 3329 suavitatis
1022 3268 1253 3315 refectione
1281 3272 1406 3328 plena
1440 3285 1509 3319 re·

278 3333 475 3389 quleseit.

332 3402 400 3448 lv.
430 3403 518 3450 lloc
540 3415 636 3451 esse
657 3407 859 3460 arbitror,
882 3408 1024 3466 quod
1014 3424 1058 3455 m
1079 3413 1190 3456 libro
1213 3412 1375 3471 Regum
1402 3417 1506 3473 legi-

278 3482 347 3519 tur
373 3476 533 3521 dixisse
571 3477 775 3524 Dominus
800 3481 853 3524 ad
871 3480 1070 3529 Nathan:
1099 3483 1194 3528 Non
1216 3485 1450 3535 habitavi.
1440 3501 1506 3532 m-

277 3550 385 3603 quit,
403 3549 444 3591 in
463 3548 582 3593 άοιιιο
604 3564 631 3594 ιι
651 3550 718 3595 die
737 3565 819 3608 qua
859 3554 984 3599 edua-i
1004 3555 1113 3611 filios
1136 3557 1273 3602 Israel
1309 3561 1359 3604 de
1374 3561 1507 3605 medio

280 3614 469 3675 Egypt&
486 3620 570 3676 65
594 3620 663 3665 red
685 3623 891 3668 ambulavi
914 3628 955 3669 in
978 3627 1243 3675 tabernaculo
1270 3639 1310 3675 et
1334 3636 1505 3678 teneti-io

278 3701 350 3745 per
389 3700 535 3734 cuncta
572 3692 662 3736 loca
697 3709 788 3751 quoe
818 3700 1021 3751 transui,
1049 3714 1141 3744 cum
1177 3703 1364 3748 omnibus
1405 3706 1505 3760 filiis

285 3759 418 3805 Israel
455 3762 526 3818 (11
551 3764 646 3821 [leq.
695 3779 778 3817 vn,
819 3769 878 3823 6).
913 3770 1009 3816 Dies
1034 3787 1115 3828 qua
1146 3774 1255 3821 lilios
1291 3775 1419 3821 lsrael
1453 3791 1506 3822 ex

283 3833 466 3891 AEssypto
494 3837 655 3887 eduxit,
679 3838 853 3884 claritas
881 3841 954 3899 [al.
978 3845 1204 3904 claritatis]
1242 3854 1308 3893 est
1342 3851 1503 3904 grathe,

282 3916 367 3959 qua
402 3906 558 3952 electos
588 3921 707 3960 suos,
739 3923 848 3967 quos
888 3926 965 3957 sua
1010 3916 1054 3959 in
1098 3923 1305 3963 aeternum
1340 3921 1507 3966 visione

284 3974 586 4022 beatificandos
604 3981 935 4038 praedestinavit,
957 3988 1153 4040 visitans,
1175 3990 1226 4034 de
1249 3993 1437 4037 tenebris
1455 3994 1508 4036 il-

286 4045 338 4090 lis
358 4051 561 4101 extraxit:
586 4063 692 4106 quas
722 4065 795 4108 per
830 4065 1049 4110 peccatum
1073 4061 1199 4115 primi
1227 4066 1432 4118 parentis,
1465 4072 1508 4111 et

283 4123 668 4177 permortalitatem
687 4125 729 4168 in
747 4138 941 4183 corpore,
964 4138 1002 4174 et
1018 4146 1093 4188 per
1110 4134 1375 4190 iniquitatem
1400 4153 1505 4184 con·

284 4196 530 4236 traxerunt
522 4209 563 4237 ιιι
582 4203 735 4242 mente.
758 4198 951 4244 Statim
928 4205 1039 4247 enim
1065 4213 1162 4262 post
1192 4215 1428 4264 peceatum,
1455 4226 1508 4257 ex

286 4270 370 4316 quo
392 4264 611 4309 calamitis
633 4269 778 4324 coepi,t
802 4276 845 4314 et
876 4272 966 4327 ipse
999 4287 1073 4319 cos
1105 4276 1183 4320 hac
1229 4282 1363 4336 gratia
1405 4297 1443 4325 vi
1435 4284 1508 4328 si-

287 4340 376 4389 (με
413 4338 553 4391 coepit,
594 4336 760 4385 infirmo
794 4341 952 4388 homini
995 4338 1247 4395 medicinam
1289 4355 1330 4397 in
1364 4366 1506 4399 sacra-

1141 59 1310 104 Anam
1341 53 1696 103 PuAEatousTu
1702 50 1932 96 ATENSlS

1568 1307 1703 1352 Judae.

1533 3347 1567 3390 1)
1590 3337 1835 3393 exprimunt
1866 3339 2178 3395 reproborum,
2209 3340 2324 3384 sieut
2353 3341 2412 3385 ait
2448 3346 2626 3387 sanctus
2661 3315 2817 3399 Davi

1572 150 1729 195 mentis
1745 146 1944 195 diversis.
1973 145 2101 200 prout
2123 140 2233 187 ratio
2262 138 2504 196 expetebat,
2529 144 2794 198 praeparav
2879 143 2883 150 '

1570 221 1652 264 alia
1689 219 1770 263 sub
1796 223 1990 266 natura,
2026 213 2109 256 alia
2147 212 2228 254 sub
2273 211 2394 267 lege:
2426 211 2597 256 diversa
2637 213 2797 270 quid
2877 270 2882 278 .

1570 298 1776 352 quantum
1795 290 1847 333 ad
1869 287 2085 346 speciem,
2110 284 2165 328 ad
2182 295 2312 328 unam
2338 268 2483 328 tamen
2501 285 2720 330 tendentia
2752 294 2777 316 s
2790 320 2810 334 ,
2876 280 2883 323 ἴ

1572 367 1766 410 nitatem.
1791 361 1879 405 illis
1914 365 2056 403 autem
2091 356 2360 412 temporibus
2395 357 2622 402 necdum
2608 371 2657 421 in
2687 358 2777 404 do
2881 379 2883 409 ς

1573 435 1795 487 habitavit,
1830 434 1912 477 hoc
1947 437 2015 476 est
2051 429 2240 480 nondum
2268 427 2323 472 ad
2354 429 2603 474 Bethlehem
2634 430 2788 476 sanci&

1572 521 1667 566 quae
1688 520 1802 554 nunc
1822 513 1908 558 est,
1933 504 2138 548 Ecclesiae
2153 503 2287 554 venit,
2305 502 2383 547 sed
2411 504 2659 548 ambulabat
2683 505 2728 549 in
2760 526 2769 537 ν

1574 582 1808 627 bernaculo
1825 587 1868 624 et
1888 579 2077 624 tentorio
2094 590 2171 635 per
2191 584 2350 622 cuncta
2371 578 2467 622 loca
2490 591 2584 635 qum
2598 579 2773 644 transis
2878 624 2879 633 2

1574 655 1737 699 homini
1758 653 1960 698 videlicet
1980 651 2305 707 appropiquans
2321 650 2366 694 in
2381 651 2682 705 sacramentis,
2705 665 2735 711 q
2776 674 2798 699 ι.
2876 675 2880 698 τ

1574 739 1669 771 rum
1692 725 1885 782 quaedam
1909 735 1990 768 suo
2023 727 2216 778 tempore
2239 729 2536 773 cessaverunt,
2555 729 2599 768 et
2622 724 2706 768 alia
2731 725 2791 778 il,¹
2878 712 2880 720 ’

1576 813 1652 857 pro
1668 800 1752 846 illis
1766 802 2084 842 successerunt.
2100 794 2221 838 Sicut
2236 796 2559 839 tabernaculum
2579 803 2708 854 atque
2723 786 2793 846 teti

1577 873 1730 916 lorium
1754 870 1930 916 stabiles
1958 867 2206 912 mansiones
2228 881 2315 911 non
2344 874 2461 920 sunt,
2487 869 2563 913 sed
2581 869 2634 915 de
2651 870 2773 916 loco'
2796 891 2801 909 ι

1577 944 1718 989 iocum
1753 941 2160 993 transferuntur,et
2183 939 2243 984 ibi
2277 940 2548 984 solummodo
2580 940 2727 986 haberi
2827 978 2830 982 .

1578 1018 1681 1070 ient,
1705 1015 1776 1059 ubi
1797 1013 1952 1059 domus
1967 1012 2163 1058 construi
2181 1023 2266 1055 non
2286 1018 2484 1070 possunt.
2505 1012 2558 1056 Et
2577 1014 2795 1071 pertransi

1578 1089 1639 1133 vit
1677 1090 1755 1132 hoe
1795 1087 1923 1132 modo
1956 1085 2065 1131 bene
2098 1085 2326 1138 faciendo,
2361 1091 2405 1132 et
2435 1086 2631 1132 sanando
2667 1100 2740 1131 om

1581 1172 1810 1217 oppressos
1854 1159 1878 1203 a
1907 1159 2081 1208 diabolo
2111 1156 2230 1215 (Act.
2254 1170 2298 1208 x,
2347 1156 2462 1215 58),
2481 1163 2592 1215 quos
2621 1156 2679 1203 ad
2708 1158 2810 1216 ban

1572 1237 1796 1281 sanitatem
1814 1233 1939 1291 elegit
1963 1233 2191 1299 ambulans
2207 1244 2338 1289 super
2353 1244 2490 1290 aquas
2510 1230 2807 1289 redemptioni
2871 1223 2873 1226 ⁴

1626 1381 1680 1427 V.
1712 1381 1794 1426 Sed
1832 1381 1974 1425 adhue
2022 1381 2122 1426 aliae
2166 1386 2326 1438 praeter
2369 1380 2448 1425 has
2490 1379 2535 1424 in
2581 1379 2794 1437 Scripturi
2870 1378 2879 1426 s

1572 1468 1692 1512 aqum
1729 1461 1855 1506 sunt,
1899 1468 2008 1511 quas
2032 1453 2367 1510 bibuntiuiqui,
2396 1453 2472 1498 sed
2513 1453 2796 1512 redemptioni
2875 1475 2877 1477 ·

1571 1526 1692 1571 Judae
1707 1539 1794 1572 nou
1818 1532 1934 1578 sunt,
1967 1525 2164 1571 sedsunt
2192 1525 2447 1583 perditionis
2477 1524 2694 1572 Damasei.
2712 1524 2808 1585 Qui
2873 1534 2879 1581 'f

1572 1611 1841 1656 nequaquam
1869 1598 1992 1645 electi
2026 1599 2072 1642 in
2105 1598 2170 1644 eis
2210 1598 2461 1651 abluuntur,
2499 1603 2549 1642 ut
2585 1599 2804 1654 salventur
2874 1590 2877 1650 ἕ

1574 1672 1683 1716 sed
1673 1672 1795 1717 meis
1813 1670 1979 1728 reprobi
1999 1671 2143 1728 potius
2169 1669 2511 1728 demerguntur,
2541 1678 2589 1717 ut
2621 1669 2800 1743 οοΜΨ

1574 1750 1744 1790 nentur
1784 1744 1893 1790 Sunt
1924 1747 2052 1791 etiam
2085 1745 2213 1802 quasi
2253 1743 2452 1802 quaedam
2490 1757 2614 1802 aquae
2647 1757 2797 1806 pecc

1576 1821 1737 1868 nostra,
1764 1830 1857 1872 quoe
1882 1817 2009 1861 nobis
2024 1804 2235 1861 Dominus
2253 1828 2329 1872 per
2350 1817 2650 1873 poenitentiam
2674 1816 2828 1911 remit
2873 1807 2877 1845 3

1575 1888 1643 1940 tit,
1667 1888 1781 1932 sieut
1808 1889 2028 1946 legimus
2018 1901 2061 1933 ιιι
2098 1888 2278 1940 Genesi,
2299 1890 2416 1946 quod
2447 1889 2622 1945 spiritus
2657 1889 2750 1934 Do

1573 1958 1782 2014 ferebatur
1818 1972 1940 2015 super
1966 1973 2097 2017 aquas
2131 1958 2316 2017 (Genes.
2338 1971 2369 2013 ι,
2411 1958 2503 2019 2),
2547 1959 2667 2016 quia
2687 1970 2745 2004 m
2744 1937 2873 2015 ἢ

1574 2037 1642 2076 est
1662 2031 1755 2087 ejus
1777 2033 1862 2089 p1et
1866 2045 1939 2084 ts
1967 2046 2097 2090 quam
2124 2042 2272 2078 nostra
2307 2033 2534 2090 iniquitas.
2560 2031 2614 2076 Et
2636 2024 2809 2086 citari
2762 2014 2798 2035 ”
2824 2014 2875 2072 3.

1575 2102 1671 2158 ejus
1704 2103 1844 2163 operit
1888 2103 2210 2153 multitudinem
2255 2110 2534 2161 peccatorum
2574 2090 2827 2178 nostrorug

1579 2171 1629 2231 (Ι
1677 2173 1792 2217 Patr.
1830 2187 1901 2227 iv,
1947 2174 2025 2233 8).
2076 2174 2276 2221 Scientiae
2313 2189 2486 2234 quoque
2526 2176 2702 2227 haereti
2688 2196 2733 2218 ι
2828 2155 2872 2223 ss

1579 2258 1700 2302 aqu‘e
1725 2253 1849 2299 sunt,
1875 2254 1922 2291 ut
1941 2247 2134 2293 dieitur
2123 2261 2167 2291 m
2187 2248 2431 2305 parabolis;
2456 2248 2574 2304 quod
2593 2244 2714 2306 aqna?
2732 2231 2823 2358 [ζ-Ξῂ*

1575 2320 1669 2363 tiva.
1706 2319 1910 2364 dulciores
1942 2329 2040 2365 sunt
2074 2320 2234 2380 (Prov.
2280 2334 2342 2373 11,
2389 2321 2490 2378 17).
2509 2321 2620 2375 Quia
2659 2319 2777 2365 dul
2870 2372 2872 2384 ⁴

1574 2403 1646 2440 res
1671 2404 1767 2437 esse
1787 2393 1990 2438 videntur
2013 2394 2227 2450 reprobis,
2254 2393 2436 2439 occultae
2451 2391 2646 2439 scientiae
2663 2389 2719 2438 h·
2792 2420 2795 2422 >
2805 2399 2826 2416 “
2871 2406 2872 2410 ’

1574 2476 1741 2515 corum,
1759 2478 1888 2522 quam
1905 2465 2162 2511 documenta
2187 2467 2544 2512 orthodoxorum.
2565 2466 2651 2516 Sed
2669 2473 2713 2518 et
2749 2475 2831 2523 «1²³
2867 2493 2871 2522 ¹

1575 2538 1821 2583 secutiones
1847 2549 2080 2596 pravorum
2110 2551 2234 2595 aquze
2268 2545 2395 2591 sun-t,
2418 2545 2466 2584 ut
2485 2540 2547 2584 ait
2572 2539 2751 2607 Psalmi
2819 2551 2830 2584 ἰ..
2867 2556 2871 2604 3

1577 2611 1690 2668 quod
1730 2611 1919 2667 [uvidauit
1954 2619 2112 2656 terram
2144 2625 2268 2669 snper
2299 2611 2712 2673 aqiaa(Psalc1n,.
2733 2600 2826 2674 51
2869 2627 2871 2642 ¹

1581 2685 1798 2730 roboravit
1832 2686 2030 2732 videlicet
2053 2685 2293 2732 Ecclesiam
2330 2699 2463 2745 super
2482 2689 2811 2746 persecutione.
2865 2694 2870 2759 f

2866 2815 2869 2860 1

2867 2870 2869 2899 ι

2867 2089 2873 2110 <

1582 2756 1718 2815 Aquae
1737 2760 1868 2808 etiam
1906 2759 2132 2806 instabiles
2165 2761 2451 2818 cogitationes
2477 2766 2605 2814 sunt,
2639 2760 2756 2808 unde
2798 2766 2835 2810 «ἢ.
2867 2798 2869 2805 ,

1582 2830 1770 2891 postulat
1804 2830 1920 2875 idem
1963 2829 2211 2883 Psalmista,
2234 2838 2283 2876 ut
2322 2832 2465 2876 liberet
2498 2845 2595 2877 eum
2622 2832 2675 2877 de
2710 2824 2837 2892 aqu¹

1583 2902 1725 2946 uiuitis
1750 2902 1904 2962 (Psat.
1938 2917 2092 2956 exam,
2139 2905 2216 2961 7).
2259 2905 2351 2949 Hoc
2380 2911 2446 2951 est
2483 2906 2538 2952 de
2569 2905 2772 2954 multis

1585 2975 1812 3028 stabilibus
1826 2977 2171 3033 cogitationibus.
2194 2977 2420 3035 Peraquas
2443 2979 2738 3024 blandimenta
2782 2942 2853 3043 {⁸

1586 3046 1770 3102 cipimus
1787 3049 2090 3101 tentationum,
2117 3050 2229 3095 sieut
2247 3051 2308 3094 ait
2325 3057 2504 3097 sanctus
2519 3049 2617 3106 Job,
2633 3051 2815 3129 ςιιΜὴς

1585 3118 1700 3173 pides
1717 3128 1916 3164 excavant
1952 3133 2070 3178 aqua»
2093 3119 2211 3181 (Iob
2245 3122 2595 3180 xrv,l'1),pro
2630 3132 2684 3169 eo
2699 3110 2797 3187 qv}

1588 3191 1719 3236 sortes
1750 3194 1879 3244 etiam
1914 3206 2223 3252 nonnunquam
2247 3195 2365 3240 viros
2392 3197 2679 3241 tentationum
2707 3194 2779 3241 b

1588 3264 1778 3309 dimenta
1806 3267 2046 3312 emolliunt
2087 3267 2222 3325 Aquae
2255 3267 2539 3314 nibilominus
2591 3267 2749 3334 volup

1584 3412 1781 3454 convertit
1828 3426 1958 3468 aquas
1998 3426 2143 3457 eorum
2181 3412 2225 3457 in
2263 3409 2508 3471 sanquinem
2545 3414 2699 3475 (Psoi,
2730 3426 2757 3460 c

1585 3480 1673 3536 29),
1693 3481 1795 3537 quia
1823 3482 2031 3533 Dominus
2049 3496 2360 3542 nonnunquam
2389 3487 2526 3532 malas
2548 3498 2671 3544 repre,
2665 3485 2805 3555 bor
2852 3543 2853 3547 Ἰ

1584 3553 1858 3609 voluptates·
1849 3568 1892 3598 ιιι
1916 3555 2246 3601 amaritudinem
2266 3558 2479 3614 perducit.
2502 3557 2647 3608 Poenae
2662 3571 2749 3616 qu
2758 3564 2810 3608 ι·’
2853 3597 2856 3618 3,

1585 3626 1816 3672 infernales
1835 3641 1908 3684 per
1922 3641 2058 3685 aquas
2085 3629 2383 3687 designantur,
2397 3631 2607 3689 utlcgitur
2618 3632 2678 3676 de
2720 3618 2845 3697 sagi-,²-

1585 3700 1701 3755 ptiis,
1727 3699 1931 3744 submersi
1969 3709 2067 3746 runt
2101 3703 2224 3760 qnasi
2249 3703 2463 3760 piumlmm
2490 3705 2534 3751 in
2568 3705 2688 3763 aquis
2717 3717 2787 3750 re
2827 3740 2841 3754 ι

1587 3770 1785 3814 vitentibus
1811 3770 1964 3826 (Exod.
1989 3787 2059 3826 xv,
2087 3775 2183 3832 ¹0);
2222 3771 2266 3821 id
2294 3783 2360 3822 est
2393 3785 2575 3822 ruerunt
2596 3777 2815 3834 pandet
2812 3768 2845 3822 ’s

1586 3850 1831 3899 peccatores
1862 3846 1906 3889 in
1947 3848 2087 3903 poenis
2117 3848 2418 3895 infernalibus.
2464 3850 2555 3903 lle,
2587 3858 2631 3896 ct
2664 3851 2718 3896 si
2735 3862 2781 3916 q
2827 3899 2853 3905 ,

1586 3916 1631 3960 in
1669 3917 1784 3961 hunc
1824 3921 1998 3964 modum
2040 3934 2162 3979 aquoe
2199 3929 2322 3976 sunt,
2351 3924 2405 3968 ad
2428 3924 2610 3972 Abanan
2642 3927 2722 3969 et·

1586 3989 1695 4045 phar
1732 3990 1884 4038 ῦιιιίοει
1928 3993 2122 4040 Damasci
2160 3996 2379 4052 pertinent
2404 3996 2502 4055 (tv
2527 3996 2627 4055 1329.
2652 4011 2696 4052 v,
2717 3993 2834 4057 ¹2)
2858 3989 2859 4004 ³

1587 4065 1633 4104 et
1655 4074 1743 4105 non
1770 4064 1822 4106 ad
1847 4076 1982 4120 aquas
2005 4067 2316 4125 redemptionis
2334 4066 2471 4115 Iudae.
2817 4088 2846 4147 (Γ,

1647 4131 1724 4178 ·.v1
1761 4131 1844 4180 Sed
1863 4143 1964 4181 sunt
1986 4145 2028 4182 et
2045 4140 2141 4184 aliae
2170 4143 2310 4197 aquae,
2327 4153 2437 4199 quas
2461 4148 2660 4198 spectare
2678 4138 2734 4185 acl
2762 4133 2844 4212 rof

1586 4195 1871 4280 demptionem
1903 4210 2022 4256 Judae
2071 4225 2159 4257 non
2197 4212 2415 4258 immerito
2450 4213 2657 4267 dixerim,
2713 4206 2844 4294 εἰοιιξ

1587 4264 1801 4331 suntin-e,
1816 4281 1869 4326 de
1891 4284 2049 4339 quibus
2071 4284 2229 4330 Psalmi
2234 4291 2323 4330 sta.
2347 4293 2537 4343 etaqnoe,
2560 4287 2715 4343 inquit.
2739 4285 2840 4350 quq

1588 4364 1710 4408 super
1747 4353 1919 4398 σαῖσι
1903 4363 1998 4400 sunt
2038 4355 2191 4415 (Psoi,
2216 4370 2427 4412 extitit,
2444 4358 2541 4417 t),
2570 4357 2614 4402 id
2649 4363 2715 4402 est
2749 4369 2853 4442 tutt-1¹
