2924 4588
343 59 446 106 1591

342 223 409 275 vel
440 221 593 266 chilias
618 223 886 278 intelligitur.
903 223 955 266 «In
979 226 1127 268 cadem
1155 236 1325 280 quoqne
1357 228 1575 274 senectus,

342 298 383 336 et
412 278 645 349 decrefflta‘.
687 294 891 338 identitas
931 294 1143 350 siquidem
1184 294 1350 339 denarii
1386 290 1578 338 camdem

345 368 668 420 perpetuitatem
692 358 829 408 notsst.
856 363 1024 408 Nullids
1049 367 1161 408 enim
1195 366 1280 407 vita
1312 365 1370 408 ibi
1408 364 1579 408 brevior

344 441 417 478 aut
451 437 611 492 largior
642 438 725 479 erit
764 438 862 489 alia,
888 424 963 481 sc'd
992 437 1105 481 idem
1145 452 1159 477 ‹
1203 436 1317 481 Deus
1352 437 1496 480 omnia
1534 437 1576 478 in

343 509 543 553 omnibus
567 503 621 564 (P
641 508 740 553 Cor.
761 509 851 567 xv),
877 523 891 550 ι
914 515 1088 554 notatur
1113 510 1157 552 in
1177 521 1243 553 ea.
1273 509 1330 552 Dc
1357 520 1578 551 murmure

343 594 442 624 vero
483 581 779 637 recipientium
814 583 899 626 dici
942 587 1099 638 potest,
1125 583 1226 637 quia
1268 582 1327 625 ibi
1367 594 1454 625 non
1495 581 1578 625 erit

343 663 538 695 murmur
556 653 856 704 invidentium,
875 655 950 698 sed
976 654 1279 696 admirantium
1296 653 1349 697 de
1370 653 1579 709 magnitu-

342 725 441 768 dine
460 725 638 780 praemii.
661 724 777 770 Solet
799 728 913 770 enim
935 738 1131 770 murmur
1153 726 1411 782 quandoque
1434 726 1573 781 accipi

340 810 417 853 pro
437 797 687 843 confusione
708 811 879 844 vocum.
894 799 969 843 Vel
986 806 1128 855 potest
1147 800 1256 844 trabi
1286 812 1497 851 murmur,
1520 802 1574 844 ad

340 876 497 914 statum
538 878 806 927 praesenteut.
847 872 1130 929 Interrogatio
1173 887 1290 924 vcro,
1335 887 1412 917 cur
1448 887 1575 930 pares

338 940 510 985 fecisset
535 942 579 984 in
603 943 755 998 gloria,
794 943 848 987 ad
878 943 1086 988 futurum.
1110 943 1292 988 Causam
1318 946 1432 988 enim
1466 944 1576 988 dila·

337 1012 466 1056 tionis
494 1013 653 1058 Christi
679 1026 703 1057 a
726 1015 876 1070 gloria,
901 1027 982 1071 pro
1013 1029 1096 1071 qua
1131 1023 1363 1072 potuerunt
1382 1029 1574 1059 murmu-

336 1097 433 1129 rare
456 1088 635 1143 antiqui,
661 1094 764 1132 tunc
801 1088 973 1133 demum
1009 1091 1161 1143 scient,
1186 1103 1313 1145 quain
1354 1104 1574 1147 nunqnam

337 1159 570 1212 sciverunt,
593 1162 760 1206 scilicet
781 1174 835 1207 nc
857 1163 951 1207 sine
973 1162 1095 1207 vobis
1112 1162 1467 1220 glorificarentur.
1487 1164 1572 1206 Ad-

337 1230 608 1277 mirationem
642 1238 802 1285 autem,
841 1233 990 1278 eadem
1025 1234 1078 1278 de
1116 1247 1246 1287 causa
1276 1236 1462 1291 cognita,
1503 1249 1574 1280 ex-

333 1303 491 1357 pressit
523 1301 730 1349 Dominus
756 1305 841 1349 sub
862 1306 1201 1362 interrogative:
1233 1323 1246 1348 ι
1285 1307 1440 1352 Annon
1475 1308 1575 1352 licet

333 1373 437 1416 mihi
461 1374 602 1419 facere
621 1376 734 1433 quod
767 1377 894 1421 volo?
927 1393 941 1418 »
970 1377 1073 1422 Post
1106 1380 1369 1424 concludens
1390 1382 1574 1437 parabo-

335 1446 417 1489 lani
440 1447 499 1490 ait
524 1463 533 1491 :
563 1463 580 1488 c
619 1448 691 1492 Sic
721 1455 848 1493 erunt
868 1450 1090 1495 novissimi
1113 1453 1257 1508 primi,
1277 1459 1318 1497 et
1338 1454 1463 1510 primi
1494 1467 1573 1498 no-

334 1521 517 1571 vissimi,
544 1536 560 1562 ι
582 1520 623 1564 id
648 1527 714 1566 est
729 1521 865 1567 Judaei
888 1529 929 1568 et
956 1531 1105 1579 gentes
1126 1526 1409 1581 aequabuntur
1439 1527 1482 1570 in
1506 1527 1574 1571 in-

334 1599 483 1646 gressu
506 1593 627 1649 regni
659 1593 884 1646 coelorum,
911 1596 1011 1651 quia
1035 1597 1181 1642 nullus
1209 1598 1403 1652 intravit,
1436 1613 1573 1655 usque

334 1664 375 1705 iu
415 1665 639 1719 septimam
682 1671 851 1711 aetatem
895 1670 1232 1723 quiescentium,
1277 1683 1371 1726 qnae
1422 1672 1572 1728 incipit

331 1737 456 1791 plene
486 1738 530 1780 in
560 1739 849 1784 ascensione‘.
872 1739 918 1782 ln
941 1744 1255 1787 resurrectIOne
1281 1757 1453 1802 quoque
1473 1757 1573 1789 cor-

331 1820 499 1862 porum.
519 1810 642 1854 electi
674 1811 968 1867 cujuscunque
990 1815 1144 1864 aetatis,
1164 1815 1229 1858 vel
1253 1818 1476 1871 temporis,
1501 1818 1567 1861 vel

330 1880 531 1935 bominis,
556 1885 855 1941 aequabuntur,
880 1886 962 1929 nisi
998 1885 1107 1931 sorte
1138 1889 1263 1943 pauci
1297 1895 1396 1934 ante
1421 1903 1561 1934 resur-

331 1955 536 2007 rexerint,
568 1956 690 2012 quasi
726 1958 979 2014 priviiegiati
1006 1975 1016 2003 :
1051 1961 1226 2016 quidam
1254 1968 1416 2014 tamen,
1454 1963 1569 2019 quod

330 2028 373 2069 in
396 2028 476 2071 hac
499 2029 702 2083 parabola
735 2030 889 2086 legitur
916 2046 926 2075 :
956 2046 971 2071 ι
995 2031 1056 2076 An
1076 2034 1228 2077 oculus
1263 2040 1364 2078 tuus
1386 2048 1569 2091 nequam

329 2099 423 2143 est?
447 2116 463 2142 i
502 2102 607 2145 etin
642 2101 725 2147 fine
752 2118 762 2147 :
791 2118 806 2144 ι
845 2104 966 2147 Multi
992 2112 1093 2150 sunt
1123 2108 1278 2157 vocati,
1302 2109 1427 2163 pauci
1467 2122 1571 2155 vero

328 2169 471 2221 elect-i,
504 2186 519 2213 ι
546 2170 694 2215 dicunt
716 2173 960 2219 laborantes
998 2176 1040 2218 in
1065 2177 1205 2229 vinea,
1239 2191 1389 2223 omnes
1426 2181 1572 2226 fideles

330 2241 628 2298 cujuscunque.
664 2247 870 2301 temporis
894 2248 957 2291 vel
992 2249 1158 2303 aetatis3
1185 2262 1369 2306 quorum
1394 2251 1570 2307 quidam

331 2312 447 2363 boni,
473 2314 545 2357 alii
586 2327 689 2359 vero
727 2318 846 2369 mali,
883 2325 925 2362 et
959 2326 1130 2373 vocant,
1169 2323 1432 2382 accipientes
1470 2336 1568 2367 cum

332 2396 568 2436 murmure,
591 2388 744 2439 malos,
765 2395 967 2443 putantes
1009 2400 1056 2435 se
1096 2393 1194 2447 plus
1220 2400 1492 2450 accepturos,
1527 2400 1570 2439 et

329 2457 430 2512 quia
452 2459 620 2514 priores
655 2459 830 2504 suerunt
856 2461 900 2504 in
935 2461 1145 2515 Ecclesia,
1170 2466 1235 2508 vel
1273 2473 1479 2522 tempore,
1503 2467 1571 2510 vel

330 2526 555 2589 dignitate,
579 2535 708 2579 etiam
751 2536 848 2591 plus
888 2537 986 2581 aliis
1019 2526 1291 2595 accepturos.
1315 2540 1375 2586 Dc
1412 2544 1571 2598 quibus

329 2604 541 2660 Propheta
564 2606 667 2651 dicit
692 2623 702 2651 :
740 2624 754 2648 ι
784 2608 946 2656 Cadent
971 2623 996 2654 a
1025 2611 1158 2655 latere
1183 2619 1256 2656 tuo
1280 2613 1412 2665 mille,
1433 2621 1475 2658 ct
1498 2615 1572 2659 de-

331 2683 423 2720 cem
448 2677 581 2720 millia
604 2690 628 2720 a
655 2679 819 2723 dextris
847 2681 935 2725 tuis
957 2680 1096 2739 (Psat.
1121 2683 1207 2740 xc).
1247 2699 1261 2725 ι
1290 2683 1340 2727 Et
1366 2684 1574 2730 Dominus

331 2746 375 2788 in
405 2747 636 2805 Evangelio
669 2750 774 2794 dicit
806 2763 853 2796 se
881 2754 1098 2797 dicturum
1118 2757 1314 2801 talibus:
1355 2771 1371 2798 ι
1415 2757 1573 2802 Nescio

330 2828 407 2864 vos
430 2819 601 2876 (Mateta.
624 2824 743 2880 xxv).
764 2839 779 2866 ι
799 2823 1006 2877 Quamvis
1017 2827 1145 2870 etiam
1164 2827 1216 2871 dc
1239 2829 1402 2873 eisdem
1428 2829 1573 2873 videa-

331 2897 403 2935 tur
430 2903 572 2937 sermo
595 2894 703 2946 fleri,
729 2896 773 2939 id
811 2903 878 2940 est
899 2896 952 2943 de
986 2899 1299 2956 accipientibus
1326 2901 1570 2953 denarium,

330 2968 497 3008 tantum
521 2962 758 3011 secundum
785 2970 1165 3025 regulam‘Ciconii
1206 2974 1259 3017 de
1297 2974 1480 3018 diversis
1514 2975 1573 3019 ibi

335 3034 491 3093 agitur,
517 3039 681 3083 scilicet
706 3040 758 3083 de
789 3043 1098 3097 accipientibus
1125 3051 1167 3088 et
1199 3058 1285 3089 non
1323 3047 1574 3102 accipienti-

335 3102 432 3158 bus,
482 3110 558 3153 sed
582 3111 832 3164 putantibus
863 3125 909 3157 sc
948 3121 1219 3169 accepturos,
1247 3116 1322 3159 sed
1350 3130 1464 3160 nunc
1493 3130 1573 3161 nec

332 3181 561 3235 putabunt,
592 3195 670 3226 nec
696 3185 921 3240 accipient.
949 3186 1022 3230 Vel
1056 3193 1310 3242 potestesse
1337 3191 1570 3245 syneresis,

333 3255 432 3309 quia
456 3255 492 3299 si
514 3256 666 3301 vellent
683 3258 806 3312 primi
837 3272 1102 3304 murmurare
1131 3267 1276 3317 posset
1308 3263 1572 3307 rationabili-

334 3331 400 3371 ter
421 3339 616 3379 murmur
634 3338 782 3373 eorum
807 3331 1048 3386 comprimi.

388 3397 574 3441 *Addicto
602 3401 641 3442 l.
678 3400 799 3453 Quod
838 3400 934 3444 licet
956 3404 1181 3458 incoeperit
1220 3418 1295 3460 per
1318 3416 1491 3451 causam
1529 3410 1572 3451 in

334 3471 548 3526 passione,
574 3479 715 3516 tamen
742 3482 1039 3518 consummata
1062 3476 1139 3519 suit
1162 3477 1205 3520 in
1230 3481 1497 3530 ascensione,
1529 3487 1573 3524 ut

334 3555 461 3601 teger,
491 3549 661 3602 sumpta
679 3549 867 3604 potione,
890 3562 1063 3594 causam
1100 3554 1299 3598 sanitatis
1319 3554 1461 3604 hahet,
1498 3555 1572 3598 sed

335 3617 524 3661 nondum
547 3619 670 3673 plene
689 3633 820 3668 sanus
843 3628 922 3664 cst.

334 3706 436 3751 Cn).
452 3706 557 3751 cvl.
577 3707 637 3752 De
669 3709 906 3765 hydropico,
926 3718 965 3754 et
985 3709 1271 3755 exhortatione
1290 3713 1343 3756 ud
1357 3714 1572 3758 hnmilita-

699 3774 778 3807 tem
800 3774 838 3808 et
864 3768 1206 3812 misericordiam.

389 3833 443 3878 Et
477 3834 636 3879 facturn
656 3842 737 3886 est,
763 3850 859 3880 cum
885 3839 1071 3883 Sabbato
1107 3842 1381 3885 manducaret
1417 3855 1570 3898 panem

337 3906 381 3949 in
418 3907 591 3951 domurn
629 3910 851 3964 cujusdam
876 3912 1082 3967 principis
1118 3912 1450 3964 Pharisaeorum,
1479 3920 1572 3957 erat

336 3981 435 4021 ante
451 3990 546 4021 eum
571 3980 830 4035 hydropicus
851 3981 966 4030 (Luc.
987 3984 1093 4038 xiv).
1115 3984 1188 4028 Est
1210 3991 1348 4028 autem
1370 3985 1573 4041 hydropi-

336 4048 413 4098 sis,
439 4061 626 4103 aquosus
665 4050 834 4102 humor,
869 4054 1176 4106 subcutaneus,
1207 4057 1260 4100 dc
1279 4057 1386 4102 vitio
1418 4059 1572 4102 vesicae

335 4126 479 4170 natus,
505 4133 603 4164 cum
635 4123 851 4167 inflatione
881 4132 922 4168 et
949 4126 1079 4171 setIdo
1113 4130 1317 4173 anhelitu.
1359 4130 1571 4175 Observa·

337 4192 438 4235 bant
469 4199 610 4237 autem
648 4192 852 4239 Pharisaei
893 4197 1037 4242 Jesum
1082 4201 1118 4243 si
1158 4200 1344 4244 Sabbato
1380 4207 1566 4247 curaret.

335 4263 443 4307 Cum
468 4266 692 4320 quaesisset
718 4268 771 4311 ab
795 4269 876 4319 eis,
899 4270 934 4313 si
964 4271 1063 4314 licet
1101 4270 1289 4317 Sabbata
1311 4276 1493 4319 curare?
1525 4280 1570 4319 et

335 4337 588 4390 tacuissent,
628 4339 938 4394 apprehensum
970 4343 1216 4399 languidum
1244 4345 1427 4390 sanavit.
1467 4346 1568 4390 Post

1335 60 1497 105 PETRI
1527 59 1871 106 coitsss‘roms
2783 70 2837 114 15

342 148 546 192 bominis.
570 147 616 190 ln
643 147 866 200 undecima
893 162 1006 193 euim
1032 150 1199 206 quinta,
1224 155 1266 193 ct
1303 157 1421 195 sexta
1457 154 1577 202 aetas,
1602 154 1636 198 Α
1658 149 1855 204 probavit
1887 150 2018 195 licere
2052 163 2222 205 curare,
2251 154 2352 210 quia
2381 166 2514 210 pecus
2534 151 2699 210 lapsum
2731 156 2774 199 in
2810 169 2895 213 pu·-

1657 231 1771 268 teum
1805 223 1874 268 die
1909 221 2084 268 Sabbati
2117 226 2375 271 extrahitur.
2413 223 2567 270 Mirum
2607 234 2748 271 autem
2782 235 2893 287 erat,

1657 293 1770 350 quod
1795 294 1848 339 de
1885 297 2183 341 curationibus
2218 297 2261 340 in
2293 295 2483 342 Sabbato
2506 310 2602 341 eum
2640 299 2892 355 arguebant.

1658 367 1824 412 flahent
1842 369 1956 412 enirn
1980 369 2023 412 in
2042 363 2344 415 traditionibus
2361 363 2469 423 suis,
2485 372 2768 417 determinata
2789 386 2895 430 ope·

1657 450 1752 480 rum
1774 451 1932 494 genera
1960 440 2132 484 circiter
2164 438 2383 497 octoginta
2421 454 2446 486 a
2475 444 2633 498 quihus
2653 445 2894 489 vacandum

1655 519 1722 554 est
1756 509 1961 562 Sabbata,
1986 512 2098 556 inter
2138 525 2233 569 quae
2272 520 2452 558 nonest
2490 517 2672 571 curatio,
2708 518 2894 564 maxime

1655 595 1750 638 quae
1793 582 1838 625 lit
1876 584 1969 627 solo
2002 584 2153 636 verbo,
2178 586 2289 628 sicut
2315 585 2521 631 Dominus
2543 599 2658 643 saepe
2697 587 2893 636 curabat.

1655 647 1832 700 Dicebat
1850 660 1990 698 autem
2007 657 2135 700 etiam
2152 655 2206 699 ad
2226 657 2428 701 invitatos
2451 657 2698 713 parabolam
2718 675 2728 701 ι
2751 674 2766 700 ι
2783 658 2893 714 Cum

1655 728 1862 772 invitatus
1881 727 2013 773 fueris
2033 729 2085 772 ad
2110 730 2296 785 nuptias,
2314 742 2398 773 non
2419 730 2666 776 discumbas
2691 733 2733 776 in
2755 732 2896 788 primo

1655 799 1768 844 loco.
1804 814 1821 840 ι
1863 798 2023 842 Contra
2053 796 2296 854 snperbiam
2330 799 2643 844 Pharisaeorum
2677 786 2897 848 humilitas*

1654 878 1739 915 tem
1776 869 1974 915 docebat.
2001 871 2052 913 Et
2073 875 2174 916 nota
2211 871 2324 927 quod
2351 872 2431 915 boc
2460 884 2546 915 non
2579 877 2646 916 est
2672 870 2895 929 parabola,

1655 943 1731 988 sed
1767 943 1913 999 potius
1953 944 2195 999 exemplum
2230 944 2360 987 unius
2397 945 2540 1000 operis
2576 945 2796 988 humiliter
2830 942 2896 994 suf

1654 1016 1813 1060 ciendi.
1838 1015 1960 1068 Quod
1979 1015 2081 1071 quia
2102 1015 2198 1058 ideo
2215 1017 2486 1071 proponitur,
2506 1021 2552 1059 ut
2569 1015 2622 1058 ad
2647 1016 2896 1060 similitudi-

1654 1101 1751 1133 nem
1785 1089 1880 1145 ejus
1904 1095 2057 1134 caetera
2082 1087 2200 1140 stanit,
2228 1089 2432 1144 parabola
2458 1096 2652 1140 vocatur,
2678 1090 2802 1146 quasi
2830 1089 2893 1134 si-

1655 1158 1852 1206 militudo
1877 1161 1920 1205 in
1944 1163 2152 1216 exemplo.
2179 1160 2299 1203 lllum
2323 1168 2482 1213 autem,
2506 1162 2579 1217 qui
2611 1175 2707 1205 eum
2731 1162 2891 1206 invita-

1654 1243 1786 1286 verat,
1826 1234 2026 1278 monebat
2056 1234 2110 1277 ad
2133 1233 2486 1285 miscricordiam,
2512 1234 2662 1278 dicens
2687 1249 2699 1278 :
2727 1249 2742 1275 ο
2774 1233 2888 1279 Cum

1652 1307 1758 1351 sacis
1793 1307 2037 1362 prandium,
2065 1306 2152 1349 noli
2184 1306 2366 1349 invitare
2394 1310 2601 1361 cognatos
2637 1313 2679 1349 et
2713 1306 2887 1358 divites,

1651 1376 1723 1419 sed
1745 1387 1971 1431 pauperes.
1993 1390 2007 1416 ι
2021 1373 2114 1418 Non
2133 1374 2307 1419 damnat
2326 1375 2561 1417 amicorum
2579 1375 2891 1427 invitationem,

1652 1447 1726 1491 sed
1751 1448 2015 1492 voluntatem
2037 1448 2256 1492 luxuriose
2289 1448 2477 1497 vivendi,
2501 1447 2568 1491 vel
2588 1447 2759 1501 edendi,
2778 1455 2822 1493 et
2845 1460 2894 1494 se

1650 1520 1832 1564 invicem
1858 1520 2115 1565 reinvitandi
2139 1533 2193 1564 ex
2220 1533 2272 1564 eo
2293 1521 2406 1576 quod
2443 1520 2650 1565 Do-ninus
2683 1521 2743 1564 ait
2778 1521 2849 1565 hic
2877 1536 2891 1566 t

1656 1609 1672 1634 ι
1719 1592 1996 1638 Retribuetur
2037 1593 2151 1637 enim
2194 1593 2271 1637 tibi
2313 1594 2355 1636 in
2399 1595 2715 1638 resurrectione
2752 1594 2894 1649 justo·

1651 1676 1764 1707 rum.
1790 1680 1805 1705 ι
1832 1663 1884 1706 Et
1905 1663 2077 1720 quidam
2095 1663 2148 1708 de
2168 1663 2538 1708 discumbentibus
2557 1664 2698 1707 intulit
2719 1678 2730 1708 ε
2758 1679 2772 1704 ι
2795 1651 2896 1709 Bea-

1652 1742 1742 1786 tus,
1761 1736 1834 1791 qui
1853 1735 2130 1780 manducabit
2158 1748 2311 1792 panem
2335 1738 2377 1778 in
2400 1749 2532 1792 regno
2555 1735 2648 1780 Dei.
2677 1750 2694 1778 i
2725 1734 2898 1795 Erravit

1649 1807 1882 1852 Cerinthus
1907 1809 2071 1859 dicens,
2094 1808 2223 1852 etiam
2245 1808 2513 1863 corporalem
2539 1808 2596 1851 ibi
2617 1807 2804 1851 suturam
2826 1821 2897 1852 re-

1650 1880 1895 1933 sectionem,
1917 1881 2031 1926 sicut
2053 1881 2183 1925 homo
2209 1887 2385 1925 creatus
2414 1886 2481 1925 est
2500 1881 2776 1933 immol-tatis,
2809 1893 2896 1925 non

1651 1958 1793 1998 tamen
1820 1954 1915 1998 sine
1939 1954 2134 1998 ciborum
2167 1953 2385 1997 alimonia.

1649 2042 1751 2088 Car.
1783 2037 1910 2087 cvn.
1932 2041 2054 2095 Quod
2076 2042 2119 2084 in
2144 2041 2351 2084 Encaeniis
2380 2042 2595 2085 voluerunt
2615 2038 2756 2084 Judoea·
2789 2041 2896 2095 [κρί-

2129 2097 2230 2140 dare
2249 2096 2408 2141 lesum.
2549 2102 2553 2105 ’
2597 2117 2610 2126 o

1711 2188 1726 2214 ‹
1754 2172 1885 2216 Facta
1907 2177 2008 2216 sunt
2032 2177 2174 2215 autem
2211 2171 2407 2214 Encaenia
2434 2171 2478 2214 in
2502 2169 2828 2226 Hierosolymis,
2853 2174 2896 2212 et

1650 2246 1789 2291 hiems
1812 2250 1904 2289 erat
1923 2242 2067 2302 (Joan.
2082 2243 2143 2300 x).
2178 2260 2191 2285 »
2219 2243 2420 2287 Encaenia
2438 2243 2659 2294 dicuntur,
2675 2241 2801 2299 quasi
2819 2254 2896 2286 en-

1651 2317 1842 2369 chaenea,
1867 2327 1892 2359 a
1914 2328 2039 2367 neos,
2054 2314 2168 2371 quod
2189 2320 2255 2358 est
2277 2328 2440 2366 novum,
2455 2319 2498 2358 et
2522 2318 2646 2358 sonat
2665 2312 2895 2356 innovatio-

1650 2403 1737 2441 nes,
1759 2397 1802 2434 et
1823 2395 1889 2434 cst
1913 2388 1968 2432 ibi
1995 2388 2276 2441 intentivum;
2295 2388 2395 2443 quia
2415 2387 2736 2430 subvectionem
2755 2390 2892 2431 notat,

1652 2463 1823 2519 quando
1853 2462 2019 2506 scilicet
2047 2462 2189 2516 aliqua
2214 2460 2384 2511 domus,
2413 2464 2490 2501 aut
2522 2470 2618 2510 vas,
2655 2462 2729 2501 aut
2762 2457 2895 2500 vestis

1652 2549 1675 2579 a
1708 2536 1924 2580 communi
1948 2548 2028 2579 usu
2051 2535 2103 2578 ad
2134 2535 2343 2578 celebrem
2368 2539 2411 2578 et
2434 2532 2624 2576 divinum
2647 2543 2773 2574 usum
2792 2530 2894 2574 suh·-

1651 2610 1836 2661 vehitur,
1874 2608 1987 2666 quod
2027 2608 2207 2652 Latinus
2249 2607 2353 2651 dicit
2389 2606 2704 2649 dedicationem.
2733 2601 2918 2646 Tamen·

1654 2685 1860 2728 ltebraeus
1895 2686 2022 2726 vocat
2061 2680 2419 2728 dedicationeem,
2444 2677 2760 2721 inchoationem
2790 2686 2896 2717 usus

1653 2768 1776 2802 novoe
1813 2756 1894 2803 rei,
1943 2760 1989 2798 ut
2013 2767 2111 2797 cum
2146 2753 2286 2808 primo
2311 2751 2603 2794 inhabitamus
2632 2759 2786 2791 nova-m
2806 2746 2893 2789 ‚do-

1653 2843 1790 2882 ninm,
1811 2836 1884 2872 aut
1909 2827 2132 2870 induimus
2148 2837 2302 2870 novam
2329 2830 2508 2869 vestem.
2539 2821 2619 2866 Hic
2643 2826 2785 2864 auten·
2811 2819 2917 2861 len:

1655 2904 1788 2948 caenia
1817 2905 2045 2951 vocantur,
2073 2899 2228 2942 Festum
2262 2895 2547 2941 dedicationis
2582 2894 2744 2949 templi,
2779 2892 2894 2948 qnod

1656 2976 1878 3022 annuatim
1905 2975 2047 3018 tiebat.
2086 2971 2177 3016 Hoc
2216 2978 2358 3014 alitem
2396 2970 2571 3020 festum,
2591 2980 2676 3012 non
2708 2969 2768 3010 ‘ad
2806 2968 2894 3023 pri-

1654 3062 1785 3101 mam,
1816 3049 1881 3093 vel
1901 3042 2135 3091 secundam
2154 3043 2464 3087 dedicationem
2489 3040 2631 3096 templi
2655 3039 2892 3094 spectabat,

1655 3123 1729 3166 scd
1751 3122 1802 3164 ad
1826 3121 2014 3166 tertiam.
2035 3118 2180 3162 Prima
2210 3117 2324 3161 enim
2347 3116 2426 3159 snit
2463 3114 2506 3158 in
2537 3119 2760 3160 autumno,
2791 3114 2893 3169 quia

1657 3194 1859 3238 &alomon
1893 3193 2107 3237 dedicavit
2144 3190 2350 3246 templum
2393 3189 2559 3233 decima
2597 3187 2666 3230 die
2701 3185 2895 3241 Septem-

1654 3268 1759 3315 bris.
1786 3271 1830 3310 et
1852 3277 1989 3320 usquc
2014 3265 2065 3308 ad
2103 3264 2247 3318 templi
2283 3262 2400 3305 illius
2434 3260 2700 3304 eversionem
2738 3256 2894 3301 nebant·

1599 3355 1631 3398 D
1658 3339 1888 3395 ‹pictannis
1914 3339 1998 3381 duo
2023 3337 2130 3380 festa
2154 3335 2302 3379 eadem
2341 3333 2425 3383 die,
2463 3332 2676 3376 dedicatio
2710 3331 2891 3382 scilicet,

1655 3418 1696 3455 et
1722 3411 1924 3466 expiatio.
1950 3410 2057 3453 Cum
2083 3420 2185 3451 vero
2211 3407 2513 3450 reaedificatum
2539 3403 2618 3448 suit
2641 3403 2844 3459 templum
2866 3414 2892 3444 a

1654 3484 1934 3527 redeunt-ibus
1975 3482 2027 3525 dc
2066 3482 2296 3537 Babylone,
2339 3479 2581 3522 dedicatum
2623 3481 2689 3521 est
2729 3476 2772 3519 in
2797 3489 2894 3520 vere

1655 3557 1707 3599 12
1732 3556 1800 3598 die
1825 3555 1981 3607 Martii,
2006 3554 2049 3596 id
2073 3559 2140 3597 est
2178 3553 2230 3596 12
2261 3554 2375 3594 luna.
2421 3550 2528 3593 Cum
2565 3558 2705 3594 autem
2740 3553 2894 3597 Antio-

1654 3628 1760 3671 chus
1788 3626 2031 3682 Epiphanes
2051 3625 2275 3680 polluisszrt
2295 3623 2501 3677 templum
2529 3622 2728 3667 sordibus
2756 3625 2887 3668 idolo·

1652 3712 1766 3750 rum,
1792 3705 1834 3742 et
1874 3698 2144 3754 profanasset
2179 3697 2380 3739 utensilia
2413 3696 2523 3749 ejus,
2550 3694 2683 3738 Judas
2721 3694 2892 3738 Macha-

1653 3773 1786 3824 meus,
1811 3771 1922 3814 tilius
1941 3769 2198 3819 Asamonaei,
2224 3769 2276 3811 de
2293 3779 2447 3824 genere
2468 3767 2741 3817 sacerdotali,
2766 3777 2891 3809 mun-

1654 3844 1771 3887 davit
1800 3844 2022 3898 templum,
2046 3842 2234 3885 restituit
2266 3841 2469 3883 utensilia
2494 3841 2537 3882 in
2563 3839 2670 3882 locis
2707 3838 2816 3888 suis,
2850 3843 2892 3880 et
2920 3856 2924 3859 ·

1653 3916 1777 3972 quasi
1801 3915 2015 3959 dedicavit
2038 3914 2143 3956 illud
2165 3913 2221 3955 25
2244 3912 2313 3956 die
2335 3911 2598 3956 Decembris.
2624 3910 2674 3953 Et
2695 3911 2784 3953 haec
2815 3909 2890 3952 de*

1652 3987 1828 4038 dicatio,
1855 3987 1898 4029 in
1936 3986 2089 4030 diebus
2127 3984 2270 4033 Jesns,
2303 3983 2614 4028 observabatur
2651 3982 2694 4023 in
2731 3982 2886 4024 hieme.

1651 4056 1778 4105 Forte
1793 4059 1934 4103 adhuc
1951 4059 2033 4103 hoc
2054 4063 2121 4102 est
2141 4057 2296 4102 festum
2314 4056 2544 4099 Luminum
2572 4053 2682 4109 apud
2698 4052 2884 4103 Judaeos,

1650 4135 1750 4188 quia
1762 4129 2236 4186 etJosephustestatur,
2250 4128 2378 4172 etiam
2393 4127 2474 4171 sub
2488 4124 2745 4168 Machahaeis
2761 4130 2891 4167 voca·

1649 4210 1741 4247 tum
1772 4203 1889 4246 hunc
1920 4203 2049 4252 diem,
2075 4201 2186 4244 diem
2215 4199 2461 4243 Luminurn,
2505 4212 2521 4239 ι
2561 4197 2612 4239 Et
2644 4194 2889 4238 ambulabat

1648 4276 1776 4321 lesus
1815 4275 1860 4319 in
1902 4273 2062 4330 templo
2099 4274 2144 4316 in
2178 4273 2345 4328 porticu
2375 4269 2635 4313 Salomonis.
2662 4283 2677 4309 ι
2707 4267 2890 4310 Nomine

1648 4348 1797 4403 templi
1834 4359 1947 4404 saepe
1988 4352 2168 4392 vocatur
2202 4344 2394 4401 porticus
2421 4341 2586 4397 tempti,
2628 4345 2674 4383 ut
2714 4337 2781 4381 bic
2804 4352 2814 4380 :
2841 4336 2886 4378 ln
