2924 4588
284 114 391 162 ¹559

282 281 402 330 ptum
421 283 600 330 puerum
623 269 676 313 de
707 268 869 335 Spiritu
895 273 1046 311 sancto
1070 265 1292 316 indicavit,
1311 270 1353 307 et
1386 270 1449 306 ut·
1437 263 1524 307 de-

283 359 379 392 sum
404 348 573 389 vocaret
597 342 812 399 praecep3,t
837 339 937 394 quia
955 340 1120 385 salvum
1140 333 1295 381 sacci-et
1319 342 1523 392 poputum

284 430 307 461 a
348 417 537 473 peccatis
576 427 741 479 ciffum.
781 413 831 456 Et
868 414 948 456 hoe
973 424 1054 467 eot
1058 411 1174 454 novit
1198 409 1356 466 ,loseph
1388 409 1523 453 Deum

283 490 566 540 naseiturum,
595 486 668 543 qui
686 485 803 530 solus
830 490 1004 540 peccata
1022 483 1214 534 dimittit,
1240 489 1279 526 et
1305 482 1524 537 accipiens

285 572 487 616 sponsam
514 559 563 602 in‘
581 570 787 607 uxorem,
814 569 911 600 cum
937 554 1113 611 Virgine
1131 553 1251 610 virgo
1268 553 1519 610 permansit.

284 631 440 677 llahuit
464 639 603 676 autem
626 629 759 687 Virgo
774 630 931 679 virum,
955 641 1009 672 ne
1030 627 1205 683 gravida
1224 627 1522 678 infamaretur,

282 711 324 747 et
350 709 396 748 ut
419 703 496 748 viri
522 703 676 748 solatio
700 708 741 746 et
765 702 1007 744 ministerio
1037 699 1267 752 frueretur,
1293 704 1336 743 et
1360 705 1407 742 ut
1431 699 1525 742 dia-

284 778 380 821 bolo
399 777 690 822 occultaretur
712 776 787 819 Dei
814 782 979 832 partus.

530 852 631 895 Cae.
661 850 732 897 lv,
764 850 819 893 De
843 849 1114 905 descriptione
1135 848 1264 892 orbis.

344 939 361 966 ι
385 923 430 968 ln
454 923 605 968 diebus
625 924 710 967 illis
730 923 837 967 exiit
860 922 1048 966 edictum
1071 935 1095 965 a
1117 920 1290 966 Caesare
1312 919 1522 977 Auguste,

282 1002 329 1038 ut
358 996 677 1041 describeretur
702 996 929 1040 universus
952 995 1071 1039 orbis
1089 994 1209 1052 (Luc.
1230 993 1297 1050 ιι).
1322 1009 1336 1035 ι
1364 992 1525 1038 Volens

282 1066 428 1110 Caesar
448 1067 560 1110 seire
592 1078 819 1110 numerum
861 1066 1083 1123 regionum
1109 1066 1151 1109 in
1171 1066 1293 1116 orbe,
1322 1077 1418 1121 quae
1439 1063 1526 1109 no-

283 1153 421 1184 manae
443 1140 647 1185 suberant
679 1139 849 1192 ditioni,
873 1152 1101 1184 numerum
1139 1140 1273 1189 etiam⁴
1301 1140 1525 1182 civitatum

283 1218 326 1258 in
363 1215 554 1271 qualibet
582 1214 777 1271 regione,
822 1214 995 1258 nomina
1036 1225 1210 1270 quoque
1242 1212 1433 1268 capitum
1479 1213 1523 1255 in

282 1289 471 1343 qualibet
493 1287 681 1338 civitate,
710 1292 987 1342 praeceperat‚
1010 1292 1056 1330 ut
1077 1286 1130 1329 de
1157 1284 1422 1330 suburbanis
1447 1296 1525 1340 op-

283 1363 412 1419 pidis,
439 1362 568 1412 vicis,
596 1366 638 1405 et
660 1361 781 1417 pagis
805 1360 857 1403 ad
883 1370 1004 1404 suam
1035 1358 1304 1403 confluerent
1327 1358 1524 1402 honiines

284 1436 518 1484 civitatem,
543 1439 585 1476 et
607 1433 791 1476 maxime
814 1432 1061 1488 ubicunque
1077 1431 1322 1475 babitarent
1341 1430 1394 1474 ad
1418 1430 1526 1473 civi-

283 1515 414 1553 tatem
446 1494 755 1557 convenirent,
792 1505 906 1549 unde
938 1506 1163 1550 traherent
1202 1504 1445 1560 originem,
1484 1509 1527 1558 et

283 1581 470 1637 quisque
494 1578 715 1623 denarium
741 1583 991 1634 argenteum
1011 1577 1140 1635 pretii
1157 1576 1306 1622 decem
1326 1589 1525 1620 nummo-

283 1665 379 1696 rum
420 1651 652 1701 usualium,
697 1650 808 1693 unde
844 1650 1048 1694 denarius
1094 1647 1318 1693 dicebatur
1355 1647 1527 1704 praesidi

283 1724 515 1780 provineiae
550 1723 739 1773 tradens,
777 1735 824 1767 se
859 1722 1078 1767 subditum
1117 1720 1313 1765 Romano
1346 1720 1528 1777 imperio

284 1797 572 1855 profiteretur.
596 1796 701 1840 Nam
720 1802 761 1839 et
785 1807 991 1840 nummus
1017 1795 1245 1852 imaginem
1272 1793 1527 1851 praeferebat

283 1871 483 1923 Caesaris,
515 1878 557 1914 et
586 1869 995 1926 superscriptionem
1029 1867 1235 1913 nominis.
1257 1866 1308 1910 Et
1324 1867 1423 1923 quia
1446 1879 1524 1910 nu-

284 1957 429 1990 merus
450 1956 617 1996 eorum,
654 1945 727 2000 qui
764 1943 883 1988 censi
916 1943 1058 1999 capite
1088 1942 1356 1994 serebantur,
1393 1941 1459 1986 vel
1483 1945 1529 1993 ut

285 2018 357 2060 alii
389 2018 534 2078 legunt
562 2018 634 2074 qui
658 2029 836 2062 censum
862 2017 1018 2072 eapitis
1037 2015 1248 2068 serebant.
1291 2023 1411 2062 certo
1448 2027 1530 2058 nu-

284 2103 402 2135 mero
447 2091 827 2143 determinabatur,
870 2097 912 2137 et
950 2090 1229 2147 redigebatur
1257 2089 1300 2134 in
1336 2089 1528 2145 scriptis,

286 2163 382 2207 ideo
436 2163 647 2220 professio
698 2164 947 2219 huiusmodi
997 2162 1235 2229 descriptio
1278 2162 1528 2206 vocabatur.

290 2238 428 2281 illaec
449 2238 682 2294 desctiptio
722 2239 858 2292 prima
894 2237 1004 2281 saeta
1037 2243 1103 2282 est
1135 2250 1159 2280 a
1191 2237 1373 2294 piaeside
1397 2235 1532 2293 Syriae

285 2311 460 2368 Cyriuo
482 2310 626 2353 Prima
659 2309 817 2354 dicitur
844 2315 1055 2366 quantum
1086 2309 1139 2353 ad
1161 2309 1371 2366 Cyrinum
1393 2307 1530 2366 Syriae
1551 2327 1585 2375 C
1612 2301 1708 2347 ³¹²³
1740 2317 1754 2343 ¹
1787 2302 1895 2347 Cum
1930 2305 2096 2349 venem
2131 2303 2351 2361 iflefflffld‘)
2388 2308 2611 2362 ίθΠΨθῑῚὸ
2642 2322 2657 2349 ’
2687 2313 2770 2374 0¹37
2765 2298 2869 2373 Se·

287 2384 530 2440 praesitlem
557 2383 657 2439 quii
679 2383 793 2427 enim
817 2382 963 2427 Judaea
997 2383 1042 2427 in
1074 2384 1279 2432 umbilico
1302 2383 1431 2428 Zonae
1453 2384 1529 2428 ha·-

286 2457 479 2502 bitabilis
503 2468 600 2501 esse
616 2458 791 2507 dicitur,
813 2457 1031 2512 provisum
1051 2462 1119 2502 est
1142 2463 1188 2501 ut
1209 2457 1252 2501 in
1280 2470 1330 2502 ea
1352 2457 1531 2501 inchoa-

286 2535 423 2581 retur,
462 2536 504 2574 et
541 2529 696 2574 deinde
728 2542 804 2587 per
835 2530 1168 2575 circumstantes
1208 2530 1408 2587 regiones
1455 2530 1531 2575 alii

289 2601 492 2658 proesides
526 2607 908 2657 prosequerentur.
938 2600 1016 2647 Vel
1052 2600 1163 2647 forte
1197 2602 1335 2658 prima
1357 2604 1531 2648 univer-

288 2674 419 2726 salis,
467 2675 570 2729 quia
614 2675 708 2719 alite
748 2681 1060 2731 praecesserant
1109 2676 1412 2732 particulares.
1453 2675 1532 2720 Vel

288 2748 397 2793 forte
421 2748 558 2803 prima
594 2749 783 2805 capitum
825 2749 869 2794 in
906 2750 1079 2795 civitate
1114 2750 1243 2795 tiebat
1275 2763 1299 2795 a
1331 2753 1529 2808 praeside,

288 2822 477 2867 secunda
519 2822 743 2867 civitatum
779 2823 825 2868 in
865 2824 1038 2881 regione
1077 2836 1100 2868 a
1134 2825 1276 2881 legato
1317 2826 1529 2879 Caesaris,

288 2894 412 2938 tertia
450 2894 669 2951 regionum
701 2894 744 2940 in
784 2897 894 2942 urbe
932 2908 1079 2941 coram
1113 2897 1300 2949 Caesare.
1325 2897 1405 2942 llic
1444 2898 1534 2956 pri-

289 2979 405 3010 mum
428 2965 574 3011 Judaea
614 2966 725 3011 sacta
763 2975 831 3013 est
862 2969 1402 3026 stipendiariaRomanis,
1441 2962 1542 3016 haze

290 3038 524 3095 descriptio
547 3039 730 3097 singulis
748 3042 874 3086 annis
898 3041 990 3086 fieri
1018 3043 1203 3095 videtur,
1224 3044 1297 3096 qui
1322 3045 1367 3088 in
1391 3043 1533 3100 Evan-

291 3112 400 3168 gelio
423 3113 578 3168 legitur
602 3126 612 3157 t
637 3127 650 3154 ι
682 3111 883 3170 Magister
905 3122 1048 3160 vester
1063 3129 1148 3161 non
1173 3116 1301 3162 solvit
1325 3117 1533 3162 tributum

291 3183 374 3227 boe
398 3195 509 3227 atino
535 3182 706 3241 (Mattlt.
745 3185 868 3243 xvn).
902 3202 916 3229 ι
941 3212 997 3219 -
1017 3202 1031 3227 ι
1060 3187 1266 3233 Ascendit
1297 3196 1439 3241 autem
1456 3188 1533 3235 Jo-

293 3255 396 3311 seph
420 3267 444 3299 a
472 3255 683 3301 Nazareth
725 3258 770 3302 in
807 3257 1054 3303 Bethlehem
1072 3292 1084 3311 ,
1108 3272 1160 3304 co
1195 3261 1312 3317 quod
1340 3268 1457 3307 esset
1482 3261 1535 3314 de

293 3326 421 3371 domo
445 3327 591 3379 David,
618 3335 664 3372 ut
689 3328 961 3385 profiteretur
992 3342 1094 3374 cum-
1114 3332 1251 3383 Maria
1284 3346 1419 3379 uxore
1455 3347 1534 3380 sua

1293 103 1455 147 PETRI
1483 98 1839 147 cousssmms

283 202 532 260 oenjugein,
557 203 678 259 egne
716 196 1011 252 suspicaretur
1051 193 1325 243 adulterium,
1363 204 1521 236 conce-
1544 201 1580 245 A
1602 191 1749 240 venire
1769 190 1939 240 «toruos,
1964 195 2006 231 ct
2028 187 2071 231 in
2093 187 2311 231 communi
2349 187 2550 240 transitu,
2571 189 2645 244 qui
2671 195 2763 232 erat
2788 188 2861 236 in-
2909 214 2912 218 Δ

1549 1263 1582 1306 Β
1605 1277 1783 1331 bellum,
1808 1290 1940 1335 regno
1966 1278 2148 1334 Augusti
2172 1284 2572 1327 connumeramus*
2581 1282 2735 1327 ‚Anno
2757 1295 2863 1327 xero

2747 99 2860 146 isto

1604 268 1670 308 ter
1693 262 1800 306 duas
1822 262 1994 311 domus,
2018 261 2333 316 operimentum
2365 260 2546 312 habens,
2572 262 2684 318 quod
2709 262 2860 308 diver·-

1604 335 1767 380 soriam
1808 333 1983 384 dieitur,
2024 340 2077 377 se'
2105 339 2380 389 receperunt,
2418 333 2500 378 sub
2525 345 2613 390 quo
2644 335 2762 379 cives
2803 334 2864 380 ad·
2904 327 2909 385 s

1605 406 1952 461 coltoquendum,
1977 406 2045 450 vel
2067 405 2121 449 ad
2146 405 2457 450 convisendum
2493 407 2538 449 in
2577 405 2730 451 diebus
2762 406 2858 461 otii,

1605 478 1669 521 vel
1699 489 1777 533 pro
1795 478 1909 523 aeris
1931 478 2189 534 intemperie
2210 478 2497 522 divertebant.
2531 477 2659 524 Forte
2692 479 2751 524 ibi
2786 477 2861 530 11»
2896 479 2906 497 ⁵

1605 550 1709 606 seph
1735 551 1994 607 praesepium
2019 549 2180 594 lecerat
2209 550 2307 593 bovi
2331 555 2374 593 et
2402 549 2543 600 asino,
2569 562 2679 606 quos
2711 562 2861 599 secun
2894 575 2895 579 =

1606 622 1860 675 adduxerat,
1897 625 1940 666 in
1980 636 2066 679 quo
2105 621 2324 678 repositus
2358 629 2424 666 est
2461 621 2605 668 Iesus.
2647 623 2712 667 Ad
2744 622 2863 679 quod

1604 696 1778 753 quidam
1820 695 2014 740 referunt
2052 695 2156 740 illud
2186 696 2338 740 Isaiae:
2361 712 2376 737 ι
2405 696 2620 753 Cognovit
2647 699 2725 743 bos
2755 708 2888 754 pos-0..

1607 782 1826 814 sessorem
1856 781 2000 819 suum,
2016 777 2058 813 et
2083 770 2234 813 asinus
2258 781 2449 825 praesepe
2467 769 2636 814 Domini
2659 771 2727 815 sui
2750 770 2861 827 (Iso.

1606 842 1654 895 ι).
1686 862 1701 884 a
1724 842 1774 885 Et
1814 842 1918 907 iilud
1949 841 2151 886 Habacuc
2177 858 2188 886 ε
2223 857 2237 883 ι
2265 843 2313 887 ln
2354 843 2496 888 medio
2540 845 2725 888 duorum
2766 843 2864 890 ani·
2891 856 2895 860 ’

1604 916 1781 958 malmm
1807 916 2100 972 cognosceris.
2125 915 2266 959 Etiam
2293 916 2338 960 in
2357 917 2539 973 picturis
2562 918 2863 973 ecelesiarum,
2887 970 2894 975 ,

1605 1001 1700 1044 quse
1731 995 1832 1033 som
1866 989 1990 1045 quasi
2036 989 2132 1033 libri
2170 990 2380 1034 laieorum
2415 990 2498 1035 boe
2527 977 2891 1048 repraesentatur

1605 1058 1746 1102 nohis.
1773 1058 1908 1102 Natus
1929 1066 1996 1104 est
2015 1066 2158 1103 autem
2183 1059 2381 1104 Salvator
2406 1073 2519 1106 anno
2537 1063 2659 1119 regni
2678 1063 2862 1120 Augusti

1605 1131 1791 1176 Caesaris
1807 1131 2138 1190 quadragesimo
2157 1134 2365 1179 seeundo
2389 1134 2536 1180 Annos
2557 1136 2670 1180 enim
2696 1136 2864 1181 duode⁴

1606 1204 1690 1247 cim
1727 1205 1805 1261 qui
1839 1216 1862 1247 a
1896 1212 2037 1249 morte
2070 1205 2173 1249 Julii
2206 1206 2434 1260 duxerant,
2460 1207 2669 1264 usquead
2694 1209 2864 1255 Actium

1604 1354 1726 1406 regni
1775 1349 1956 1395 Herodis
1995 1353 2220 1408 trigesimo
2268 1355 2478 1400 universo
2533 1356 2637 1400 orbe
2679 1362 2831 1413 pacato
2849 1389 2863 1413 ,

1605 1421 1875 1479 Olympiadis
1899 1425 2148 1469 centesimae
2170 1429 2461 1483 nonagesim·e
2484 1429 2623 1473 tertiae
2645 1441 2758 1474 antio
2782 1435 2868 1474 ter·
2898 1458 2916 1474 ,ι

1606 1496 1684 1542 tio.
1720 1495 1847 1540 Anno
1878 1497 1932 1540 ab
1958 1496 2073 1541 Urbe
2106 1499 2282 1542 condita
2316 1501 2697 1562 septingentesimo
2733 1504 2864 1560 quin·

1606 1569 1856 1625 quagesimo
1893 1568 2102 1621 seeundo,
2136 1578 2265 1616 natus
2292 1578 2359 1616 est
2383 1572 2606 1619 Dominus
2633 1567 2771 1620 Natus
2799 1581 2869 1620 est

1608 1647 1751 1685 autem
1780 1649 1908 1687 nocte
1935 1640 2170 1687 Dominicre
2200 1644 2303 1697 diei,
2320 1658 2422 1702 qma
2446 1647 2484 1690 si
2517 1649 2706 1693 tabulam
2747 1661 2883 1693 ιεοιιιοΑ

1610 1715 1702 1771 puti
1722 1722 1837 1759 retro
1862 1728 2110 1772 percurras,
2145 1718 2339 1764 invenies
2378 1719 2507 1776 huius
2545 1722 2648 1765 anni
2679 1716 2886 1766 concur--

1609 1793 1774 1831 rentem
1799 1787 2018 1844 quintum,
2039 1790 2278 1846 regularem
2309 1790 2504 1837 Januarii
2541 1793 2890 1847 tertium.'Qui-,·

1609 1859 1691 1904 bus
1731 1861 1898 1916 junctis
1938 1865 1982 1904 et
2021 1861 2206 1907 sublatis
2247 1869 2429 1919 septem,
2470 1871 2666 1912 re·iianet
2711 1879 2864 1914 unum.

1610 1931 1757 1990 ltaque
1779 1933 1959 1978 kalend.
1986 1932 2182 1979 Ianuarii
2211 1936 2256 1980 in
2292 1935 2516 1983 Dominica
2551 1939 2746 1986 invenies
2752 1924 2910 1999 quav

1611 2012 1900 2051 concurrunt.
1922 2005 2029 2050 Nam
2052 2019 2103 2052 ea
2124 2009 2193 2054 dic
2214 2022 2299 2065 qua
2321 1998 2458 2055 dixit.
2488 2026 2504 2052 ι
2526 2009 2623 2056 Fiat
2637 2012 2728 2065 lux,
2746 1993 2883 2058 sactass

1610 2086 1677 2125 est
1703 2080 1776 2124 lux
1808 2079 1928 2137 (Gen.
1949 2081 1999 2139 t),
2020 2097 2035 2124 ι
2069 2105 2124 2114 ——
2153 2098 2170 2124 ι
2193 2083 2384 2128 visitavit
2412 2095 2492 2128 nos
2515 2083 2670 2130 Oriens
2691 2097 2745 2131 ex
2754 2079 2869 2132 atto

1613 2152 1732 2211 (Luc.
1754 2154 1829 2212 ι).ι
1853 2154 2057 2200 inchoata
2076 2169 2178 2201 vcro
2191 2157 2428 2203 secundum
2454 2157 2667 2215 quosdam
2685 2151 2867 2217 septima

1611 2234 1716 2272 aetas
1741 2241 1764 2271 a
1781 2228 2012 2275 Nativitate
2035 2230 2216 2284 Chiisti,
2242 2232 2478 2277 seeundum
2502 2233 2772 2290 Apostolum,
2794 2235 2868 2292 qui

1609 2374 1799 2419 cundum
1838 2377 1946 2423 alios
1985 2389 2009 2420 a
2043 2377 2114 2422 die
2136 2391 2220 2435 qua
2255 2380 2515 2435 baptizatus,
2563 2385 2740 2438 propter
2766 2370 2869 2426 vim

1609 2448 1957 2504 regenerativam
2004 2449 2054 2493 de
2038 2455 2150 2494 ‚tam
2200 2452 2341 2517 aquis.
2396 2446 2644 2516 Seeurdum
2698 2442 2870 2500 alios&
2840 2465 2882 2506 a,

1611 2521 1832 2576 passione,
1867 2521 1968 2578 quia
2004 2529 2106 2567 tunc
2125 2532 2273 2580 aperta
2310 2531 2378 2569 est
2419 2533 2559 2581 porta,
2585 2513 2629 2571 et
2668 2516 2886 2575 inchoata-

1611 2602 1676 2639 est
1703 2595 2022 2652 quodammodo
2045 2600 2229 2654 septima
2257 2597 2594 2655 quiescentium
2635 2598 2834 2645 Fluxerat
2839 2608 2872 2647 ,ι

1612 2668 1786 2725 quidem
1820 2669 1874 2714 ab
1921 2669 2058 2715 Adam
2104 2670 2207 2714 anni
2254 2671 2446 2728 quinque
2481 2672 2645 2717 milleni
2693 2676 2867 2719 centum

1611 2741 1848 2798 nonaginta
1881 2755 1975 2794 sex,
1996 2742 2096 2788 aliis
2118 2743 2354 2800 nonaginta
2386 2757 2558 2797 novem,
2583 2745 2638 2790 ab
2655 2735 2871 2793 Ain-ahana

1612 2815 1699 2859 duo
1756 2816 1892 2860 millia
1936 2816 2186 2869 duodecim,
2245 2818 2486 2863 secundum
2523 2818 2661 2875 LXX;
2710 2811 2893 2878 secu'h'·⁴

1612 2888 1714 2932 dum
1739 2887 1944 2934 Hebraeos
1969 2901 2072 2935 vero
2096 2891 2224 2948 longe
2241 2893 2492 2948 pauciores.

1669 2964 1684 2979 ·
1702 2961 1927 3018 Additioll.
1944 2960 2093 3006 Romae
2114 2963 2317 3020 templum
2330 2964 2449 3020 pacis
2465 2965 2647 3019 corruit,
2669 2965 2766 3011 sons
2790 2959 2873 3019 olei
2904 2996 2907 3003 »

1613 3037 1770 3092 erupit,
1783 3037 1815 3079 C
1818 3044 2205 3094 aesarpraeeeperat
2217 3050 2271 3082 ne
2289 3039 2388 3095 quis
2406 3051 2506 3084 eum
2519 3038 2665 3084 divum
2679 3045 2890 3104 vocaret.

1613 3124 1716 3171 Car.
1762 3124 1835 3170 vt.
1885 3126 1940 3171 De
1972 3128 2135 3172 cantico
2168 3129 2438 3186 antqelorum,
2480 3137 2520 3174 ει
2559 3131 2820 3177 circumcisio
2843 3125 2846 3128 ⁴
2870 3153 2904 3187 2.

2146 3183 2331 3230 Domini.
2854 3188 2871 3202 ²

1675 3269 1690 3295 ι
1719 3254 1772 3298 Ει.
1808 3261 2005 3312 pastores
2044 3262 2170 3314 erant
2206 3257 2398 3302 seeundo
2435 3258 2640 3304 milliario
2676 3271 2700 3303 a
2733 3258 2784 3305 B
2827 3255 2842 3297 ι’
2863 3251 2897 3294 ἕ

1614 3326 1771 3381 lehem,
1791 3328 1834 3371 in
1859 3329 2033 3385 regione
2070 3329 2220 3373 eadem
2256 3331 2554 3376 custodientes
2591 3331 2761 3389 vigilias
2787 3331 2790 3335 ’
2833 3320 2837 3363 ἶ
2916 3318 2919 3326 “

294 3405 553 3454 praegnante.
582 3416 597 3442 ι
625 3399 671 3443 Si
696 3401 900 3445 mulieres
917 3403 1244 3459 profitebantur,
1269 3404 1535 3463 jnngendum
1561 3411 1595 3454 D
1617 3400 1699 3445 elis
1724 3412 1856 3456 supet·
1878 3413 2047 3458 gregem
2065 3391 2191 3445 suum
2211 3401 2330 3459 (Luc.
2359 3404 2425 3459 ιι).
2445 3402 2538 3451 Mos
2560 3403 2640 3447 suit
2658 3404 2776 3461 antiq
2854 3416 2860 3417 ’
2905 3407 2908 3422 *

295 3473 361 3510 est
399 3469 479 3518 sic,
504 3475 549 3512 ut
574 3470 845 3526 profiteretur
872 3484 972 3517 cum
989 3473 1140 3520 Maria.
1166 3474 1213 3518 Si
1246 3477 1328 3521 soli
1366 3478 1445 3522 viri
1472 3479 1537 3522 sie

296 3545 363 3583 est
385 3542 490 3584 ordo
515 3558 525 3585 ε
557 3558 571 3582 ι
602 3544 806 3588 Ascendit
832 3543 991 3602 loseph
1015 3559 1113 3590 cum
1138 3547 1289 3592 Maria.
1323 3565 1339 3591 ι

515 3615 616 3660 Car.
645 3615 696 3661 V.
723 3617 783 3660 De
818 3621 1034 3664 natiuitate
1061 3621 1317 3668 Salvatoris.

358 3704 374 3730 ι
403 3687 577 3732 Factum
613 3697 679 3734 est
715 3700 884 3743 autem,
931 3704 1028 3737 cum
1073 3701 1220 3739 essent
1260 3696 1335 3748 ibi,
1378 3698 1542 3753 peperit

299 3759 431 3817 Virgo
466 3762 598 3804 lilium
639 3767 765 3806 suum
806 3766 1135 3820 primogenitum
1167 3766 1286 3824 (Luc.
1314 3767 1381 3825 ιι),
1415 3784 1429 3811 ι
1456 3781 1542 3812 non

300 3841 398 3890 post
434 3846 560 3890 quem
590 3835 716 3887 alius,
742 3837 816 3880 sed
850 3846 948 3882 ante
972 3851 1098 3895 quem
1131 3842 1293 3891 nullus,
1321 3847 1364 3886 ct
1388 3842 1543 3897 pannis

302 3906 535 3957 involutus,
556 3909 779 3951 reclinavit
795 3923 891 3953 eum
914 3912 955 3954 in
974 3914 1195 3968 praesepio‚
1218 3914 1319 3970 quia
1343 3926 1430 3958 non
1451 3921 1544 3958 erat

303 3980 361 4023 ibi
384 3980 448 4024 eis
473 3981 591 4024 loeus
622 3981 666 4023 in
689 3982 942 4027 diversorio.
978 4000 991 4025 ι
1021 3984 1185 4029 Dicitur
1202 3987 1315 4043 quod
1334 3974 1483 4032 fenum
1501 3987 1545 4031 in

302 4064 388 4108 quo
409 4052 545 4108 jacuit
582 4052 723 4104 lesus,
759 4055 947 4098 delatum
987 4062 1052 4100 est
1087 4056 1266 4102 Romam
1291 4060 1343 4110 ab
1368 4058 1544 4111 Helena,

303 4129 347 4167 et
367 4130 434 4167 est
457 4124 498 4166 in
517 4124 697 4168 eeclesia
723 4122 892 4169 Sanctae
917 4125 1059 4169 Mariae
1074 4124 1265 4179 Maioris.
1292 4127 1407 4172 lutra
1430 4129 1537 4173 basi·

305 4194 447 4246 licam.
475 4207 562 4238 non
589 4196 713 4251 longe
737 4210 761 4239 a
790 4199 998 4253 praesepio
1029 4199 1215 4255 quiescit
1242 4200 1544 4257 Hieronymus.

303 4267 437 4311 Paula
464 4279 634 4324 quoque
665 4277 708 4315 et
744 4269 1020 4316 Eustochium
1042 4273 1103 4319 ,in
1144 4272 1388 4318 Bethlehem
1421 4274 1547 4331 quie-

306 4346 446 4384 seunt.
488 4340 663 4386 Ditlicile
699 4341 836 4386 suerat
874 4344 1153 4399 pauperibus.
1184 4357 1273 4401 prm
1306 4330 1547 4401 frequentia

306 4412 555 4465 multorum,
574 4415 645 4469 qui
675 4414 729 4458 ob
755 4415 940 4471 idipsum
968 4425 1270 4470 convenerant,
1297 4431 1455 4464 vacuas
1483 4420 1543 4462 in-

1618 3473 1756 3525 ribus,
1785 3474 1828 3518 in
1854 3480 2037 3532 utroque
2060 3475 2263 3527 solstitio,
2286 3476 2456 3533 vigilias
2491 3478 2632 3522 noctis
2653 3484 2778 3524 custo
2810 3475 2821 3488 ⁹

1619 3546 1676 3589 ob
1694 3545 1799 3590 solis
1825 3546 2161 3591 venerationem.
2198 3547 2280 3600 Qui
2310 3547 2419 3593 forte
2452 3559 2547 3593 mos
2589 3548 2719 3593 etiam
2870 3599 2875 3603 ,
2906 3555 2907 3558 ’

1617 3617 1790 3670 Jmlaeos
1839 3632 1892 3663 ex
1942 3633 2023 3664 usu
2082 3620 2421 3664 cohabitantium
2472 3621 2722 3666 inoleverat.
2761 3625 2815 3663 ι’·
2834 3608 2924 3675 .,·,’.

1620 3703 1721 3736 ecce
1751 3693 1928 3750 angelus
1967 3693 2138 3738 Domini
2176 3695 2295 3738 stetit
2328 3694 2452 3756 Juxta
2476 3694 2590 3748 illos,
2611 3698 2797 3738 annunt
2831 3722 2850 3755 3
2872 3704 2898 3748 *g

1621 3767 1684 3810 eis
1711 3773 1861 3810 natum
1901 3765 2167 3811 Salv-atorem
2198 3767 2240 3810 in
2266 3766 2530 3822 Bethlehem,
2556 3775 2597 3811 et
2625 3767 2669 3814 in
2703 3756 2901 3830 signu

1623 3838 1809 3895 positum
1834 3851 2014 3895 puerum
2051 3840 2096 3883 in
2137 3839 2344 3896 praesepto
2382 3839 2613 3883 nuntiavit.
2644 3855 2659 3880 ι
2686 3838 2739 3883 Et
2761 3837 2789 3882 l'¹
2835 3829 2836 3833 ’

1623 3915 1689 3952 est
1726 3922 1825 3953 eum
1859 3909 2011 3966 angelo
2043 3908 2276 3953 multitudo
2308 3908 2559 3964 angelorum
2599 3907 2831 3952 dicentium

1624 3980 1768 4024 Gloria
1796 3982 1838 4025 in
1866 3981 2051 4026 excelsis
2073 3981 2176 4031 Deo,
2208 3987 2252 4026 ct
2286 3981 2329 4024 in
2368 3986 2484 4038 terra
2513 3993 2595 4037 pax
2626 3978 2847 4024 hoinioilttt
2875 3971 2878 3974 “

1623 4054 1747 4097 home
1768 4054 2002 4099 voluntatis
2026 4057 2057 4107 *,
2086 4069 2100 4096 ι
2127 4053 2229 4111 quia
2254 4066 2332 4110 per
2351 4052 2575 4096 Christum
2608 4050 2772 4109 glorilie

1625 4134 1691 4171 est
1714 4127 1857 4177 Pater,
1884 4133 1926 4171 et
1943 4140 2026 4184 pax
2053 4127 2167 4188 sacta
2188 4125 2302 4172 inter
2326 4125 2456 4171 Deum
2484 4132 2526 4170 et
2548 4123 2838 4175 bominemsi*
2889 4154 2892 4159 -

1625 4205 1692 4241 ter
1726 4200 1925 4254 angelum
1961 4204 2004 4243 et
2046 4197 2284 4250 hominem,
2308 4196 2426 4241 inter-
2449 4195 2648 4240 {Judaeum
2672 4201 2714 4240 et
2735 4192 2867 4273 gellii.¹
2890 4246 2892 4250 y

1627 4273 1726 4316 lem.
1758 4271 1840 4314 Pio
1862 4271 1941 4314 hac
1967 4270 2242 4325 mulititudine
2262 4271 2529 4326 angelorum,
2559 4269 2625 4312 vel
2646 4273 2726 4325 p'ro
2746 4278 2773 4323 g
2816 4271 2819 4276 '

1629 4351 1847 4413 pastorum
1887 4345 2035 4388 volunt
2067 4341 2247 4413 quidam
2279 4341 2399 4388 illum
2424 4343 2582 4388 locum
2627 4339 2879 4398 prophetica
2922 4371 2923 4374 =

1628 4409 1790 4462 dictum
1814 4418 1966 4463 turrim
1995 4417 2152 4475 gregis,
2177 4415 2252 4461 ibi.
2280 4414 2332 4460 Et
2362 4421 2427 4470 tu,
2459 4415 2597 4479 turris
2631 4415 2773 4481 gregis
2797 4423 2882 4459 ne·
2905 4391 2924 4588 ⁴

2880 4545 2889 4579 ι
