2924 4588
223 104 226 108 ’
255 122 366 171 ms

247 227 408 274 pavore
432 214 588 260 cecidit
613 214 656 258 in
680 220 858 265 terram,
884 210 961 257 sed
984 215 1206 268 resumpto
1228 210 1385 267 spiritu
1420 210 1496 254 ad·
1519 224 1554 271 Α

239 289 396 348 oravit
415 288 579 354 Judiqi.
600 287 704 340 Quae
724 286 834 330 dixit
856 285 909 329 ad
932 286 1170 341 populum.
1195 299 1211 325 ο
1236 280 1495 339 Suspendite

243 363 328 408 hcc
347 366 480 417 caput
498 372 630 417 super
656 370 821 427 muys,
844 363 888 403 et
910 349 1103 401 diluculo
1133 356 1262 400 facite
1284 356 1493 413 impetum

243 436 290 479 in
308 435 477 487 hostes,
507 433 583 489 qui
603 432 764 476 turbati
788 442 869 487 pro
895 442 1001 476 nece
1027 419 1191 474 domini
1211 429 1296 479 sui,
1320 435 1495 473 verten-

241 513 315 554 tur
348 507 393 551 in
428 504 945 572 sugaq(1udithxiv).n
980 503 1103 547 Tunc
1125 502 1286 549 Achior-
1304 498 1494 546 circum·

241 580 345 623 cidit
366 591 540 622 carnem
560 578 764 634 >praeputii
788 578 873 629 sui,
897 583 938 620 et
955 577 1179 634 appositus
1193 578 1262 620 est
1285 579 1338 618 ad
1356 587 1494 630 popu-

240 654 328 696 lum
352 651 500 696 lsrael.
525 651 727 708 Misitque
751 651 878 695 Ozias
895 651 1071 694 nuntios
1101 661 1179 706 per
1194 650 1391 693 civitates
1413 647 1493 691 Ju-

237 724 320 778 doe,
365 731 412 767 ut
446 724 755 780 egrederentur
792 729 891 780 post
915 736 1005 768 eos.
1031 723 1169 767 Porro
1201 723 1364 779 egressi
1389 729 1493 766 sunt

238 797 407 843 uebraei
433 810 576 850 mane,
618 803 661 842 et
689 799 891 842 dixerunt
908 796 1078 854 Assyrii
1103 812 1113 839 ε
1149 811 1163 837 ι
1191 795 1367 852 Egressi
1389 802 1490 840 sunt

238 881 388 914 mures
401 870 457 914 dc
478 870 679 915 cavernis
703 871 812 915 suis.
843 886 858 911 ›
877 868 1075 925 Cumque
1095 869 1302 913 intrasset
1323 868 1487 924 Vagae,

236 946 285 982 ut
308 941 516 984 excitaret
537 939 833 991 Holofernem,
861 942 967 984 vidit
985 940 1171 985 cadaver
1203 942 1295 984 sine
1329 942 1486 997 capite.

236 1011 286 1053 Et
305 1015 528 1068 ingressus
551 1014 878 1058 tabernaculum
902 1012 1067 1063 luditb,
1086 1026 1171 1056 non
1193 1013 1354 1057 invenit
1374 1026 1486 1057 eam.

237 1086 287 1128 Et
331 1087 587 1131 exclamavit
609 1089 674 1144 ⁸ad
707 1089 914 1145 populum
938 1099 951 1130 t
974 1103 989 1129 ι
1014 1087 1107 1131 Una
1132 1089 1287 1131 mulier
1307 1089 1487 1133 Hebraea

235 1159 337 1203 tecit
370 1160 669 1205 confusionem
692 1162 735 1205 in
770 1163 899 1206 domo
927 1162 1343 1208 Nabuchodonosor.
1375 1162 1487 1209 Ecce

234 1241 363 1291 caput
387 1233 634 1280 liolol‘ernis
658 1248 744 1279 non
775 1243 841 1281 est
865 1249 962 1280 cum
989 1250 1056 1282 eo.
1084 1253 1100 1278 ›

1257 118 1423 164 Pmm
1451 115 1801 165 COMEsTotus

2713 125 2826 174 {180

1636 210 1866 255 wAdditto
1903 211 1946 258 5.
1992 211 2147 260 Mirum
2194 213 2449 268 videbatur,
2490 216 2606 272 quod
2647 218 2828 265 avicula

1575 283 1620 326 in
1669 282 1794 327 arido
1841 284 1937 330 loco
1978 291 2122 331 rostro
2167 291 2298 332 terrae
2344 287 2477 333 infixo
2519 289 2667 335 bibere
2706 284 2830 337 vide·

1574 355 1750 409 bantur,
1775 361 1818 400 et
1836 357 1937 402 inde
1960 359 2150 416 percepit
2171 357 2428 406 Holofernes
2447 373 2604 419 aquam
2626 364 2823 412 subme-

1630 428 1877 472 “uimine
1900 429 1944 475 4.
1975 429 2126 475 Simile
2174 431 2354 475 verbum
2399 433 2535 478 habes
2583 434 2626 478 in
2676 435 2825 489 Luca,

1573 512 1669 558 cap.
1687 513 1752 556 ιι,
1776 503 1850 548 ubi
1876 503 2032 559 legitur
2056 503 2302 548 Pharisaeus
2319 506 2493 562 quidam
2511 507 2720 552 invitasse
2740 507 2828 554 Do·

1572 575 1740 618 minum
1765 575 1819 620 nd
1845 576 2092 631 prandium.
2107 575 2352 622 Pharisaeus
2367 586 2468 623 ante
2500 581 2759 636 eoepitintra
2777 591 2828 630 se

1572 651 1780 702 reputans
1820 648 1982 701 dicere,
2021 661 2156 705 quare
2183 662 2271 694 non
2295 651 2539 708 baptizatus
2570 660 2686 699 esset
2723 658 2829 704 ante

1572 720 1820 777 prandium.

1630 793 1718 810 *****
1719 790 1894 836 Addaia
1945 793 1987 838 5.
2046 793 2276 839 Cultellum
2324 807 2545 854 magnum,
2598 812 2684 856 quo
2735 799 2826 846 ibat

1572 864 1813 917 accinctus,
1854 866 1929 910 sed
1964 867 2131 912 intrans
2157 869 2358 913 lectulum
2385 871 2651 926 appenderat
2673 874 2725 918 ad
2749 886 2826 920 co·-

1571 940 1783 982 lumnam.

1626 1015 1732 1031 ······
1735 1012 1909 1057 Additio
1947 1015 1988 1058 6.
2031 1015 2427 1072 Tetagrammaton‚
2463 1019 2504 1062 id
2536 1026 2603 1063 est
2642 1027 2824 1078 quatuor

1571 1087 1822 1140 litterarum,
1841 1095 1856 1125 ν
1878 1087 1965 1135 iod.
1990 1098 2019 1135 Π
2038 1090 2100 1138 he,
2121 1097 2138 1137 Ἰ
2157 1103 2236 1133 van
2256 1123 2267 1141 ‚
2300 1100 2330 1138 η
2353 1090 2417 1136 he.
2443 1090 2524 1136 Sed
2562 1093 2631 1137 his
2669 1094 2826 1140 litteris

1567 1174 1654 1205 non
1693 1168 2058 1218 repraesentantur
2081 1164 2291 1208 elementa
2318 1159 2407 1218 issa',
2449 1178 2543 1221 quae
2574 1167 2627 1212 ‹le
2659 1168 2726 1212 his
2749 1169 2826 1212 de-

1568 1235 1672 1280 bent
1698 1237 2028 1292 repraesentari3
2056 1239 2169 1281 sicut
2191 1251 2272 1283 nos
2289 1251 2367 1295 per
2389 1239 2439 1293 T,
2473 1241 2732 1299 quandoque
2755 1254 2824 1286 re·

290 1307 342 1359 Ε-,ι
372 1309 532 1352 turbati
560 1315 661 1352 sunt
686 1310 809 1354 valde
836 1309 945 1366 rugae
969 1310 1217 1367 praesidium
1242 1317 1485 1367 quaerentes
1511 1301 1546 1345 Β
1568 1316 1883 1368 praesentamus
1910 1324 2081 1356 sonum.

237 1382 401 1439 (ludica
438 1383 527 1446 xv).
557 1382 607 1425 Et
631 1382 815 1427 insecuti
838 1389 939 1427 sunt
961 1397 1036 1428 eos
1055 1385 1130 1428 tilii
1157 1382 1304 1435 lsrael,
1331 1392 1372 1429 et
1393 1396 1489 1441 per·

231 1463 465 1501 cusserunt
499 1468 590 1508 eos,
627 1469 768 1513 usque
796 1456 850 1500 ad
886 1458 1181 1503 extremitates
1205 1458 1352 1501 finium
1379 1471 1482 1503 sus-

232 1543 346 1574 rum.
388 1530 470 1575 Per
495 1530 587 1574 dies
611 1537 753 1574 autem
770 1531 948 1587 triginta
968 1531 1038 1574 vix
1057 1532 1235 1575 collecta
1259 1539 1359 1576 sunt
1385 1544 1486 1587 spo·

231 1604 288 1647 lia
311 1602 603 1659 Assyriorum,
623 1609 666 1648 et
685 1606 901 1655 universa,
927 1617 1021 1660 quae
1037 1597 1272 1662 peculiaria
1292 1604 1487 1651 Holofer-

229 1679 300 1722 nis
322 1682 462 1729 erant,
487 1677 697 1739 dederunt
717 1676 881 1721 Judith.
903 1676 1097 1721 Joachim
1118 1663 1262 1722 autam
1285 1691 1483 1725 summus

229 1751 420 1808 pontifex
440 1753 559 1795 venit
583 1743 636 1796 de
659 1751 896 1796 Jerusalem
936 1762 1033 1796 cum
1065 1755 1282 1798 universis
1304 1756 1484 1811 presby-

231 1826 335 1869 teris
370 1825 422 1869 ad
454 1826 685 1870 videndum
719 1837 830 1874 eam,
863 1830 905 1868 et
928 1825 1240 1870 benedixerunt
1263 1827 1300 1870 ei
1361 1826 1484 1872 Tunc

228 1899 419 1942 cantavit
440 1898 586 1942 Judith
623 1891 838 1941 canticum
877 1896 1076 1949 Domino,
1114 1888 1262 1945 dicens
1289 1913 1299 1940 z
1327 1916 1339 1941 ‹
1367 1900 1481 1944 luci-

227 1973 316 2027 pite
339 1969 582 2015 Dominoin
606 1970 838 2028 tympanis,
867 1986 882 2012 ι
910 1978 993 2015 etc.
1013 1959 1178 2028 (ludim
1212 1971 1319 2030 ΠΙ.)
1346 1971 1485 2029 Super

227 2047 310 2090 hoc
334 2046 551 2090 canticum
575 2045 742 2089 invenis
766 2042 883 2101 quod
912 2045 1018 2090 dicit
1039 2045 1329 2104 Hieronymus
1352 2058 1483 2103 super

228 2119 442 2176 psalmum
464 2117 639 2162 Domine
675 2118 879 2162 Dominus
915 2125 1053 2162 noster
1075 2118 1213 2176 (Psal.
1231 2118 1346 2180 vm).
1373 2119 1483 2172 Quia

228 2202 326 2236 cum
347 2191 390 2234 in
411 2189 590 2234 Hebraeo
613 2190 770 2246 legitur
793 2201 949 2235 nomen
989 2183 1168 2234 Domine
1200 2191 1479 2247 geminatum,

227 2269 340 2308 sicut
363 2264 434 2308 hic
457 2263 623 2308 Adonai
646 2261 826 2308 Domine
849 2263 978 2309 Deus,
1020 2263 1213 2308 Primum
1251 2269 1319 2310 est
1355 2263 1483 2310 Teta-

227 2344 498 2396 grammatou
499 2339 606 2357 ‘‘‘‘‘‘
609 2369 624 2391 ,
678 2338 915 2383 secundum
962 2349 1065 2382 vero
1103 2350 1261 2383 nomen
1313 2337 1480 2383 Domini

229 2423 474 2456 commune.
499 2409 545 2454 ln
565 2410 649 2455 line
666 2410 826 2455 cantici
851 2410 1123 2474 prophetavit
1145 2411 1198 2454 de
1222 2391 1536 2467 dicju‹licii,”c

227 2487 377 2530 (licens
402 2498 413 2527 :
443 2500 458 2526 t
482 2484 691 2529 Dominus
714 2483 987 2540 omnipotens
1022 2485 1067 2528 in
1101 2485 1172 2529 die
1195 2485 1350 2540 J‘udicii
1376 2485 1484 2530 visi·

226 2559 335 2603 tabit
351 2571 472 2612 suos,
496 2567 539 2602 et
561 2558 799 2602 vindicabit
822 2557 994 2615 impios,
1022 2563 1069 2601 ut
1087 2566 1271 2601 urantur
1297 2557 1341 2602 in
1364 2570 1482 2608 sem-

229 2631 426 2687 piternis.
456 2647 471 2674 ι
499 2630 603 2677 Post
628 2631 719 2675 baee
756 2632 953 2675 ascendit
978 2630 1127 2675 Judith
1162 2632 1205 2674 in
1240 2630 1481 2677 Jerusalem

228 2699 327 2750 cum
350 2703 525 2765 populo,
572 2711 615 2749 et
647 2706 896 2750 obtulerunt
925 2705 1106 2749 Domino
1131 2711 1227 2749 vota
1249 2711 1291 2750 et
1329 2718 1482 2762 repro-

228 2778 598 2823 missiones‘suas.
633 2793 648 2819 ‹
677 2776 815 2821 Porro
830 2776 979 2822 «iudith
1006 2777 1209 2822 universa
1239 2791 1339 2823 vasa
1359 2779 1483 2824 belii·

228 2865 332 2897 cosa
355 2851 616 2905 lioioiernis,
639 2854 683 2897 et
705 2859 962 2909 conopoeum
993 2851 1151 2896 obtulit
1179 2853 1220 2895 in
1254 2851 1482 2897 anathema

228 2927 475 2980 oblivionis,
493 2932 535 2971 et
553 2919 852 2971 solemnizavit
872 2926 1014 2971 omnis
1033 2926 1233 2983 populus.
1258 2942 1273 2969 ι
1299 2924 1353 2970 Et
1369 2927 1481 2971 diem

231 3003 344 3045 hanc
371 3002 415 3045 in
433 3013 615 3045 numero
641 3005 890 3044 sanctorum
915 2999 1082 3044 dierum
1110 3005 1382 3057 receperunt,
1406 3012 1482 3044 vo-

227 3082 379 3120 cantes
409 3075 662 3133 Cambysem
695 3074 932 3119 secundum
968 3071 1386 3118 Nabuchodonosor.
1430 3074 1497 3118 Et

229 3149 358 3192 reliit
394 3147 542 3198 Judith
588 3148 673 3192 tilia
703 3147 877 3200 Morari,
900 3147 1127 3192 Rubenitae
1150 3148 1193 3195 in
1218 3148 1478 3193 Bethuliam.

230 3221 296 3265 Ex
314 3229 450 3265 matre
475 3220 556 3264 ruit
573 3220 626 3264 de
647 3221 764 3264 tribu
788 3218 979 3272 Simeon,
1003 3227 1046 3265 et
1078 3221 1159 3264 fuit
1193 3222 1238 3264 in
1271 3221 1481 3267 viduitate

230 3297 432 3339 omnibus
471 3295 624 3339 diebus
666 3294 765 3338 vitae
801 3306 905 3339 suae.
949 3293 1000 3338 Et
1041 3295 1267 3352 completis
1304 3299 1478 3341 centum

231 3369 422 3426 quinque
438 3369 582 3419 annis,
607 3372 778 3411 mortua
804 3373 886 3419 est,
902 3373 943 3411 et
968 3368 1134 3424 sepulta
1159 3381 1257 3411 cum
1275 3369 1371 3413 viro
1400 3381 1480 3414 suo

1565 1384 1667 1428 Car.
1689 1384 1741 1428 ll.
1774 1385 1836 1429 De
1863 1385 2023 1430 duobus
2054 1388 2204 1444 incussis,
2230 1394 2270 1431 et
2291 1387 2419 1432 Dario
2453 1388 2542 1444 filio
2578 1388 2819 1445 Hystaspis.

1623 1457 1714 1515 (25)
1738 1457 1842 1503 Post
1857 1458 2115 1516 cambysem
2139 1474 2252 1506 unus
2282 1461 2335 1506 de
2368 1467 2531 1518 septem
2570 1463 2722 1519 magis,
2746 1463 2821 1519 qui

1563 1530 1816 1587 judicabant
1843 1544 2023 1588 regnum
2043 1531 2290 1586 Persarum,
2318 1532 2522 1579 Smerdes
2539 1534 2729 1586 nomine,
2749 1537 2823 1579 ob-

1564 1605 1695 1648 tinuit
1717 1617 1899 1662 regnum
1935 1604 2165 1649 Persarum
2195 1621 2206 1660 ;
2239 1606 2401 1651 ducens
2443 1607 2653 1658 Panthaei,
2693 1609 2825 1656 iil'am

1565 1676 1797 1733 cambyse,
1823 1676 1868 1721 in
1892 1689 2089 1727 uxorem.
2116 1678 2291 1735 simulat
2312 1686 2360 1724 se
2391 1692 2480 1724 non
2522 1681 2629 1725 velle
2652 1681 2734 1724 sibi
2755 1675 2828 1725 re·-

1565 1761 1714 1805 gnare‚
1740 1750 1814 1794 sed
1840 1762 2098 1796 conservare
2133 1763 2315 1808 regnum
2358 1751 2492 1810 Mergi
2536 1752 2659 1796 fratri
2689 1753 2821 1798 Caini·

1564 1823 1688 1881 hyse,
1713 1823 1815 1881 quia
1840 1836 1948 1880 puer
1969 1830 2076 1869 erat.
2106 1823 2232 1869 Hunc
2256 1830 2400 1870 tamen
2422 1825 2612 1884 Mergum
2636 1826 2826 1884 Camby-

1562 1907 1634 1941 ses
1655 1897 1776 1955 prius
1801 1897 2022 1942 occiderat
2048 1899 2090 1942 in
2117 1899 2413 1956 penetralibus
2433 1900 2597 1956 templi.
2620 1900 2714 1946 solo
2734 1901 2823 1945 isto

1565 1969 1746 2015 Smerde
1762 1971 1940 2016 conscio
1967 1971 2100 2028 hujus
2117 1972 2335 2029 sacrilegii
2356 1980 2398 2016 et
2419 1963 2660 2029 parricidii.
2687 1972 2827 2018 Cum-

1563 2057 1648 2101 que
1673 2053 1770 2102 post
1795 2051 1960 2103 septem
1978 2058 2152 2091 menses
2173 2046 2294 2103 regni
2327 2046 2393 2098 sui
2415 2052 2659 2092 moreretur
2674 2044 2821 2091 Smer·

1564 2117 1659 2168 des,
1689 2115 1916 2162 substituit
1940 2116 2024 2162 sibi
2049 2117 2243 2172 fratrem,
2259 2117 2460 2174 Juvenem
2479 2119 2722 2176 elegantem
2737 2117 2823 2163 for-

1563 2202 1632 2235 ma
1657 2195 1700 2234 et
1739 2191 1924 2244 viribus,
1950 2191 2099 2237 dicens
2127 2193 2243 2237 bunc
2273 2205 2371 2237 esse
2409 2192 2598 2251 Mergum
2644 2183 2747 2252 Cvri
2772 2191 2822 2236 fl-

1563 2263 1686 2316 lium,
1719 2268 1763 2308 et
1802 2263 2032 2322 cambysis
2055 2263 2250 2310 fratrem.
2290 2263 2389 2310 Haec
2421 2271 2571 2310 autem<
2589 2264 2822 2310 occultatio

1562 2322 1712 2393 regum
1742 2335 1796 2381 de
1821 2337 1938 2400 sacili
1963 2338 2055 2382 {ieri
2079 2337 2218 2395 potuit
2240 2339 2283 2382 in
2308 2337 2501 2392 Perside,
2528 2339 2629 2396 quia
2667 2339 2720 2384 'ad
2750 2351 2822 2384 re-

1563 2422 1659 2466 gem
1685 2411 1834 2455 nullus
1870 2410 1959 2456 sere
1990 2411 2180 2455 intrabat
2216 2419 2372 2470 praeter
2407 2413 2670 2458 domesticos
2700 2411 2813 2470 eius.

1565 2483 1688 2530 Unus
1713 2490 1857 2530 autem
1880 2483 1936 2529 de
1962 2493 2125 2543 septem
2151 2478 2290 2543 ma'gis
2328 2486 2458 2544 coepit
2495 2486 2616 2530 illum
2659 2485 2821 2533 habere

1562 2564 1835 2616 suspectum,
1867 2558 2098 2616 suspicans
2123 2570 2207 2603 non
2233 2571 2328 2604 esse
2362 2559 2570 2616 Mergum.
2616 2552 2696 2604 llic
2727 2558 2823 2604 nra-⁴

1563 2645 1645 2689 gus
1669 2632 1783 2677 inter
1805 2632 2075 2685 concubinas
2101 2625 2227 2695 regis
2241 2622 2372 2676 filiam
2397 2633 2616 2687 habebat,
2604 2647 2616 2659 ·
2649 2634 2722 2691 qui
2748 2622 2819 2677 se·

1563 2707 1724 2750 cretius
1762 2706 1943 2764 loquens
1967 2719 2066 2751 cum
2088 2719 2155 2759 ea,
2196 2708 2364 2751 monuit
2395 2719 2510 2761 eam,
2537 2713 2584 2751 ut
2610 2707 2665 2767 de
2691 2694 2822 2765 nette

1564 2781 1772 2826 attentius
1811 2781 2005 2846 palparet
2041 2787 2171 2840 caput
2213 2782 2344 2838 regis,
2386 2789 2429 2827 et
2479 2766 2820 2847 deprehenderet

1563 2861 1709 2898 utrum
1729 2855 1947 2899 auriculas
1970 2841 2311 2899 haberet.11'unc
2333 2855 2447 2905 enim
2473 2854 2651 2914 fratrem
2674 2855 2820 2915 Smer-

1562 2923 1624 2971 di'
1610 2940 1647 2980 s,
1668 2927 1889 2984 quondam
1919 2928 2004 2972 sibi
2028 2927 2257 2982 offensum,
2282 2929 2443 2974 Cambx
2449 2942 2519 2974 ses
2542 2909 2818 2980 mutiiaverat

1562 2997 1758 3045 auribus.
1777 2999 1973 3058 Cumque
2002 3001 2144 3059 puella
2173 3002 2530 3065 deprehendisset
2552 3001 2650 3063 eum
2686 3012 2818 3049 aures

1563 3085 1651 3117 non
1673 3073 1852 3125 habere,
1879 3073 2088 3118 indicavit
2109 3074 2198 3137 hoc·
2229 3070 2360 3131 patri.
2388 3074 2471 3128 Qui
2509 3063 2608 3118 cum
2635 3074 2818 3131 reliquis

1562 3147 1700 3203 magis
1718 3149 1802 3191 hoc
1821 3147 2087 3203 indicasset,
2103 3141 2441 3214 conjuraverunt
2467 3148 2511 3192 in
2529 3160 2648 3199 eum,
2673 3155 2718 3193 et
2741 3159 2818 3192 oc·

1561 3221 1762 3278 ciderunt
1791 3234 1908 3275 eum,
1954 3227 1997 3267 et
2019 3233 2106 3269 non
2128 3228 2476 3281 repugnaverunt
2515 3222 2598 3268 nisi
2631 3234 2707 3280 per
2735 3233 2817 3266 an·

1560 3305 1664 3336 num
1688 3293 1761 3338 isti
1783 3293 1869 3338 duo
1891 3293 2062 3339 fratres.
2095 3292 2233 3341 Porro
2261 3301 2426 3351 septem
2451 3295 2565 3352 magi
2598 3305 2696 3339 cum
2722 3299 2814 3337 tra·

1560 3372 1729 3410 etarent
1749 3366 1863 3412 inter
1891 3379 1938 3413 se
1963 3365 2062 3426 quis
2085 3380 2235 3413 eorum
2262 3359 2442 3413 duceret
2465 3369 2522 3412 fit·
2510 3379 2594 3412 iam
2611 3369 2742 3425 regis
2771 3372 2815 3413 et

233 3443 447 3495 Manasse,
465 3448 508 3486 et
530 3441 694 3484 dimisit
717 3441 865 3485 abram
884 3454 1006 3486 suam
1034 3443 1228 3494 liberam,
1252 3447 1295 3487 et
1315 3440 1478 3498 planxit
1502 3467 1538 3512 D
1560 3445 1762 3496 regnaret
1796 3452 1875 3497 pro
1903 3453 1974 3494 ec,
2017 3431 2277 3498 complacuit
2316 3443 2381 3487 eis
2417 3447 2463 3486 ut
2496 3440 2571 3486 tali
2607 3441 2815 3486 vaticinio

226 3529 327 3560 eam
354 3516 494 3560 omnis
519 3515 702 3571 populus
744 3523 906 3572 septem
931 3516 1099 3560 diebus.
1136 3515 1273 3560 Porro
1294 3515 1481 3574 Camby-

231 3590 566 3644 sesingressus
590 3588 938 3647 estAEgyptum,
979 3597 1020 3634 et
1064 3592 1249 3634 vastavit
1284 3603 1398 3645 eam,
1436 3597 1480 3637 et

232 3664 508 3709 abominatus
528 3663 779 3721 religionem
799 3662 911 3719 ejus,
941 3667 984 3706 et
1006 3663 1299 3714 caeremonias,
1320 3662 1478 3719 templa

164 3750 171 3752 “
231 3739 458 3794 deposuit,
505 3744 548 3783 et
588 3737 817 3783 aediiicavit
862 3735 1122 3793 Babylonem
1175 3736 1219 3779 in
1273 3735 1474 3794 AEgypto.

232 3812 425 3869 Cumque
456 3817 743 3856 reverteretur
777 3811 830 3854 ab
854 3809 1041 3867 AEgypto
1064 3810 1314 3867 aegrotabat,
1355 3816 1397 3854 et
1419 3809 1479 3854 le·

230 3888 407 3932 rebatur
429 3886 668 3931 cervicibus
692 3898 858 3943 regum.
901 3884 953 3928 Et
993 3890 1190 3930 mortuus
1217 3890 1281 3928 est
1327 3883 1372 3927 in
1395 3882 1479 3927 Da·

229 3971 395 4005 masco.

286 4031 536 4078 *Additiot
579 4030 687 4076 Nan·
717 4029 916 4088 superior
951 4044 1001 4075 eo
1030 4030 1175 4074 nullus
1208 4029 1304 4081 suit,
1343 4028 1479 4073 voluit

229 4106 345 4153 enim
371 4107 490 4154 solus
514 4106 683 4151 adorari
712 4119 789 4163 pro
811 4105 917 4150 Deo.
939 4104 1026 4149 Nec
1045 4117 1141 4148 cum
1158 4107 1384 4160 aegrotaret
1402 4114 1479 4147 vo-

228 4179 345 4224 lebat
383 4179 428 4223 in
463 4180 615 4224 lectica
648 4177 827 4231 deferri,
870 4177 955 4222 nisi
983 4189 1008 4220 a
1036 4176 1278 4221 cervicibus
1308 4185 1474 4233 regum,

229 4256 355 4313 quasi
370 4265 520 4298 omnes
542 4257 780 4310 superaret.

288 4325 496 4369 ''Additio
527 4325 572 4372 Ξ.
611 4325 917 4370 Tetranomius
947 4330 1040 4368 erat
1065 4323 1315 4383 Cambyses,
1352 4321 1478 4366 Arta-

231 4411 402 4452 xerxes,
421 4399 653 4453 Assuerus,
676 4397 1089 4444 Nabuchodonosor.

289 4507 378 4570 (Ζὸ)
400 4508 462 4551 Ex
490 4508 684 4553 historiis
701 4507 876 4566 Joseptii
893 4513 937 4552 et
958 4506 1071 4553 aliis.

1561 3525 1675 3558 unus
1712 3526 1764 3558 ex
1806 3514 1870 3559 eis
1916 3516 2147 3572 eligeretur
2186 3530 2197 3560 ε
2232 3516 2424 3561 diluculo
2462 3516 2660 3563 venirent
2684 3523 2818 3572 sup-r

1561 3598 1695 3642 equos
1720 3586 1869 3630 soli-in
1894 3587 2006 3630 atrio
2027 3587 2175 3643 palatii
2199 3594 2299 3632 ante
2322 3587 2437 3633 sores
2458 3589 2622 3644 templi,
2664 3595 2707 3634 et
2735 3601 2814 3632 cu·

1557 3660 1630 3716 ius
1648 3673 1786 3717 equus
1809 3661 1930 3718 prior
1955 3662 2169 3706 hinnitum
2193 3663 2331 3714 daret,
2379 3662 2618 3707 secundum
2655 3673 2815 3708 oracu-

1560 3733 1649 3778 lum
1675 3734 1854 3779 deorum
1877 3747 1952 3778 rex
1982 3737 2336 3781 constitueretur.
2367 3734 2471 3779 Erat
2516 3748 2630 3782 unus
2659 3747 2811 3780 eorum

1560 3806 1717 3853 Darius
1755 3808 1870 3853 iilius
1899 3808 2146 3867 Hystaspis,
2182 3811 2255 3867 qui
2282 3811 2494 3855 secretius
2512 3811 2693 3867 loquens
2710 3821 2809 3852 cum

1560 3882 1740 3926 custode
1764 3895 1974 3939 equorum
1996 3896 2190 3937 suorum,
2234 3883 2455 3928 mandavit
2487 3884 2544 3935 ei,
2584 3891 2628 3927 ut
2651 3883 2694 3944 in
2713 3883 2810 3926 loco
2878 3907 2881 3925 κ

1561 3955 1614 3998 ad
1640 3969 1768 4012 quem
1792 3957 1836 4001 in
1867 3958 2061 4003 crastino
2083 3959 2314 4004 convenire
2334 3958 2562 4011 debebant,
2598 3969 2712 4015 equo
2730 3970 2810 4002 suo

1559 4029 1613 4073 de
1653 4036 1781 4074 nocte
1816 4040 2079 4088 supponeret
2119 4045 2290 4090 equam.
2335 4031 2587 4086 Quo,sacto,
2623 4042 2720 4075 cum
2764 4030 2810 4074 in

1558 4103 1750 4147 crastino
1780 4111 1943 4161 septem
1972 4106 2088 4163 magi
2121 4106 2173 4150 ad
2207 4105 2405 4150 eumdem
2435 4105 2576 4148 locum
2607 4101 2807 4148 devenis-

1559 4182 1671 4228 sent,
1697 4178 1842 4221 statim
1866 4178 1919 4222 ad
1941 4191 2064 4235 equae
2090 4179 2362 4231 memoriam,
2403 4189 2543 4234 equus
2568 4175 2686 4220 Darii
2710 4175 2809 4227 hin-

1556 4251 1695 4294 nitum
1720 4250 1855 4304 dedit,
1899 4257 1942 4295 et
1963 4252 2056 4297 sine
2073 4252 2410 4297 cunctationem
2435 4263 2577 4308 regem
2603 4250 2809 4295 sublima·

1555 4330 1626 4368 tus
1646 4329 1729 4376 est,
1759 4331 1803 4369 ct
1821 4325 2017 4382 regnavit
2041 4327 2168 4370 annis
2187 4326 2363 4382 triginta
2386 4337 2540 4369 novem
2559 4324 2676 4380 regni
2702 4322 2807 4366 Pcr-

1557 4408 1719 4443 sarum.
1761 4397 1872 4443 Huic
1899 4397 2123 4445 familiaris
2150 4406 2244 4446 erat
2266 4397 2519 4445 zorobabel.
2561 4396 2669 4447 Cum
2690 4397 2806 4440 enim
