2924 4588
50 79 52 81 ’
100 95 209 142 ms

694 88 962 139 ‘msTomA
992 89 1386 162 ScuoLaSTtCA.
1417 124 1472 132 --
1501 98 1662 150 unm
1692 101 2035 155 nzsscfflmasss

2526 120 2636 177 ιιιιι

11 180 13 182 ’
36 237 38 240 v
99 195 168 226 ms
198 179 423 224 undecimo
452 192 615 236 mense,
641 180 793 237 quinta
822 181 892 227 die
929 183 1110 235 mensis,
1147 187 1260 230 venit
1283 187 1335 231 ad
1358 194 1394 238 Α
1415 193 1630 237 exercttns
1649 193 1753 250 Gog.
1777 198 1890 251 quod
1911 197 2074 243 Hebraei
2097 212 2171 255 per
2189 209 2345 255 septem
2363 194 2498 248 an'nos
2518 220 2638 264 usurp

78 250 358 295 Ezechielem
383 251 587 307 quidam,
610 250 684 308 qui
724 253 890 308 fugerat
919 252 973 296 de
998 253 1237 300 Jerusalem
1267 258 1334 301 di·

95 336 233 368 cens:
265 338 280 364 ι
317 322 494 367 vastata
537 331 603 368 est
641 324 794 367 civitas
819 324 989 380 (Ezecli.
1029 328 1201 384 xxxin).
1232 345 1247 370 ι
1286 330 1334 374 Ιιι

94 396 351 454 praecedenti
381 401 526 438 tamen
543 409 722 452 vespere
750 397 943 442 Ezechiel
967 399 1237 453 praedixerat,
1281 401 1334 444 de

94 469 246 511 nuntio
268 467 428 511 l'uturo.
444 467 496 509 Et
513 468 692 511 audiens
714 469 854 511 omnis
877 470 1195 525 transmigratio
1218 471 1336 514 exci-

21 587 23 590 ,
94 542 211 585 dium
234 543 368 594 urhis,
394 546 436 584 et
461 541 705 585 incendium
729 543 893 598 templi,
918 543 1166 587 levaverunt
1186 558 1332 595 vocem

95 625 234 664 suam,
251 624 294 655 et.
316 613 516 654 dixerunt
538 624 548 651 :
573 628 588 653 ‹
618 611 751 655 Periit
775 625 875 670 spes
899 620 1064 663 nostra,
1085 617 1242 659 abscisi
1267 629 1334 660 su-

95 689 234 728 mus.»
261 683 313 731 Et
331 685 586 728 exclamavit
605 683 801 728 Ezechiel
823 700 834 727 t
862 684 960 728 Haec
977 686 1083 729 dicit
1106 675 1331 732 Dominus:

97 771 113 796 ι
133 757 239 800 Cum
280 756 574 800 sanctificatus
613 756 735 800 suero
757 758 818 801 in
846 758 966 802 vobis
997 759 1142 801 tollam
1170 759 1246 803 v'os
1282 761 1335 804 de

92 829 308 885 gentibus,
353 835 395 872 et
435 830 646 872 adducam
682 841 761 874 vos
802 830 844 873 in
872 837 1030 873 terram
1054 835 1239 874 vestram
1261 845 1272 884 ;
1294 839 1335 874 et

75 901 309 962 >effundam
335 912 465 956 super
495 913 571 944 vos
594 912 748 956 aquam
773 901 995 953 mundam,
1030 907 1073 946 et
1104 903 1333 946 mundabi-

94 975 205 1018 mini
234 976 288 1018 ah
321 975 522 1019 omnibus
553 974 892 1030 inquinamentis
936 975 1120 1029 restris.
1163 975 1331 1034 (Ezech-

94 1048 284 1104 xxxvij.»

271 1121 374 1167 Ciu».
390 1119 446 1170 V.
482 1121 540 1165 De
566 1123 863 1166 resurrectione
882 1130 1154 1167 mortu-orum.

152 1207 166 1233 ι
190 1192 242 1235 Et
267 1193 376 1235 lacta
397 1199 464 1236 est
490 1206 619 1248 super
641 1194 889 1249 prophetam
914 1207 1067 1239 manus
1086 1194 1271 1245 Domini,
1291 1200 1332 1238 et

83 1267 238 1309 eduxit
268 1278 364 1311 eum
393 1268 434 1309 in
460 1265 641 1323 Spiritu,
681 1269 724 1309 in
750 1255 949 1323 campum
970 1268 1042 1323 qni
1066 1268 1218 1324 plenus
1242 1274 1336 1311 erat

90 1339 263 1381 ossibus
285 1339 715 1385 siccisvehementer
734 1374 742 1384 .
772 1340 819 1383 Et
843 1342 902 1383 ait
925 1341 980 1384 ad
1002 1353 1099 1384 eum
1126 1357 1136 1384 :
1157 1340 1235 1384 Fili
1258 1342 1335 1384 ho-

92 1412 237 1461 minis,
254 1418 435 1466 putasne
451 1413 594 1455 vivent
607 1424 706 1455 ossa
728 1413 841 1456 istu?
863 1421 902 1455 ct
921 1411 1009 1455 dixi
1038 1428 1046 1455 2
1071 1411 1266 1465 Domine,
1287 1419 1333 1455 tu

89 1494 193 1527 sets.
243 1484 293 1525 Et
329 1485 468 1527 dixit:
493 1484 567 1527 Dic
596 1485 650 1527 ad
671 1497 721 1529 ea
746 1503 755 1530 ι
785 1484 893 1529 Ossa
933 1486 1068 1538 arida,
1100 1486 1189 1528 nme
1230 1487 1334 1529 dicit

90 1554 300 1599 Dominus
325 1555 464 1599 :Eece
500 1556 613 1600 dabo
655 1569 786 1612 super
822 1569 898 1601 ves
939 1570 1110 1609 nervos,
1158 1565 1199 1601 et
1236 1570 1335 1602 suc·-

91 1640 288 1672 crescere
308 1627 461 1672 faciam
485 1641 656 1680 carnes,
675 1635 718 1673 et
734 1630 1090 1686 superextendam
1118 1631 1238 1675 vohis
1259 1642 1334 1674 cu-

87 1707 194 1753 tem,
223 1703 332 1745 daho
357 1702 482 1746 vobis
505 1703 720 1758 spiritum,
763 1710 805 1746 et
829 1705 997 1748 viretis.
1034 1704 1085 1746 Et
1117 1705 1258 1747 adhuc
1284 1716 1335 1747 co

90 1777 293 1830 loquente
318 1775 457 1818 laetus
486 1782 551 1818 est
579 1788 712 1819 sonus
733 1782 774 1819 et
798 1777 1044 1827 commuue,
1070 1783 1112 1819 et
1139 1789 1335 1820 accesse—

90 1856 190 1889 runt
236 1858 334 1889 ossa
373 1846 423 1888 :ul
462 1843 578 1898 ossa,
619 1848 962 1904 unumquodque,
999 1845 1051 1892 ad
1085 1849 1333 1903 Juncturam

87 1933 230 1970 suam,
254 1929 295 1965 et
315 1935 418 1966 ecce
441 1934 570 1978 super
587 1936 635 1967 ea
650 1925 786 1974 nervi,
805 1931 847 1968 et
869 1937 1023 1970 earnes
1047 1930 1089 1971 et
1109 1928 1237 1978 cutis,
1260 1929 1335 1971 sed

92 1997 287 2051 spiritum
307 2009 392 2038 non
413 1997 624 2040 habebant
645 1996 812 2047 (Ezeclt.
838 1997 1018 2054 xxxvii).
1045 1997 1097 2041 Et
1119 2000 1226 2042 dixit
1253 2000 1336 2045 Do-

92 2068 234 2110 minus
255 2067 311 2110 ad·
331 2067 584 2122 prophetam
608 2081 618 2107 :
639 2067 785 2111 Clama
805 2069 855 2111 ad
884 2069 1100 2124 spiritum,
1124 2078 1165 2114 et
1187 2071 1332 2116 dices:

95 2154 108 2178 ι
139 2138 236 2182 Hice
260 2139 364 2182 dicit
389 2139 597 2192 Dominus
624 2153 635 2181 ε
669 2140 702 2182 Α
721 2147 907 2196 quatuor
929 2145 1067 2186 ventis
1094 2145 1205 2197 veni,
1249 2146 1336 2200 spi-

83 2213 216 2263 ritus,
255 2220 298 2255 et
331 2213 499 2256 insuffla
538 2224 673 2269 super
697 2214 948 2258 interlectos
980 2215 1103 2267 istos,
1152 2227 1193 2260 et
1226 2219 1337 2260 reri-

1414 262 1626 318 lignorum
1662 267 1896 319 habebunt,
1943 283 2030 316 non
2050 273 2103 315 de
2145 274 2279 322 silvis.
2315 275 2387 317 sed
2413 277 2465 319 de
2493 281 2637 327 armis.

1413 339 1455 375 et
1489 334 1742 391 colligentur
1774 352 1871 383 ossa
1895 347 2053 396 septem
2078 346 2220 395 annis,
2246 352 2288 388 et
2327 349 2581 401 sepelientur
2597 353 2638 395 in

1413 404 1537 459 valle,
1552 420 1645 462 quae
1661 409 1717 452 ob
1732 409 1813 454 hoc
1829 412 1995 456 dicetur
2010 411 2382 472 Polyandru1n“··,
2397 421 2518 475 quasi
2534 423 2643 466 ηιιιλ-

1416 483 1548 520 torum
1577 481 1758 524 virorum
1786 485 2014 537 sepultura.

1471 552 1656 594 ‘additio
1681 553 1717 595 l.
1752 552 1933 605 Quidam
1957 556 2091 601 Judaei
2124 559 2288 611 dicunt,
2313 564 2427 619 quod
2464 579 2640 623 campus

1414 621 1495 663 iste
1519 621 1645 666 suerit
1687 623 1728 667 in
1773 625 1966 692 deserto·L
1999 630 2069 673 ubi
2095 636 2157 674 tot
2183 631 2422 679 Judaeorum
2457 648 2550 694 post
2573 644 2645 684 ad-

1414 694 1647 739 orationem
1668 699 1786 739 vituli
1811 698 2080 755 interierunt,
2106 704 2147 747 in
2167 718 2252 761 quo
2275 707 2443 752 deserto
2463 714 2645 766 quadra-

1414 766 1532 820 ginta
1554 769 1679 811 annis
1703 775 1849 823 postea
1875 781 2142 830 erraverunt,
2170 778 2241 822 ubi
2269 791 2415 824 omnes
2438 788 2642 839 prostrati

1415 844 1514 878 suut
1537 838 1758 892 insepulti.

1472 908 1676 953 “Additio
1689 911 1732 954 Ξ.
1756 912 1910 957 Decem
1930 917 2069 963 tribus
2087 919 2339 965 dicebantur
2358 937 2453 968 csse
2466 938 2642 982 regnum

1415 979 1616 1036 Ephraim
1662 991 1838 1039 propter
1874 986 2117 1042 Jeroboam,
2159 993 2231 1046 qui
2262 997 2453 1050 regnavit
2481 1000 2645 1053 primus

1415 1064 1544 1108 super
1567 1055 1678 1105 illas,
1703 1064 1744 1099 et
1767 1056 1846 1099 suit
1868 1057 1920 1102 de
1943 1061 2054 1104 tribu
2079 1061 2298 1117 Ephraim.

1473 1125 1695 1167 ''U-idditio
1721 1128 1760 1170 5.
1793 1127 1887 1171 Non
1917 1130 2030 1185 quod
2058 1133 2114 1176 sit
2132 1125 2273 1177 sabula
2295 1136 2345 1179 de
2365 1136 2467 1193 Gog.
2492 1147 2533 1183 et
2557 1141 2646 1184 Ma-

1416 1206 1512 1250 gog,
1537 1195 1622 1239 imo
1656 1195 1854 1250 historia,
1890 1201 1962 1243 sed
1986 1201 2087 1256 quia
2110 1204 2173 1247 sic
2205 1205 2258 1248 ab
2290 1205 2477 1252 Hebraeis
2508 1213 2648 1267 appet-

1416 1270 1546 1312 laturi

1469 1343 1709 1386 ····Addin·o
1741 1344 1780 1387 t.
1808 1345 1842 1388 A
1867 1347 2004 1404 polys,
2044 1348 2156 1404 quod
2193 1356 2256 1394 est
2285 1353 2475 1405 multum,
2508 1361 2547 1398 et
2571 1368 2647 1399 an-

1413 1415 1531 1464 dros,
1556 1418 1669 1471 quod
1694 1424 1760 1461 est
1779 1418 1852 1469 vir,
1878 1421 1940 1463 vel
1967 1433 1988 1462 a
2013 1423 2150 1479 polys,
2173 1425 2285 1478 quod
2316 1431 2378 1468 cst
2405 1426 2644 1480 pluralitas,

1414 1493 1455 1529 et
1478 1487 1654 1537 andros,
1679 1490 1792 1544 quod
1807 1497 1872 1534 est
1891 1493 1969 1543 vir,·
1996 1494 2093 1537 inde
2114 1496 2410 1551 pol3andrum,
2437 1501 2557 1553 (musi
2582 1503 2645 1543 vi-

1414 1575 1554 1604 rorum
1581 1563 1807 1606 multorum
1829 1566 2052 1619 sepultura.

1470 1653 1573 1698 Cir.
1601 1652 1673 1700 Vl.
1706 1655 1826 1708 Quod
1860 1656 1972 1710 sacta
1998 1662 2058 1700 est
2092 1671 2238 1703 manus
2267 1659 2435 1704 Domini
2475 1675 2595 1717 super

1900 1711 2171 1758 Ezechielem.

1475 1798 1489 1824 ι
1514 1783 1559 1827 ln
1584 1783 1788 1828 vicesimo
1812 1786 1958 1841 quinte
1985 1799 2096 1828 anno
2115 1787 2517 1843 transmigrationis,
2550 1807 2564 1832 ι
2591 1791 2651 1846 ip—

1416 1868 1462 1899 se
1478 1863 1543 1900 est
1564 1868 1702 1900 annus
1725 1857 1973 1901 tricesimus
1999 1860 2151 1900 tertius
2170 1858 2286 1911 regni
2311 1857 2650 1903 Nabuchodono-

1416 1940 1504 1979 sor,
1541 1941 1555 1968 ι
1587 1930 1724 1985 primo
1767 1942 1931 1978 mense,
1970 1929 2134 1971 decima
2173 1929 2240 1971 die
2278 1930 2452 1981 mensis,
2498 1940 2650 1986 quarto

1415 1998 1582 2043 decimo
1606 2011 1732 2051 anno,
1757 2003 1981 2055 postquam
2008 2011 2213 2054 percussa
2236 2005 2300 2041 est
2321 2001 2488 2050 civitas,
2508 2003 2549 2044 in
2570 2003 2649 2046 hac

1417 2072 1508 2128 ipsa
1534 2073 1604 2117 die
1621 2071 1732 2115 sacta
1750 2079 1815 2116 est
1842 2062 1997 2116 manus
2034 2071 2203 2116 Domini
2226 2085 2352 2128 super
2386 2073 2647 2117 Ezechielem

1418 2145 1716 2202 (Ezech.x1.).»
1741 2145 1791 2188 Et
1815 2144 2098 2188 adduxiteum
2119 2146 2162 2188 in
2175 2146 2325 2202 spiritu
2351 2147 2392 2189 in
2412 2153 2566 2189 terram
2590 2146 2651 2190 lsr-

1418 2219 1523 2269 rael,
1550 2223 1881 2273 supermontem
1900 2218 2132 2270 excelsum,
2159 2225 2200 2262 et
2224 2219 2407 2262 ostendit
2431 2220 2467 2262 ei
2490 2220 2647 2262 descri-

91 2286 257 2328 viseant
307 2300 320 2326 ι
343 2283 394 2327 Et
412 2287 474 2329 sic
499 2285 756 2330 factumest.
786 2301 800 2328 ‹
832 2286 882 2330 Et
906 2289 1099 2333 viventes
1125 2296 1336 2334 steterunt
1359 2300 1392 2345 G
1418 2290 1824 2346 ptionem'civitatis,
1845 2297 1886 2333 et
1906 2280 2068 2346 templi,
2102 2304 2231 2346 super
2248 2305 2375 2347 quarn
2394 2292 2445 2335 ad
2464 2294 2646 2336 litteram

92 2370 219 2413 super
242 2357 371 2413 pedes
396 2371 514 2409 suos,
536 2360 752 2403 exercitus
774 2361 950 2416 grandis
969 2362 1095 2405 nimis
1120 2363 1256 2406 valde.
1283 2362 1335 2405 Et

91 2429 197 2474 dixit
219 2430 441 2481 Dominus
469 2446 477 2473 :
519 2430 627 2476 Ossa
659 2433 749 2476 haec
770 2434 973 2477 universa
1008 2435 1162 2479 domus
1203 2434 1335 2479 lsrael

84 2511 172 2547 est.
218 2520 232 2545 ι
280 2503 331 2546 Et
370 2505 559 2549 restituit
598 2505 777 2560 spiritus
819 2507 1069 2562 prophetam
1107 2508 1154 2551 in>
1194 2509 1335 2553 medio

93 2577 501 2633 transmigrationis,
527 2584 569 2621 et
595 2579 765 2622 locutus
800 2585 865 2623 est
899 2579 950 2621 ad
976 2592 1065 2634 eos,
1090 2593 1185 2636 quae
1213 2593 1336 2624 mon-

93 2657 305 2713 stra-verat
337 2651 374 2694 ei
414 2650 621 2711 Dominus
658 2652 700 2705 in
728 2654 898 2708 signum
926 2655 1126 2706 duorum,
1170 2656 1336 2699 scilicet

91 2723 378 2768 revocationis
401 2736 550 2768 eorum
579 2737 605 2767 a
637 2727 899 2776 captivitate,
938 2732 981 2769 et
1003 2729 1335 2773 resurrectionis

91 2808 321 2850 corporum
358 2796 402 2838 in
442 2796 542 2841 line.
569 2796 684 2840 Tulit
711 2797 904 2840 Ezechiel
930 2800 1090 2855 lignum
1111 2812 1259 2852 turtum,
1293 2805 1336 2843 et

86 2869 265 2924 scripsit
292 2881 422 2924 super
441 2870 560 2921 illud,
587 2869 750 2925 iignum
767 2869 903 2921 Judoe,
924 2878 966 2915 et
982 2874 1198 2916 sociorum
1222 2872 1332 2929 ejus,

90 2946 134 2983 et
158 2954 287 2996 super
310 2943 487 2986 alterum
504 2943 666 2999 lignum
693 2944 883 2999 scripsit,
901 2944 1061 3001 lignum
1079 2944 1333 3002 Ephraim“,

91 3003 133 3057 et
153 3014 367 3061 sociorum
384 3017 495 3070 eius,
518 3021 559 3058 et
580 3018 804 3072 conjunxit
820 3029 884 3067 ea,
905 3024 946 3060 et
971 3020 1105 3062 tenuit
1121 3031 1170 3062 ea
1189 3019 1231 3062 iu
1252 3031 1336 3062 una

85 3098 222 3128 manu
247 3086 394 3137 simul,
414 3092 459 3128 vet
483 3087 683 3130 dixerunt
705 3087 742 3129 ei
768 3102 774 3128 :
808 3101 820 3126 ‹
846 3087 955 3140 Quid
987 3089 1063 3131 tibi
1094 3087 1219 3131 visin
1241 3088 1338 3131 his?

92 3161 174 3212 Qui
206 3159 427 3216 respondit
452 3176 461 3203 :
485 3159 583 3204 Haec
604 3162 708 3204 dicit
732 3160 941 3205 Dominus
965 3175 974 3206 1
1004 3161 1113 3205 Ecce
1130 3174 1208 3218 ego
1231 3175 1336 3206 con·

94 3235 476 3289 gregabe'regnom
502 3232 629 3284 Juda,
655 3242 696 3278 et
724 3246 902 3289 regnum
941 3234 1162 3290 Ephraim,
1194 3241 1236 3278 et
1269 3236 1334 3277 sa-

95 3308 202 3351 elam
221 3306 362 3350 cosin
389 3314 556 3362 geniem
573 3318 720 3357 unam,
745 3315 786 3349 et
810 3318 988 3362 regnum
1009 3318 1158 3356 unum,
1177 3311 1218 3349 et
1240 3318 1335 3350 ser·

1418 2366 1555 2408 nostri
1593 2364 1804 2408 siluerunt
1830 2370 2041 2407 auctores.
2066 2363 2198 2406 Porro
2220 2363 2429 2413 Ezechiel.
2456 2365 2497 2406 in
2521 2366 2644 2407 Chal·

1417 2440 1506 2482 daca
1545 2437 1657 2481 inter
1681 2438 1956 2491 concaptivos
1979 2436 2189 2490 judicavit
2225 2442 2567 2491 transgressores
2592 2439 2652 2480 le-

1416 2513 1496 2570 gis,
1512 2518 1553 2556 et
1573 2512 1783 2567 praecipue
1802 2510 2009 2566 quasdam
2035 2509 2086 2553 de
2107 2510 2218 2552 tribu
2239 2508 2327 2552 Dan
2350 2518 2391 2554 et
2410 2509 2516 2560 Gad‚
2537 2513 2649 2565 qumi

1415 2586 1459 2628 in
1483 2585 1706 2627 Domitium
1731 2577 2046 2625 comantiterent
2066 2583 2208 2636 impia,
2229 2582 2333 2638 legis
2355 2584 2651 2639 persequendo

1418 2658 1635 2703 custodes.
1669 2655 1851 2707 Effecit,
1883 2661 1926 2697 ut
1964 2655 2066 2697 dicit
2097 2655 2375 2711 Epiphanius,
2405 2664 2554 2699 contra
2575 2668 2649 2700 eos

1417 2717 1657 2788 prodigium
1679 2741 1893 2784 magnum,
1914 2729 2012 2783 quia
2030 2729 2103 2770 lilii
2123 2741 2288 2780 eorum,
2305 2735 2346 2770 et
2363 2730 2557 2771 universa
2578 2742 2653 2784 p‹··.

1416 2817 1516 2848 cora
1542 2818 1564 2846 a
1584 2802 1854 2857 serpentibus
1878 2803 2119 2855 perierunt;
2146 2807 2186 2843 et
2213 2801 2404 2854 praedixit
2431 2803 2542 2855 quod
2567 2803 2648 2844 tri-

1417 2879 1497 2921 bus
1522 2877 1603 2920 illae
1621 2887 1705 2918 non
1732 2879 2047 2917 reverterentur
2070 2874 2120 2915 ad
2143 2874 2329 2928 propria,
2356 2875 2427 2916 seul
2449 2875 2487 2915 in
2505 2874 2651 2918 Mediae

1418 2952 1662 3008 regionibus
1684 2955 1979 3000 remanerent;
2005 2954 2178 3003 propter
2209 2947 2321 3000 quod
2342 2960 2431 2989 exa<
2448 2948 2579 2991 erbati
2606 2963 2649 2991 ιιι

1417 3037 1532 3073 eum,
1568 3024 1859 3066 distraxerunt
1888 3032 1982 3061 eum
2021 3020 2143 3073 equis
2187 3031 2262 3074 per
2299 3019 2538 3074 crepidines
2587 3032 2652 3061 sa·

1416 3105 1584 3144 mrum,
1606 3101 1647 3136 et
1669 3093 2054 3136 excerebraverunt
2078 3104 2191 3140 eum,
2216 3096 2256 3133 et
2273 3091 2528 3145 sepelierunt
2552 3104 2647 3133 eum

1418 3171 1460 3212 in
1486 3167 1588 3224 agro
1621 3168 1791 3209 Manlim
1834 3166 1875 3208 in
1901 3166 2099 3220 sepulcro
2124 3163 2238 3213 Sem,
2284 3169 2324 3206 et
2370 3163 2572 3213 Artaxad,
2606 3164 2647 3205 in

1417 3243 1620 3298 spelunca
1657 3238 1832 3294 duplici.
1869 3237 1912 3279 ln
1935 3238 2057 3291 cujus
2082 3235 2401 3279 similitudinem
2436 3235 2647 3276 Abraham

1418 3316 1460 3357 in
1485 3313 1658 3357 Hebron
1685 3312 1928 3367 sepulcrum
1961 3309 2078 3351 Sarae
2102 3307 2341 3362 composuit
2363 3305 2478 3355 (Gen.
2507 3307 2663 3362 niul..

96 3393 172 3424 “⁰⁵
191 3379 463 3423 meusnffi‘ffl
482 3380 683 3434 PPissCf'DS
701 3380 944 3422 θ”ὶῑθθΐῦῑῃ
966 3379 1293 3434 inperpetuum·
1317 3395 1331 3419 ⁸
1361 3365 1396 3411 D
1420 3388 1580 3442 Duplex
1622 3392 1761 3429 autem
1801 3383 1972 3433 dieitur,
2013 3395 2064 3426 eo
2101 3381 2211 3436 quod
2251 3386 2461 3422 camerata
2498 3378 2568 3427 siff,
2606 3383 2649 3420 et

103 3477 149 3485 -
175 3469 189 3494 ι
231 3453 281 3495 Et
307 3454 475 3495 locutus
510 3460 576 3496 est
617 3452 823 3496 Dominus
849 3453 902 3496 ad
927 3453 1189 3496 Ezechielem
1217 3469 1226 3495 :
1257 3451 1336 3495 Fili

95 3527 298 3578 hominis⁷
322 3527 556 3569 vaticinare
580 3523 789 3569 adversus
814 3525 904 3581 Gog
919 3533 960 3568 et
984 3532 1143 3568 terram
1167 3524 1334 3581 Magog‚

95 3593 243 3645 dicens
281 3613 291 3641 :
331 3599 430 3643 *llaec
469 3599 573 3642 dicit
611 3600 847 3644 Dominus:
878 3598 987 3643 Eece
1023 3611 1102 3654 ego
1126 3605 1334 3654 superte,

91 3673 204 3730 (ing,
242 3674 444 3729 princeps
488 3671 661 3716 Mosoeh
707 3679 748 3714 et
795 3671 978 3722 Thubal,
1027 3671 1231 3715 ‘sedmram
1278 3677 1333 3721 te,

99 3745 332 3789 ascendere
350 3750 390 3786 te
409 3746 560 3787 faciam
585 3745 637 3787 de
661 3744 868 3787 lateribus
885 3744 1116 3800 aquilonis,
1140 3749 1181 3785 et
1203 3743 1338 3784 addu-

97 3831 192 3862 cam
227 3827 265 3862 tc
286 3831 416 3873 super
436 3820 606 3862 montes
626 3817 773 3869 lsrael,
806 3825 846 3859 et
864 3817 991 3859 cades
1010 3816 1066 3858 ibi
1097 3823 1156 3865 tu,
1183 3821 1223 3858 et
1245 3827 1338 3858 om-

96 3895 169 3936 nia
194 3894 364 3949 agmina
394 3899 481 3944 tua,
504 3898 548 3937 et
575 3892 714 3934 dicam
738 3891 984 3935 volucribus
1007 3892 1101 3934 coeli
1122 3897 1165 3934 et
1189 3891 1337 3934 bestiis

97 3973 224 4008 terrae
249 3977 261 4007 :
289 3964 536 4020 Properate,
559 3972 600 4008 et
617 3964 776 4006 currite
803 3963 990 4018 undique
1021 3962 1075 4005 ad
1100 3963 1334 4011 victimam,

99 4051 227 4095 quam
255 4040 429 4083 immolo
448 4039 576 4083 'vobis
610 4050 738 4094 super
763 4045 930 4081 montes
954 4035 1102 4088 Israel,
1131 4045 1176 4080 ut
1193 4048 1337 4080 come-

96 4115 212 4157 datis
228 4126 402 4156 carnem
427 4113 620 4164 sortium,
645 4118 687 4158 ct
715 4113 965 4169 sanguinem
988 4110 1229 4168 principum
1253 4115 1339 4153 ter-

99 4200 157 4230 rae
178 4187 351 4230 bibatis.
377 4186 624 4230 Etossibus
646 4185 839 4229 corrosis
862 4183 975 4228 daho
995 4183 1237 4239 sepulcrum
1261 4195 1338 4226 no-

99 4260 328 4313 minatum,
353 4264 396 4303 et
423 4261 590 4303 mittam
614 4261 755 4315 ignem
781 4259 824 4300 in
849 4264 1007 4301 terram
1033 4257 1198 4312 Magog,
1225 4260 1266 4301 et
1296 4257 1342 4301 in

103 4334 186 4383 his,
227 4333 301 4387 qul
346 4330 544 4377 habitant
583 4334 626 4376 in
674 4333 830 4377 insutis
861 4331 1128 4374 confidenter
1172 4328 1339 4384 (Ezecle.

102 4406 475 4462 xxxv11¹,xxxix).
496 4418 510 4446 ι
537 4398 1123 4448 Ηοοῐιιιιιιίαιιιιιι·ΜῖΜπιιεί
1149 4402 1339 4444 futurum

104 4484 200 4535 post
224 4477 402 4535 regnum
442 4479 557 4523 mille
591 4489 817 4533 annorum,
859 4481 900 4520 et
936 4475 1047 4530 quod
1083 4481 1224 4518 tantus
1262 4476 1343 4518 erit

1417 3472 1564 3503 aversa
1591 3471 1612 3500 a
1630 3455 1854 3511 superficie
1875 3464 1997 3499 tcrrae
2018 3454 2242 3497 summitas
2257 3452 2348 3506 ejus
2366 3464 2388 3493 a
2408 3457 2527 3506 parte
2546 3464 2646 3502 una,

1416 3545 1562 3575 verum
1583 3544 1631 3573 ex
1652 3534 1772 3585 parte
1793 3528 1871 3570 alia
1896 3528 1937 3568 in
1958 3531 2073 3581 petra
2107 3537 2312 3580 suspensa
2339 3525 2393 3566 sit
2413 3535 2538 3577 supr-r
2560 3531 2647 3565 ier-0

1415 3618 1524 3649 ram.
1550 3604 1633 3647 iste
1658 3603 1862 3658 propheta
1891 3600 2048 3656 popule
2084 3600 2198 3641 desiit
2239 3598 2405 3651 signum
2440 3598 2481 3638 in
2518 3595 2646 3637 fluvio

1416 3674 1604 3727 Cliohar,
1641 3684 1686 3718 ut
1724 3675 1893 3729 quando
1918 3672 2115 3714 deiiceret
2141 3670 2396 3712 sustinerent
2419 3667 2647 3710 desolatio-

1417 3764 1513 3795 nem
1534 3756 1658 3793 terra:
1680 3759 1782 3796 suae,
1810 3753 1910 3787 tune
1926 3749 2147 3798 sperarent
2176 3753 2414 3797 regressum
2449 3740 2499 3781 ad
2524 3737 2647 3781 Jeru-

1417 3824 1566 3872 salem,
1591 3820 1762 3876 quando
1787 3818 2028 3860 inundaret.
2059 3814 2119 3858 Ad
2142 3827 2236 3857 eum
2260 3812 2514 3868 quandoque
2540 3823 2644 3852 ron--

1417 3898 1591 3938 venerat
1629 3892 1810 3946 plurima
1842 3888 2085 3935 multitude,
2112 3885 2457 3939 cm'icaptivorttm
2492 3883 2542 3926 ad
2566 3881 2646 3923 llu-

1414 3970 1530 4012 vium
1554 3965 1755 4015 Chobum
1787 3970 1828 4006 et
1845 3960 2030 4005 Chald-„ei
2058 3959 2328 4002 rebellionem
2349 3955 2486 4002 ver-iti,
2512 3956 2645 3998 irrue-

1417 4046 1519 4084 runt
1553 4049 1682 4093 sup³r
1724 4047 1815 4079 eos.
1854 4032 1948 4088 lpse
1984 4044 2083 4075 vero
2127 4029 2325 4085 precibus
2358 4027 2448 4070 suis
2490 4027 2645 4068 sistens

1420 4123 1555 4169 aquas
1572 4108 1764 4170 ‘fluminis
1803 4116 1932 4161 super
1975 4115 2106 4159 aquas
2140 4100 2360 4144 ambulans
2399 4110 2492 4141 cum
2531 4097 2644 4140 omni

1422 4183 1712 4232 multitudine,
1744 4179 1794 4223 ad
1821 4180 1997 4223 alteram
2030 4176 2164 4230 ripam
2189 4186 2234 4216 se
2257 4171 2431 4226 reecpit,
2456 4177 2496 4212 et
2522 4175 2646 4224 qunt-

1422 4263 1527 4315 quot
1549 4255 1735 4299 hostium
1759 4253 2119 4308 praesumpserant
2156 4259 2229 4290 eos
2267 4245 2406 4299 sequi,
2435 4243 2644 4287 submersi

1421 4333 1523 4372 sunt
1545 4360 1556 4379 ‚
1594 4333 1633 4369 et
1679 4337 1754 4379 per
1797 4321 2032 4365 orationem
2078 4319 2218 4362 subito
2257 4316 2418 4369 largam
2464 4314 2644 4368 piscium

1422 4402 1588 4455 copiam
1615 4397 1770 4453 populo
1801 4393 1996 4450 prmstitit
2024 4391 2076 4434 ad
2100 4388 2376 4434 vescendum.
2402 4385 2519 4443 Saepe
2543 4397 2642 4440 quo·

1423 4484 1505 4527 que
1528 4470 1671 4512 multis
1699 4465 1996 4511 deficientibus
2016 4463 2144 4508 vitam
2172 4461 2370 4505 rectituix.
