2924 4588
126 73 207 117 997

458 162 519 206 De
538 164 693 219 nuptiis
723 164 896 209 Hem-ici
919 169 1043 211 sexti.

181 229 309 278 Auno
340 235 397 278 ab
417 234 720 281 incarnatione
755 239 924 283 Domini
960 240 1190 284 millesimo
1225 249 1369 287 cente·

60 323 82 366 Q
125 308 237 353 simo
269 307 564 363 octuagesimo
601 313 741 360 sexto,
782 310 1020 355 indictione
1059 318 1211 364 sexta,
1246 321 1368 358 sexto

60 382 61 385 ’
124 377 341 424 Kalendas
362 378 607 434 Februarii,
647 392 723 424 rex
746 380 960 426 Hem-icus
994 389 1144 428 sextus
1171 397 1271 428 cum
1298 397 1367 430 re-

1079 80 1387 127 PANTHEON.
1428 111 1481 118 -
1510 85 1652 131 PARS
1686 88 1830 133 xvm.

1398 179 1434 222 A
1455 177 1554 231 gina
1587 178 1858 228 Constantia,
1881 178 1963 221 lilia
1984 179 2153 236 Rogerii
2174 183 2289 240 regis
2318 183 2488 236 Sieiliae,
2532 188 2698 243 suptias

2617 100 2700 143 998

1457 253 1668 307 gloriosas
1698 254 1931 297 celebravit
1965 255 2191 299 Mediolani
2217 260 2328 312 apud
2352 258 2562 303 Sanctum
2596 262 2698 304 Am-

1453 324 1647 368 brosium
1668 358 1681 376 ,
1708 338 1822 370 anno
1854 329 1994 373 aetatis
2015 341 2105 372 suae
2138 330 2346 386 vigesimo
2380 345 2520 388 primo
2542 365 2550 384 ‚
2579 346 2699 382 armo

1453 404 1596 441 autem
1618 400 1738 454 regni
1761 401 1827 443 sui
1848 401 2015 444 decimo
2042 404 2238 458 septinnio.

1054 487 1200 532 Partis
1226 489 1397 534 deeimoe
1420 490 1604 544 septima?
1630 489 1742 543 finis.
1816 531 1820 537 ,

391 711 1221 838 senarium
1365 718 2422 868 VITERBIENSIS

999 909 1790 1048 'PANTHEON.

739 1150 1017 1244 PARS
1078 1149 1509 1242 Ducum
1575 1151 2068 1247 OCTAVA.

988 1325 1078 1405 'DE
1118 1325 1318 1370 ANGLts
1351 1325 1421 1370 ET
1453 1325 1779 1372 SAXONIBUS.

286 1518 348 1564 De
369 1518 580 1564 nonnullis
604 1517 802 1563 Ecclesioe
820 1517 1166 1574 persecutoribus.

102 1591 315 1638 Chronica
338 1605 434 1650 quae
463 1592 688 1648 perhibent
716 1602 925 1648 regnasse
957 1589 1292 1644 Diocletianum,

100 1665 210 1709 Cum
232 1678 435 1721 regnasse
459 1665 540 1709 sibi
562 1665 757 1709 referunt
779 1670 884 1707 tunc
907 1663 1236 1716 Maximianum,

154 1738 340 1782 Climata
361 1739 565 1783 Britaniae
580 1751 709 1794 quem
736 1737 930 1782 tenuisse
953 1745 1131 1780 canunt.

99 1810 417 1855 Fecerat'hunc
439 1811 553 1867 apud
580 1811 660 1854 hos
685 1810 872 1866 regionis
898 1809 1035 1853 Roma
1058 1815 1307 1866 patronum,

99 1883 234 1938 Quem
261 1885 491 1940 perhibent
514 1889 581 1929 sat
602 1883 782 1941 pacifice
813 1882 1008 1926 tenuisse
1031 1882 1250 1934 colonum,

154 1958 277 2001 lluuc
301 1957 451 2014 patriae
473 1957 696 2001 dominum
715 1967 885 2013 semper
906 1955 1065 1998 habere
1095 1954 1258 1999 volunt.

97 2031 297 2076 Attamen
319 2032 363 2076 in
387 2037 564 2076 sanctos
586 2035 807 2076 exarserat
830 2029 900 2072 ille
925 2027 1090 2076 furore.

98 2104 305 2161 Undeque
328 2105 610 2149 Christicolas
634 2103 852 2147 deleverat
875 2114 899 2144 a
923 2102 1117 2157 regione,

152 2177 306 2223 Omnia
328 2177 551 2223 catholica
572 2177 735 2232 scripta
760 2186 955 2218 cremare
977 2174 1144 2218 volens.

469 2250 531 2293 De
553 2247 809 2292 Maximiani
831 2248 964 2303 prole.

97 2323 382 2368 Maximianus
405 2323 512 2375 obit,
539 2323 752 2367 scelerum
775 2320 1019 2364 scelerosus
1043 2323 1228 2370 amator,

94 2396 261 2442 Deserit
283 2405 327 2442 et
354 2398 547 2454 geminos
569 2395 745 2453 propria
769 2394 821 2437 ‹le
840 2393 1024 2448 conjuge
1047 2399 1192 2443 natOS,

149 2471 254 2514 Uter
270 2478 312 2515 et
334 2470 536 2514 Aurelius
556 2481 715 2513 nomen
732 2468 892 2511 habere
909 2467 1051 2510 datos.

93 2541 229 2586 Mater
251 2542 414 2585 habens
438 2553 612 2597 pueros,
637 2539 786 2596 procul
809 2550 834 2581 a
858 2538 1031 2593 regione
1056 2534 1253 2591 recedit„

93 2612 199 2658 Pais
220 2614 290 2657 ubi
313 2613 514 2655 Britaniae
541 2611 623 2656 sibi
644 2612 754 2654 clam
776 2613 1024 2653 reverenter
1044 2605 1207 2657 obedit,

146 2686 329 2730 Conscia
345 2679 466 2740 'quod
487 2685 633 2740 pueris
664 2689 775 2727 terra
794 2686 974 2739 paterna
999 2677 1126 2723 redit.

91 2758 298 2804 Hostibus
322 2758 482 2802 amotis
510 2757 585 2800 tali
607 2756 901 2800 moderamine
925 2754 1046 2805 totis,

92 2831 243 2877 Securi
267 2833 416 2875 vivunt
440 2832 579 2886 pueri,
599 2829 753 2885 procul
772 2827 872 2872 inde
896 2825 1065 2877 remoti,

147 2904 230 2949 Sed
257 2917 367 2949 nova
394 2917 491 2948 sors
514 2905 655 2947 oritur
671 2902 918 2959 perniciosa
936 2903 1061 2948 locis.

89 2976 288 3022 Defuncti
314 2979 427 3034 regis
453 2976 631 3021 fratrem
656 2975 760 3019 facit
785 2976 927 3020 insula
949 2989 1111 3032 regem,

3 3067 5 3069 ¹
46 3104 50 3107 ,
87 3049 270 3096 Nomine
286 3050 568 3095 Constantem
592 3050 852 3094 monachum
878 3050 953 3105 qui
980 3049 1157 3095 Canone
1175 3035 1336 3109 degens

143 3123 354 3179 Tempore
377 3130 474 3180 post
492 3123 664 3168 modico
679 3121 856 3167 Britona
879 3134 1012 3179 regna
1030 3123 1156 3180 regit.

351 3210 412 3255 De
437 3211 673 3268 Voltiqerno
689 3209 922 3266 Anqtorum
946 3209 1064 3254 duce.

87 3283 362 3341 voltigernus
383 3285 470 3328 dux
495 3284 734 3339 Anglorum
757 3294 954 3327 summus
977 3282 1178 3333 habetur,

86 3357 223 3402 Carus
247 3358 358 3414 apud
381 3369 584 3414 proceres
601 3361 692 3399 tota
715 3355 892 3411 regione
916 3361 1106 3405 tenetur,

139 3432 275 3487 Cujtts
297 3433 354 3475 ob
379 3431 588 3474 auxilium
611 3440 744 3486 regna
769 3433 885 3472 tenet
908 3428 1166 3474 monachus.

85 3505 158 3548 llle
175 3507 315 3555 docet,
346 3505 460 3561 quod
489 3505 625 3547 multa
642 3516 749 3547 voce
765 3515 838 3547 rex
857 3514 978 3545 arma
999 3503 1211 3552 virorum,

87 3579 142 3623 Ut
164 3580 302 3623 valeat
330 3579 485 3634 punire
509 3579 647 3622 malos
663 3588 946 3633 quoscunque
969 3587 1168 3627 suorum,

141 3652 191 3695 Et
214 3653 298 3696 sihi
322 3652 560 3708 subjiciens
583 3651 767 3706 stringat
785 3649 946 3704 ubique
970 3649 1127 3692 solum.

84 3725 244 3769 Clrarta
265 3732 391 3770 vocat
411 3736 521 3780 quos
540 3734 686 3767 meree
706 3724 819 3766 locat
845 3733 923 3778 per
945 3733 1076 3778 regna
1101 3720 1290 3773 Quirites

84 3796 224 3856 thue
244 3799 354 3842 solet
374 3802 589 3840 commota
610 3801 755 3839 movet
776 3794 999 3838 Britannia
1023 3794 1140 3845 lites,

137 3870 252 3923 Bella
278 3869 598 3925 fovent-gentes
622 3869 665 3912 iu
689 3868 864 3924 regione
880 3867 990 3912 sitae.

152 3942 428 3997 Quamobrem
450 3941 642 3985 Saxones
669 3939 881 3984 Oceanum
905 3939 1247 3994 transfretarunt.

85 4014 198 4060 Saxo
220 4021 399 4060 vocatus
424 4015 475 4058 ad
497 4015 588 4057 haec
612 4012 665 4055 ad
690 4013 805 4068 regia
830 4011 942 4055 heila
961 4016 1178 4063 morietur,

81 4087 215 4145 Cujus
233 4094 275 4132 et
294 4088 517 4132 innumera
542 4084 944 4142 populorumturba
965 4090 1179 4134 movetur,

133 4161 263 4205 Arma
288 4174 363 4217 per
386 4158 603 4204 Oceanum
627 4158 906 4212 militiamque
926 4158 1085 4206 serunt,

81 4230 262 4285 Miratur,
275 4234 362 4288 jam
382 4245 460 4275 -rcx
482 4244 560 4274 cur
583 4234 706 4286 copia
732 4237 850 4272 tanta
870 4229 1051 4272 veniret.

82 4303 194 4348 Saxo
211 4306 359 4357 refert,
382 4305 483 4360 quia
515 4309 606 4346 tota
627 4303 744 4346 (lomi
766 4314 987 4346 remanere
1009 4300 1223 4356 nequiret,

135 4377 268 4421 Terra
293 4377 402 4420 foret-
420 4376 604 4422 modica.
634 4370 765 4418 milite
783 4375 907 4430 plena
927 4375 1038 4416 loca.

1369 1455 1425 1465 -—-

1376 1526 1410 1569 Β
1435 1518 1568 1562 Plena
1594 1531 1699 1563 vtris
1723 1524 1853 1572 terra,
1879 1517 1968 1574 J‘am
1999 1530 2107 1575 pene
2126 1519 2300 1563 carebat
2324 1525 2363 1564 et
2388 1521 2535 1574 herba,

1433 1592 1533 1637 Haec
1555 1599 1627 1635 tua
1646 1606 1725 1636 nos
1749 1598 1866 1636 terra
1889 1603 1988 1634 cum
2010 1593 2065 1636 sit
2089 1593 2303 1636 ditissima
2329 1601 2488 1644 servat,

1489 1667 1553 1710 Tu
1580 1656 1654 1709 tibi
1675 1667 1904 1721 belligeros
1927 1678 2005 1708 nos
2028 1666 2211 1709 retineto
2236 1666 2366 1710 viros.

1431 1741 1576 1785 Turba
1601 1753 1751 1785 sumus
1779 1752 1905 1795 quam
1929 1739 2044 1793 pellit
2073 1739 2227 1782 humus
2253 1742 2405 1783 sortita
2430 1748 2674 1796 parentum.

1432 1813 1557 1858 Sorte
1582 1813 1676 1869 pari
1695 1824 1921 1855 remanere
1940 1812 2018 1853 lari
2040 1813 2127 1854 vult
2153 1813 2277 1856 turba
2303 1820 2541 1869 potentum,

1483 1885 1571 1930 Nos
1593 1896 1764 1941 quoque
1783 1896 1879 1927 sors
1901 1883 2017 1927 misit
2048 1894 2178 1939 regna
2202 1889 2346 1927 tenere
2367 1886 2459 1932 tibi.

1512 1994 1700 2038 Saxones
1726 2007 1751 2035 a
1780 1992 2020 2048 Voltiyerno
2044 1992 2145 2034 duce
2167 1991 2397 2037 humaniter
2421 1999 2589 2051 recepti.

1425 2098 1701 2155 voltigernus
1721 2101 1780 2143 ait
1801 2115 1811 2143 :
1840 2115 1853 2139 α
1876 2098 1994 2142 Nova
2022 2099 2107 2142 sint
2132 2099 2208 2142 tibi
2234 2101 2387 2156 gaudia
2412 2102 2517 2159 regi,

1422 2172 1505 2218 Cui
1527 2173 1698 2217 fortuna
1722 2181 1867 2216 truces
1892 2173 2021 2216 sortis
2041 2173 2232 2216 bonitate
2258 2174 2444 2230 subegit,

1364 2257 1399 2304 c
1481 2245 1553 2290 Sic
1578 2246 1705 2290 modo
1727 2251 1772 2290 tu
1798 2252 1887 2296 tua,
1915 2258 2006 2295 rex,
2030 2258 2162 2303 regna
2177 2247 2322 2301 quieta
2345 2248 2478 2303 regis.

1424 2318 1484 2361 Da
1507 2325 1581 2362 tua
1607 2317 1850 2362 Saxonihus
1877 2317 2111 2361 fortissima
2135 2326 2276 2362 castra
2303 2318 2455 2369 severi,

1422 2392 1543 2444 lura,
1571 2390 1826 2449 potestates,
1851 2393 1933 2436 sub
1953 2392 2142 2445 ,Saxonis
2166 2404 2264 2435 arce
2293 2393 2445 2444 teneri,

1480 2466 1666 2510 Saxonis
1695 2465 1833 2508 ollicio
1856 2465 1929 2507 dat
1952 2470 2026 2507 tua
2050 2465 2158 2508 heila
2183 2465 2290 2520 geri.

1420 2539 1578 2584 Cordis
1599 2538 1790 2583 amicitia
1815 2551 1941 2594 quam
1968 2537 2243 2594 voltigernus
2274 2538 2473 2589 habebat.

1421 2612 1553 2658 Insita
1579 2612 1822 2656 Saxonibus
1848 2612 1911 2655 sic
1938 2610 2122 2654 Saxonis
2148 2616 2243 2653 acta
2268 2611 2454 2662 fovebat,

1478 2686 1552 2730 Sic
1573 2699 1744 2742 quoque
1774 2686 1886 2728 Saxo
1909 2683 2007 2727 duci
2025 2683 2154 2726 corde
2173 2683 2308 2726 tidelis
2330 2690 2440 2726 erat.

1422 2756 1536 2802 Saxo
1560 2765 1710 2802 tenens
1735 2758 1918 2814 patriam
1945 2756 2059 2812 regis
2082 2755 2273 2799 bonitate
2298 2756 2463 2798 levatus

1419 2831 1598 2877 Occulta
1621 2831 1791 2875 feritate
1815 2831 1937 2875 ducis
1962 2829 2107 2874 subito
2129 2828 2339 2878 variatur,

1473 2902 1566 2947 Rex
1587 2903 1711 2947 ducis
1735 2903 1908 2958 ingenio
1930 2901 2118 2958 perdidit
2143 2912 2246 2944 ense
2269 2905 2409 2955 eaput.

1417 2978 1526 3023 Cum
1545 2977 1655 3020 duce
1674 2981 1778 3019 tunc
1796 2974 1963 3031 equites
1987 2973 2084 3017 [icto
2109 2984 2308 3029 gemuere
2324 2971 2487 3021 dolore,

1419 3049 1666 3104 Ulciscique
1688 3059 1838 3092 necem
1861 3047 1971 3089 falso
1994 3052 2184 3089 statuere
2203 3044 2363 3092 colore.

1473 3123 1699 3178 Cordeque
1717 3120 1887 3164 laetifico
1907 3120 2047 3163 tristia
2069 3125 2189 3174 gesta
2215 3120 2404 3160 movent.

1417 3196 1526 3241 Arce
1547 3197 1684 3240 trucis
1707 3200 1897 3239 statuere
1919 3192 2073 3235 ducem
2099 3190 2336 3234 consistere
2355 3198 2517 3244 regem,

1418 3270 1631 3315 Saxonica
1647 3270 1810 3313 virtute
1830 3267 1984 3312 sedens
2010 3272 2126 3311 tenet
2147 3266 2290 3309 omnia
2316 3264 2423 3319 lege,

1354 3333 1390 3377 D
1466 3342 1663 3398 Enseque
1690 3339 1903 3385 Saxonico
1924 3347 2073 3395 regnat
2095 3339 2136 3381 in
2156 3338 2258 3380 orbe
2279 3347 2374 3380 suo,

1413 3414 1552 3469 Hujus
1569 3419 1669 3468 erat⁴
1683 3413 1798 3469 regis
1823 3412 1946 3456 miles
1969 3411 2021 3455 (le
2040 3411 2203 3455 semine
2227 3414 2371 3458 natus,

1411 3489 1505 3532 Dux
1526 3488 1814 3544 Volgimerus,
1839 3486 1955 3541 vulgi
1978 3485 2140 3527 ratione
2153 3488 2347 3529 vocatus,

1466 3562 1628 3606 Militiae
1646 3561 1845 3616 princeps
1861 3560 2022 3607 clarus,
2046 3558 2099 3599 ad
2119 3566 2236 3597 arma
2255 3560 2424 3608 potens.
2536 3611 2540 3614 .

1411 3636 1483 3680 lne
1507 3635 1623 3680 dolet
1645 3632 1760 3690 quod
1784 3644 1913 3687 regna
1941 3630 2049 3674 solet
2072 3640 2149 3670 sua
2176 3625 2287 3671 Saxo
2314 3630 2472 3673 tenere.

1409 3708 1516 3752 Nam
1541 3706 1632 3751 fleri
1657 3705 1694 3749 si
1718 3703 1832 3747 Saxo
1850 3701 1975 3757 perit,
1996 3700 2086 3742 vult
2114 3697 2257 3752 regius
2280 3695 2433 3743 haeres,

1461 3781 1538 3826 His
1567 3785 1610 3825 et
1632 3779 1687 3823 ob
1707 3776 1911 3820 invidiam
1936 3779 2035 3816 tunc
2067 3770 2213 3827 gravis
2237 3767 2373 3811 hostis
2394 3771 2502 3810 erat.

1759 3886 1819 3929 De
1844 3885 2018 3934 Orsene,
2045 3888 2084 3924 et
2103 3878 2292 3935 Engista.

1403 4003 1525 4046 Tunc
1549 4005 1642 4044 erat
1666 3997 1897 4052 Anglorum
1921 3991 2075 4048 regalis
2100 3987 2251 4044 copula
2275 3983 2472 4032 fratrum,

1403 4074 1538 4119 Orsus
1563 4068 1827 4124 ct'Engistus
1849 4064 1984 4119 Angla
2006 4061 2171 4105 ratione
2195 4055 2359 4101 vocati:

1458 4145 1512 4187 Hi
1537 4143 1622 4186 duo
1646 4138 1886 4183 saxonibus
1911 4136 1991 4178 rite
2016 4132 2133 4175 suere
2162 4133 2305 4185 caput.

1401 4219 1509 4263 Dum
1536 4219 1676 4258 movet
1700 4213 1915 4255 introrsus
1940 4207 2024 4251 dux
2046 4204 2261 4259 volgimer
2301 4209 2416 4242 arma
2442 4202 2637 4240 seorsum

1401 4289 1577 4334 Restitit
1600 4287 1666 4329 his
1690 4295 1865 4339 prorsus
1894 4279 2050 4323 saliens
2078 4275 2276 4329 Engistus
2298 4277 2339 4314 et
2360 4269 2509 4315 Orsus.

1460 4361 1603 4406 insula
1628 4359 1847 4400 Britonum
1875 4357 2048 4409 praestat
2073 4355 2302 4401 utrumque
2327 4343 2485 4386 dolum.
