2924 4588
119 127 160 175 ¹
167 131 247 176 309

806 125 1068 177 Bistonia
1096 131 1492 181 sericati-snm.
1520 151 1591 170 2⁶-
1607 133 1766 200 Lmen
1800 138 1817 181 l
1846 136 2053 188 REGUM.

2590 146 2700 192 ¹310

52 205 58 235 '³
125 221 180 267 'id
200 225 266 264 est
286 230 362 276 per
383 211 596 264 viventem
612 202 862 282 Dominum,
882 221 1079 267 velsicut
1103 222 1217 269 Deus
1236 230 1304 270 est
1319 226 1383 269 vi·
1403 235 1440 278 A
1465 228 1552 278 rint
1575 239 1671 284 quae
1690 229 1943 275 decreverat
1965 232 2078 277 Deus
2109 234 2263 290 pel-,ire
2300 233 2351 278 Et
2383 232 2522 278 Saul.
2551 251 2566 277 ι
2595 235 2702 293 Ρεε-

133 305 257 345 vens,
281 299 322 336 et
351 304 440 336 non
461 292 519 336 dii
549 293 781 348 gentium,
789 308 804 334 ‹
833 294 872 338 si
892 295 1098 340 ceciderit
1123 290 1306 353 capillus
1326 298 1380 342 de

128 372 130 375 ’
132 365 274 422 capite
296 377 391 422 ejus
409 378 454 408 ιιι
474 371 650 409 terram.
679 379 695 407 ι
721 364 1005 423 Apusiopesis
1027 375 1111 421 est,
1135 371 1202 414 vel
1224 371 1381 425 legitur

133 439 187 491 εἰ,
213 450 291 496 pro
329 451 428 491 non,
464 452 480 479 «
509 442 552 482 et
581 439 836 495 eripuerunt
872 439 1104 484 Jonatham
1131 455 1158 486 e
1179 444 1380 488 manilius

133 503 287 570 patris,
304 517 348 556 ει
370 511 592 577 redierunt
617 513 669 556 ad
694 513 885 570 propria,
906 528 1003 556 ι--ι
1031 514 1136 558 Saul
1154 529 1255 559 vero
1275 530 1381 560 con-

13 576 19 594 ’
51 600 58 612 ·*
133 585 328 644 firmatus
349 583 394 627 iu
413 596 563 639 regno,
582 597 842 640 quocunque
863 599 912 630 se
936 592 1124 630 verterat
1148 588 1382 642 superabat

131 655 280 702 hostes
301 655 453 708 lsrael,
473 661 518 699 et
538 659 755 712 percussit
779 659 955 702 Amalec
982 670 992 698 :
1025 676 1041 699 ι
1067 658 1279 714 prolepsis
1295 668 1378 703 est.

131 726 212 774 Vel
245 728 357 773 forte
384 728 506 784 prius
530 729 747 786 percussit
771 742 900 785 quam
926 729 1088 772 deleret
1117 741 1167 774 ex
1195 736 1302 781 tuto,
1328 742 1382 773 ex

50 820 56 852 ι
131 795 338 848 mandato
359 802 547 848 Domini.
574 802 767 859 Fuerunt
791 797 933 847 autem
969 802 1046 846 lilii
1079 801 1223 847 Saulis
1245 803 1379 846 Jona-

132 873 246 927 uias,
266 881 308 919 ει
334 873 493 927 sessui,
518 880 562 919 ει
586 874 839 919 Melchisua.
864 874 1056 927 Quartus
1077 880 1245 919 tacetur
1265 875 1383 919 isbo-

133 950 246 1002 seth,
278 953 484 1004 tanquam
509 960 617 1004 puer
641 936 685 992 εἰ
723 949 917 992 nondum
956 948 1164 998 militans,
1189 949 1258 992 vel
1289 955 1383 991 tan·

132 1032 264 1077 quam
289 1020 477 1076 ineptus.
497 1019 616 1064 Filiae
645 1032 749 1064 vero
772 1019 869 1075 ejus
891 1019 1054 1075 Merui),
1074 1020 1116 1064 et
1140 1019 1314 1071 Michol,
1339 1026 1383 1064 et

133 1105 244 1137 uxor
267 1092 363 1148 ejus
393 1093 650 1144 Acliinoam,
682 1099 724 1138 et
749 1093 952 1150 princeps
976 1093 1140 1136 militiae
1164 1093 1308 1136 Abner
1334 1092 1382 1134 li-

134 1165 218 1211 lius
241 1165 325 1213 Ner
345 1167 553 1223 patruelis
566 1166 660 1222 ejus
684 1182 695 1211 ε
721 1180 820 1210 nam
841 1166 932 1217 Cis,
948 1171 990 1210 et
1011 1165 1096 1209 Ner
1118 1165 1275 1209 fratres
1289 1166 1382 1210 fue·

134 1247 252 1291 runt,
277 1248 319 1283 et
341 1239 415 1283 lilii
434 1239 571 1284 Abiel.
594 1238 770 1294 Legitur
783 1246 926 1283 tamen
944 1240 986 1282 in
1005 1238 1380 1295 Paralipomenon,

135 1312 248 1369 quod
271 1311 358 1356 Ner
397 1311 476 1356 luit
505 1319 626 1369 pater
661 1313 732 1358 Cis
760 1311 801 1369 (1
826 1313 976 1358 Parcet.
1005 1314 1098 1370 viu)
1129 1330 1138 1357 2
1166 1313 1283 1370 quod
1307 1327 1385 1370 pro

134 1386 439 1448 aetate-dictum
461 1392 544 1438 est,
569 1391 611 1429 et
631 1386 733 1442 quia
755 1387 938 1430 nutrivit
960 1399 1075 1431 eum.

191 1457 392 1502 *Addicto
421 1459 462 1503 l.
487 1457 622 1502 ¹Usus
647 1466 739 1502 erat
775 1459 890 1514 quod
921 1460 966 1503 in
1007 1461 1155 1516 praelio
1182 1474 1264 1504 non
1284 1462 1387 1506 edc-

134 1532 257 1580 bant,
281 1532 420 1576 donec
453 1531 715 1576 sacrificium
739 1535 1030 1589 vespertinum
1066 1534 1184 1578 lieret
1208 1547 1287 1590 pro
1314 1548 1382 1580 ec.

134 1605 339 1662 Alioquin
363 1604 547 1649 edebant
579 1617 676 1649 cum
712 1607 922 1661 sanguine
959 1607 1085 1662 quem
1112 1606 1311 1651 fuderant
1341 1609 1386 1652 in

136 1678 263 1723 belin.
297 1732 302 1738 .

303 1752 404 1795 Car.
432 1751 525 1797 XV.
549 1777 604 1784 —-
630 1753 750 1806 Quod
777 1753 883 1797 Saul
907 1755 1000 1797 eicit
1023 1754 1210 1799 Amalec.

198 1840 212 1869 t
228 1815 364 1881 ‘Tunc
383 1825 441 1867 ait
461 1823 635 1868 Samuel
656 1825 708 1868 ad
732 1823 836 1868 Saul
863 1838 873 1866 :
902 1825 1000 1869 Haec
1016 1827 1124 1877 ,dicit
1143 1827 1351 1872 Dominus
1372 1841 1382 1869 :

137 1895 352 1944 Demolire
371 1895 560 1949 Amalec,
586 1902 627 1939 et
653 1896 852 1941 universa
876 1897 989 1952 ejus,
1017 1898 1302 1953 quiarcstitit
1322 1898 1386 1943 ls-

138 1967 262 2024 raeli,
289 1979 387 2013 cum
405 1969 661 2013 ascenderet
684 1969 736 2013 de
757 1969 944 2026 AEgypto
969 1969 1013 2027 (Ι
1033 1969 1131 2027 Req.
1152 1971 1242 2027 xv).
1267 1986 1285 2014 ι
1310 1971 1387 2016 Ju-

139 2050 283 2085 menta
296 2041 469 2097 quidem
489 2043 626 2087 voluit·
643 2042 851 2086 Dominus
871 2044 1071 2094 interfici,
1093 2051 1140 2086 ut
1158 2045 1294 2088 necin
1308 2046 1387 2088 ali-

140 2127 227 2170 quo
252 2116 458 2171 memoria
487 2116 664 2159 Amalec
693 2122 957 2171 superesset.
996 2116 1105 2161 Sunt
1139 2118 1211 2173 qui
1239 2117 1387 2160 dicant

141 2189 238 2233 illos
262 2189 479 2233 maleficos
505 2188 654 2240 fuisse,
678 2198 720 2233 et
743 2189 788 2233 in
813 2191 1000 2244 pecudes
1023 2204 1071 2235 sc
1092 2191 1287 2235 vertendi
1309 2191 1389 2234 ha·

140 2262 288 2306 buisse
309 2264 524 2318 Ρειιιιῑιιιςι
539 2269 580 2306 ει
603 2263 700 2307 ideo
724 2276 778 2306 ne
798 2265 879 2308 sub
899 2264 1036 2307 sonna
1061 2266 1273 2321 pecudum
1287 2277 1387 2309 evao

1460 300 1592 344 cavi:
1620 302 1696 345 sed
1722 302 1802 346 hac
1823 304 1918 348 vice
1948 311 2073 360 porta
2097 313 2320 361 peceat-um
2343 318 2503 358 meum,
2535 323 2548 348 ι
2578 308 2619 351 id
2636 317 2703 354 est

1459 384 1534 414 ora
1558 381 1602 416 ει
1639 374 1818 418 satisfac
1855 387 2043 430 prome,
2067 379 2133 421 vel
2157 373 2323 422 dimitte
2353 379 2474 422 mihi.
2514 377 2593 422 Cui
2624 379 2702 424 Sa·

1459 446 1573 487 muel
1604 458 1615 485 :
1645 459 1659 484 ι
1689 445 1878 502 Proiecit
1904 454 1946 492 te
1967 447 2094 499 Deus,
2118 463 2171 493 ne
2196 452 2255 494 sis
2279 464 2352 494 rcx
2377 464 2506 506 supcr
2525 452 2697 496 lsrael.»

1460 516 1655 572 Cumque
1674 519 1802 562 vellet
1826 519 1946 564 abire
1971 520 2159 573 Samuel,
2177 522 2458 577 apprehendit
2476 538 2574 568 eum
2600 524 2703 568 Saul

1462 603 1538 645 per
1566 592 1857 636 summitatem
1899 581 2029 648 pallii‘
2049 595 2160 648 ejus,
2188 606 2281 650 quae
2311 597 2446 640 scissa
2471 602 2552 647 est,
2580 606 2622 641 ει
2645 598 2704 641 ait

1463 659 1635 705 Samuel
1663 675 1672 702 :
1702 678 1716 703 ‹
1749 662 1821 706 Sic
1840 663 1969 719 scidit
1987 664 2192 709 Dominus
2212 680 2388 722 regnum
2412 681 2435 711 a
2460 675 2502 713 te
2518 669 2660 721 hodic,
2683 684 2698 712 ι

1462 735 1504 778 id
1527 742 1592 780 cst
1615 749 1639 778 a
1663 743 1736 779 tua
1769 741 2038 793 posteritate.
2061 739 2255 796 Cumque
2289 741 2415 791 simul
2452 743 2704 787 adorassent

1461 805 1708 859 Dominum,
1725 811 1928 866 praecepit
1942 811 2112 855 Samuel
2125 812 2277 856 adduci
2295 813 2345 855 ad
2359 826 2403 857 sc
2417 827 2556 870 regem
2572 815 2703 871 Agag,

1460 886 1504 922 ct
1524 881 1693 924 oblatus
1716 889 1782 925 est
1801 882 1837 925 ei
1859 883 2030 938 pinguis
2050 889 2092 927 et
2117 891 2321 929 tremens.
2345 885 2394 928 Et
2411 886 2518 929 dixit
2542 886 2595 930 ad
2617 887 2699 931 Sa·

1462 953 1576 995 muel
1597 954 1714 1009 Agag
1743 969 1752 996 :
1783 968 1795 995 ι
1824 953 1995 999 Siccine
2019 964 2190 1012 separat
2216 970 2360 1001 amara
2379 972 2510 1010 mors,
2533 976 2547 1001 ›
2574 963 2698 1016 quasi

1461 1025 1650 1069 diceret:
1678 1026 1830 1069 Mirum
1852 1029 2045 1083 estquod
2071 1029 2132 1071 sie
2158 1035 2198 1072 te
2216 1032 2407 1073 concutit
2425 1043 2555 1083 mors,
2571 1039 2612 1075 et
2631 1045 2698 1077 se<-

1462 1099 1628 1153 paravit
1657 1100 1840 1141 animam
1865 1107 1981 1143 tuam
2009 1113 2032 1143 a
2058 1107 2114 1145 tc.
2149 1101 2330 1154 Quidam
2353 1105 2519 1154 dicunt,
2551 1121 2564 1146 ‹
2597 1105 2706 1151 duas

1463 1168 1674 1213 dictiones
1699 1174 1930 1225 separavit,
1954 1187 1968 1212 ι
1996 1177 2038 1214 et
2059 1173 2274 1227 supplent,
2305 1189 2318 1213 ι
2349 1175 2572 1219 adversum
2601 1182 2656 1226 te;
2685 1193 2701 1218 ι

1463 1242 1546 1293 vel,
1568 1243 1804 1287 secundum
1831 1245 1958 1286 aliam
1982 1245 2185 1295 litteram,
2215 1261 2229 1285 ι
2258 1253 2301 1289 ct
2331 1248 2437 1290 dixit
2455 1249 2570 1304 Agag
2596 1262 2606 1290 :
2635 1249 2706 1294 Sic

1469 1327 1536 1359 me
1553 1322 1724 1371 separat
1754 1327 1905 1359 amara·
1931 1328 2065 1361 mors.
2098 1333 2112 1358 ι
2141 1317 2271 1370 Quasi
2293 1319 2405 1362 dicat
2434 1336 2443 1363 ε
2472 1320 2584 1365 Mors
2613 1332 2706 1377 quae

1467 1394 1740 1445 separaverat
1764 1401 1786 1430 a
1813 1403 1879 1432 mc
1909 1402 2046 1440 meos,
2070 1393 2340 1435 amarissime
2370 1399 2539 1447 separat
2566 1406 2631 1436 me
2655 1395 2708 1437 al)

1466 1463 1730 1506 hominibus.
1756 1462 1808 1505 Et
1834 1464 2022 1506 concidit
2058 1477 2156 1507 eum
2192 1463 2361 1508 Samuel
2403 1467 2447 1508 ιιι
2482 1466 2633 1516 frusta,
2666 1475 2709 1511 et

1467 1537 1574 1579 abiit
1610 1535 1653 1578 in
1684 1535 1913 1579 Ramatha.
1945 1535 2047 1579 Saul
2086 1549 2188 1580 vero
2219 1538 2412 1581 ascendit
2455 1540 2496 1581 in
2535 1541 2709 1582 domum

1466 1619 1588 1652 suam
1611 1607 1654 1650 in
1679 1605 1854 1658 Gabaa;
1878 1611 1921 1649 et
1941 1619 2029 1649 non
2054 1607 2159 1650 vidit
2187 1605 2358 1650 Samuel
2383 1608 2493 1651 uitri
2519 1607 2707 1660 Saulem,

1467 1681 1510 1723 in
1542 1681 1693 1724 habitu
1727 1679 1893 1723 scilicet
1924 1679 2069 1734 regio·,
2093 1692 2192 1723 nam
2217 1680 2261 1723 in
2284 1681 2537 1736 prophetico
2561 1690 2706 1775 postea

1455 1753 1589 1798 vidit.

1506 1828 1608 1871 Car.
1635 1825 1746 1871 xvi.
1768 1850 1824 1859 —-
1846 1827 1908 1870 De
1931 1827 2121 1870 unctione
2146 1825 2319 1869 David
2306 1840 2347 1869 m
2371 1826 2491 1868 doum
2517 1826 2664 1882 patris.

1524 1899 1697 1944 Samuel
1719 1907 1862 1944 autem
1887 1900 2059 1957 lugebat
2079 1898 2198 1948 Saul,
2215 1906 2256 1943 et
2275 1901 2333 1943 ait
2350 1896 2552 1942 Dominus
2571 1915 2579 1941 ;
2600 1914 2613 1939 ι
2636 1899 2712 1942 Us-

1465 1985 1637 2029 quequo
1655 1973 1776 2030 luges
1802 1971 1922 2026 Saul,
1948 1986 2044 2017 cum
2075 1984 2153 2029 ego
2180 1971 2437 2028 projecerim
2463 1983 2559 2014 eum
2588 1987 2597 2014 ;
2629 1970 2712 2012 lm-

1465 2045 1535 2102 ple
1562 2057 1697 2088 cornu
1721 2046 1832 2096 oleo,
1854 2050 1896 2088 et
1918 2045 2026 2088 vade
2049 2045 2103 2102 ad
2124 2043 2298 2087 domum
2334 2041 2433 2089 lsai.
2461 2051 2506 2086 ut
2529 2043 2712 2099 inungas

1466 2128 1611 2172 regem
1634 2129 1768 2158 unum
1797 2116 1849 2159 de
1879 2116 1979 2159 liliis
2001 2115 2121 2170 ejus3
2146 2121 2189 2158 et
2215 2114 2315 2170 quia
2345 2115 2470 2157 times
2503 2112 2621 2165 Saul,
2652 2115 2711 2158 ser

1468 2190 1647 2234 vitulum
1668 2189 1790 2245 quasi
1814 2189 1866 2231 ad
1886 2188 2195 2232 immolandum
2218 2186 2259 2244 (Ι
2275 2187 2374 2243 Req.
2401 2187 2505 2243 xvi).
2538 2202 2551 2227 ι
2580 2188 2709 2231 Cum⁴

1467 2275 1551 2319 que
1562 2262 2076 2311 venissetinlletlilcliexm
2092 2261 2290 2304 dixerunt
2309 2262 2398 2304 seni
2404 2274 2451 2303 οι
2455 2275 2501 2305 cs
2515 2260 2565 2302 ad
2581 2273 2708 2304 eum:

141 2335 308 2386 delent,
328 2335 458 2378 etiam
480 2335 670 2391 pecudes
691 2337 890 2392 periisse.
924 2352 938 2377 ‹
969 2337 1021 2380 Et
1043 2350 1154 2382 rece.
1146 2340 1260 2382 teuit
1285 2338 1386 2383 Saul
1410 2358 1445 2404 C
1472 2349 1487 2375 ι
1518 2334 1784 2378 Pacificusne
1801 2339 1866 2378 est
1890 2333 2111 2389 ingressus
2135 2334 2263 2375 tuus?
2295 2350 2307 2373 ι
2338 2332 2563 2375 Timebant
2594 2333 2709 2375 enim

142 2407 329 2451 ducenta
366 2409 498 2451 millia
530 2410 625 2465 pedi
631 2419 739 2457 tum.
777 2417 818 2453 ct
849 2411 995 2455 decem
1030 2413 1166 2455 millia
1197 2413 1388 2456 virorum

141 2479 268 2542 Juda.
302 2496 318 2523 ι
349 2479 458 2525 Nota
483 2483 596 2538 quod
626 2481 715 2526 sere
741 2485 903 2539 ubique
926 2485 1133 2528 dicuntur
1155 2486 1236 2529 vlri
1261 2485 1388 2539 Juda,

142 2565 272 2608 quam
294 2554 483 2608 potiores
513 2555 696 2599 caeteris.
722 2555 847 2599 Unde
879 2545 981 2600 alibi
1009 2570 1018 2597 :
1052 2572 1066 2597 ι
1099 2556 1279 2609 Catulus
1303 2559 1392 2602 leo—

144 2622 340 2680 nis-luda
362 2624 480 2681 (Gen.
503 2627 638 2682 xmx).
661 2626 889 2683 »Cumque
905 2628 1130 2684 invaderet
1143 2627 1245 2672 Saul
1262 2629 1392 2672 Aina-

143 2697 227 2746 lcc,
243 2697 350 2740 dixit
371 2689 515 2741 Ciuoeo
542 2710 552 2738 :
584 2714 598 2739 ι
629 2698 795 2753 Recede
820 2700 873 2744 ab
895 2701 1085 2752 Amalec,
1104 2713 1160 2750 ue¹
1176 2701 1391 2744 involvam

145 2777 188 2817 te
207 2785 306 2819 cuin
325 2784 394 2825 co,
409 2773 509 2828 quia
529 2779 572 2816 tu
591 2773 730 2819 fecisti
745 2775 1087 2829 miscricordiam
1103 2788 1200 2819 cum
1213 2774 1360 2819 lsrael.
1373 2792 1387 2817 »

145 2837 295 2890 Jetliro
316 2846 431 2891 euim
454 2846 545 2904 qui,
570 2853 611 2890 et
638 2847 799 2903 linguei
821 2854 863 2891 et
879 2848 1109 2904 Cisdictus
1128 2855 1210 2899 est,
1232 2849 1392 2892 bonum

147 2918 378 2966 consilium
395 2912 658 2976 destJMoysi
681 2919 1296 2979 (Exod..xx'=m),cujusqdomus
1322 2920 1395 2962 lia-

147 2990 368 3035 bitabatin
390 2988 579 3044 Amalec,
602 3002 755 3050 practer
770 2994 879 3038 filios
892 2993 1030 3047 obab,
1049 3001 1090 3038 et
1115 2994 1278 3050 egressi
1294 3001 1393 3039 sunt

147 3066 299 3119 Ciuaei,
325 3074 368 3111 ct
401 3067 606 3124 deinceps
637 3070 943 3114 habitaverunt
967 3071 1018 3113 in·
1050 3068 1198 3113 lsrael.
1224 3069 1286 3113 Ex
1325 3069 1393 3113 liis

148 3130 271 3184 ortus
293 3146 360 3183 est
381 3139 568 3195 nechao,
586 3151 631 3186 ut
653 3144 696 3185 in
721 3142 1082 3199 Paralipomenon
1107 3138 1322 3199 legitur:'‹
1342 3140 1394 3184 lli

151 3218 252 3254 sunt
278 3211 428 3274 Cinaei,
466 3214 538 3269 qui
573 3221 781 3271 venerunt
811 3215 865 3259 de
901 3217 1048 3260 calore
1069 3215 1224 3259 domus
1259 3214 1395 3271 patris

151 3281 326 3331 Rechasb
350 3284 393 3343 (Ι
412 3285 558 3334 Paret.
584 3288 745 3344 n).2›--
762 3287 908 3332 «Tunc
927 3289 1141 3344 percussit
1156 3287 1396 3331 SaulAma-

153 3356 250 3399 lec
243 3370 286 3400 ιιι
307 3369 383 3402 ore
405 3359 552 3415 gladii,
585 3375 600 3400 ι
630 3360 672 3403 id
692 3367 758 3403 est
779 3361 824 3403 in
847 3361 1091 3404 vastatione
1110 3361 1234 3416 quasi
1265 3361 1394 3404 deio-

1470 2420 1525 2452 ne
1541 2414 1723 2468 propter
1744 2408 1930 2464 aliquam
1968 2407 2277 2449 correctionem
2302 2402 2489 2449 misisset
2523 2418 2614 2456 rex,
2644 2406 2709 2447 vel

1470 2482 1585 2538 quod
1606 2480 1799 2535 olicnsus
1835 2481 1943 2524 l’orte
1967 2494 2040 2536 reg,
2028 2481 2057 2522 i
2091 2479 2294 2535 fugisset,
2320 2484 2363 2539 ct
2391 2490 2476 2521 uon
2501 2478 2710 2521 auderent

1471 2568 1568 2602 cum
1595 2556 1800 2611 recipere.
1823 2555 1908 2607 Qui
1949 2558 2044 2598 cuin
2081 2554 2261 2596 dixisset
2283 2565 2328 2596 se
2349 2552 2519 2603 venisse
2555 2552 2608 2594 ad
2630 2553 2713 2593 im-

1470 2614 1735 2679 molandum,
1771 2628 2054 2671 sanctificavit
2078 2625 2177 2678 lsai,
2202 2632 2244 2668 ει
2271 2626 2379 2667 lilios
2411 2622 2520 2680 ej'us,
2555 2629 2596 2666 et
2622 2630 2712 2667 sta-

1472 2704 1554 2746 tuit
1573 2714 1648 2746 eos
1673 2712 1818 2745 coram
1843 2697 1984 2752 altari,
2007 2706 2048 2743 et
2072 2699 2223 2742 videns
2239 2698 2359 2741 Eliab
2382 2697 2706 2757 primogenium

1471 2787 1716 2832 procerum,
1744 2785 1788 2820 et
1814 2773 2022 2829 optimum
2035 2771 2262 2814 aestimavit
2285 2782 2425 2824 regem
2449 2768 2714 2821 futurum‚et

1473 2849 1531 2892 ait
1551 2848 1761 2891 Dominus
1793 2847 1844 2889 ad
1869 2858 1967 2889 eum
1993 2857 2003 2885 :
2035 2859 2049 2885 ι
2078 2843 2167 2899 Ego
2197 2855 2283 2886 non
2307 2840 2498 2897 corporis
2523 2841 2716 2896 pulchri-

1472 2921 1663 2964 tudinem
1685 2921 1848 2975 apicem
1871 2918 1981 2961 sacio
2005 2917 2208 2973 regalem,
2226 2915 2300 2960 sed
2323 2915 2711 2957 animitirtutcm.»

1472 2991 1519 3035 In
1539 2992 1735 3036 cunidem
1760 2990 1936 3046 modum
1958 2990 2156 3045 probavit
2178 2988 2386 3032 Dominus
2412 2988 2533 3030 alios,
2553 2984 2712 3029 Statue·

1472 3071 1540 3108 rat
1562 3065 1675 3108 enim
1699 3063 1780 3106 lsai
1805 3071 1965 3118 septem
1997 3063 2106 3106 lilios
2134 3073 2279 3103 coram
2307 3058 2520 3109 Samuele,
2552 3064 2715 3114 septem

1474 3138 1687 3195 proprios),
1715 3142 1756 3179 ct
1792 3135 1961 3178 Nathan
1990 3135 2247 3188 adoptatum
2286 3128 2418 3174 lilium
2451 3130 2607 3172 Samaa
2638 3129 2715 3171 tilii

1474 3211 1558 3259 sui,
1571 3215 1613 3253 et
1637 3191 1861 3251 aitSamu
1858 3206 1955 3249 lad
1978 3219 2076 3250 cum
2106 3222 2115 3248 ;
2147 3222 2161 3245 ι
2189 3203 2390 3258 Nunquul
2404 3203 2601 3258 completi
2615 3206 2715 3244 suut

1475 3281 1580 3324 tilii?
1604 3280 1683 3332 Qui
1717 3279 1976 3336 respondit.
2003 3277 2154 3320 Adhuc
2185 3274 2374 3332 reliquus
2394 3280 2458 3318 est
2495 3273 2714 3329 parvulae,
2764 3271 2766 3273 ’

1475 3362 1517 3399 ει
1548 3355 1688 3410 pascit
1708 3365 1826 3397 oves.
1859 3369 1873 3393 ι
1903 3353 1948 3394 Et
1969 3351 2148 3406 jubente
2183 3349 2381 3392 Samuele
2407 3348 2619 3390 adductus
2649 3352 2715 3393 cst

153 3429 348 3482 ratione;
373 3431 441 3486 vel
473 3437 540 3475 est
575 3432 753 3484 locutio,
789 3433 832 3476 id
856 3433 986 3477 estin
1010 3433 1170 3489 gladio,
1201 3449 1214 3474 «
1244 3440 1287 3477 et
1316 3446 1393 3488 pe·
1422 3427 1454 3471 D
1483 3444 1496 3470 ι
1526 3428 1659 3471 David
1683 3427 1820 3478 rusus,
1855 3443 1869 3466 ›
1899 3426 1941 3483 id
1961 3431 2025 3468 cst
2040 3423 2322 3467 rubicundus
2355 3437 2367 3460 ι
2400 3421 2450 3462 Et
2470 3420 2661 3475 puicher;
2675 3425 2716 3460 ct

153 3503 289 3558 percit
313 3490 416 3546 Saul
443 3503 561 3561 Agag
591 3507 716 3562 regi
702 3505 892 3557 Amalec,
919 3513 960 3550 ct
985 3508 1158 3563 optimis
1182 3514 1397 3550 armento-

154 3587 268 3619 rum.
299 3575 352 3620 Et
387 3576 446 3620 ait
471 3577 680 3622 Dominus
713 3579 765 3622 ad
803 3579 1047 3624 Samuelem
1075 3594 1084 3623 :
1111 3579 1298 3632 Pocnitet
1331 3591 1397 3634 me

156 3650 269 3705 quod
296 3650 469 3694 fecerim
503 3650 607 3694 Saul
632 3664 791 3708 regem.
824 3667 839 3694 ι
869 3653 919 3697 Ει
952 3654 1092 3698 oravit
1118 3652 1292 3700 Samuel
1321 3665 1397 3708 pro

155 3734 208 3764 eo
233 3715 468 3766 *Dominum
497 3712 599 3767 *tota
625 3731 766 3768 nocte.
800 3725 993 3782 Cumque
1017 3726 1256 3783 accepisset
1284 3725 1397 3780 quod

159 3795 265 3838 Saul
287 3783 482 3859 erexerat
506 3798 589 3842 sibi
612 3797 819 3842 fornicem
838 3798 1137 3855 triumphalem
1156 3798 1202 3842 in
1224 3798 1398 3848 Carme-

158 3869 229 3920 Ιει,4
241 3868 366 3923 juxta
389 3870 633 3926 superbiam
651 3872 859 3927 gentium,
879 3883 974 3926 quae
991 3870 1215 3921 faciebant-
1230 3869 1299 3924 ligi
1329 3882 1399 3912 ar-

160 3952 257 3984 cum
281 3940 335 3985 de
361 3943 530 3998 myrtis,
553 3947 594 3985 et
619 3943 790 3998 palmis,
812 3949 855 3986 et
877 3943 1020 3993 olivis,
1049 3943 1094 3984 in
1118 3942 1288 4000 signum
1314 3941 1399 3982 vic—

162 4015 299 4064 toriae,
332 4013 554 4074 descendit
587 4016 639 4058 ad
675 4029 773 4059 cum
796 4016 841 4059 in
871 4014 1065 4071 Galgala,
1087 4020 1127 4058 ct
1152 4014 1339 4058 occurrit
1359 4013 1398 4055 ei

115 4134 116 4137 Ἰ
165 4085 283 4130 Saul.
307 4085 499 4143 Cumque
516 4089 732 4144 culpasset
751 4075 850 4132 eum
873 4087 986 4143 quod
1010 4087 1229 4142 quidpiam
1261 4098 1400 4128 reser-

162 4165 306 4203 vasset
314 4158 378 4218 de
396 4160 620 4215 Amalec,
611 4175 654 4203 ιιι
677 4161 999 4204 excusationem
1025 4160 1092 4202 sui
1127 4159 1295 4203 dicebat
1325 4171 1402 4214 po-

164 4232 312 4287 pulum
334 4244 580 4281 reservasse
598 4235 756 4288 optima
776 4233 831 4276 ad
862 4231 1125 4275 offerendum
1154 4229 1334 4273 Domino
1358 4231 1401 4272 in

165 4301 397 4356 gratiarum
416 4304 642 4346 actionem
668 4304 746 4347 Cui
767 4302 975 4346 Samuel
1005 4320 1020 4342 ι
1049 4301 1198 4344 Melior
1217 4301 1402 4345 estolle-

165 4371 328 4416 dientia
360 4385 490 4428 quam
530 4373 730 4418 victimat.
763 4390 778 4416 ι
811 4373 951 4429 Super
991 4373 1128 4415 bonos
1168 4370 1432 4425 delectatur

166 4443 296 4498 Deus,
315 4453 362 4490 ct
386 4459 471 4491 nau
495 4439 625 4504 supet
649 4446 879 4499 sacrificia,
910 4445 1146 4503 pracsertim
1173 4444 1210 4487 si
1235 4444 1400 4489 obtule·

1455 3526 1465 3534 ·s
1477 3501 1680 3544 inunctus
1696 3507 1761 3543 est
1785 3499 1825 3540 in
1847 3483 1987 3540 medio
2013 3496 2211 3547 fratrum,
2234 3501 2276 3538 ct
2302 3494 2492 3536 dilectus
2526 3497 2592 3534 cst
2618 3489 2713 3544 Spi-

1475 3573 1585 3617 ritus
1614 3570 1781 3612 Domini
1807 3570 1849 3611 in
1875 3567 2006 3611 David
2032 3580 2055 3610 a
2081 3567 2150 3610 die
2171 3567 2242 3608 illa
2265 3572 2307 3608 et
2330 3564 2547 3616 deinceps.
2571 3561 2620 3603 Ei
2648 3571 2716 3603 rc·-

1476 3645 1607 3687 cessit
1637 3642 1825 3697 Spiritus
1859 3636 2078 3688 Domiuia
2104 3638 2221 3689 Saul,
2255 3641 2296 3693 et
2334 3631 2581 3688 exagitabat
2617 3643 2718 3674 cum

1478 3716 1654 3770 spiritus
1693 3725 1875 3769 nequam
1906 3728 1920 3754 ›
1953 3711 2154 3754 missus«
2185 3722 2208 3750 a
2233 3707 2428 3750 Domino.
2458 3719 2473 3747 ι
2503 3703 2614 3745 Dicit
2643 3701 2718 3743 Jo-

1478 3789 1637 3844 scplius
1662 3788 1793 3831 David
1812 3793 1915 3829 tunc
1942 3784 2161 3839 accepisse
2182 3782 2379 3837 spiritum
2402 3774 2713 3834 propheticum,

1479 3864 1592 3906 sicut
1610 3862 1680 3904 ille
1701 3860 1877 3915 quidem
1892 3857 2153 3914 prophetare
2173 3854 2328 3910 coepit,
2354 3858 2504 3896 sancto
2525 3861 2652 3905 super
2670 3861 2716 3892 se

1483 3935 1645 3992 Spiritu
1667 3935 1881 3978 veniente.
1910 3930 1992 3975 Sed
2021 3929 2122 3985 quia
2144 3929 2306 3971 dictum
2339 3932 2404 3969 cst
2427 3924 2624 3980 spiritum
2647 3917 2722 3965 re·v
2753 3968 2758 3969 ⁷

1479 4008 1666 4051 cessisse
1687 4019 1712 4049 a
1735 4005 1854 4055 Saul,
1873 4012 1913 4047 ει
1938 4004 2147 4046 directum
2166 4003 2208 4044 in
2238 4001 2385 4050 David,
2410 3999 2579 4042 videtur
2602 3997 2715 4051 quod

1479 4083 1532 4126 de
1546 4079 1877 4135 eodem-spiritu>
1894 4079 2079 4127 dicatur,
2106 4076 2148 4119 id
2173 4082 2255 4124 est,
2281 4073 2332 4117 dc
2356 4074 2492 4129 gratia
2512 4070 2714 4127 Spiritus,

1481 4166 1563 4211 qua
1584 4154 1812 4209 hucusque
1838 4151 1942 4195 Saul
1963 4154 2099 4194 victor
2122 4149 2309 4192 hostium
2332 4146 2567 4188 exstiterat.
2594 4140 2716 4184 Tunc

1481 4228 1682 4271 dixerunt
1703 4226 1759 4270 ad
1784 4225 1885 4269 Saul
1907 4223 2043 4268 servi
2041 4222 2187 4277 ejus.
2220 4236 2246 4260 ‹
2264 4218 2450 4274 Spiritus
2469 4216 2608 4259 nialus
2641 4225 2716 4256 ex-

1483 4304 1615 4358 agitat
1638 4308 1713 4344 ιε
1740 4298 1895 4341 adhibe
1920 4297 1994 4339 tibi
2011 4295 2193 4352 psaltem
2215 4292 2397 4354 peritum
2420 4290 2463 4330 in
2478 4284 2658 4335 cithara,
2674 4291 2717 4327 ει

1483 4373 1634 4417 levius
1639 4370 1768 4417 fer-es
1799 4386 1814 4410 ›
1842 4368 2038 4412 Tradunt
2068 4365 2230 4422 physici
2260 4363 2373 4419 quod
2402 4359 2624 4404 haimonia
2646 4357 2717 4398 la>-

1486 4451 1584 4488 tum-
1601 4442 1984 4493 reddatlaetiorem,
2007 4445 2049 4482 et
2071 4438 2234 4482 tristem
2259 4435 2507 4479 tristiorem.
2525 4429 2717 4473 Tradunt
