2924 4588
228 42 309 83 255

236 93 258 119 ἱ

229 202 391 246 vator-is
415 202 551 244 nostri
582 201 684 251 Dei,
711 176 805 255 (εἷα)
837 184 1037 256 apparuit
1059 195 1260 239 omnibus
1285 192 1474 236 homini·

230 271 312 314 bus
336 271 539 314 erudiens
558 282 652 322 nos,
678 279 720 311 ut
745 268 991 325 abneqcentes
1016 268 1266 321 impietatem
1290 272 1328 306 et
1349 274 1478 306 swen-

230 342 341 385 lart‘a
357 320 589 390 desideria?
606 341 740 383 sobrie
762 341 830 396 pie
842 347 879 382 et
891 340 1006 394 juste
1027 340 1210 382 vivamus
1234 338 1275 378 in
1300 335 1377 377 hoc
1392 347 1475 377 εω-

228 414 321 456 culo
347 413 431 455 (Tit
478 425 537 462 ιι,
563 414 651 468 ll).

288 484 374 527 vn.
410 484 499 527 Duo
539 491 660 536 sunt,
692 492 736 527 ut
758 498 810 526 ex
843 482 1139 539 superioribus
1159 480 1373 535 conjicere
1398 491 1476 534 po-

228 558 353 601 testis
375 557 547 599 vincula
574 556 757 606 Satanae,
778 558 936 612 quibus
960 555 1169 610 reprobos
1195 554 1404 609 pertrabit
1421 552 1475 595 ad

227 635 432 672 aeternam
469 641 638 683 poenam
674 629 904 685 gebennae;
931 628 1198 684 ignorantia,
1226 638 1311 681 qua
1337 636 1475 668 excae-

228 706 395 749 cantur,
418 712 472 742 ne
490 731 501 749 ,
529 699 641 754 quod
671 711 826 742 verum
846 705 935 747 est,
962 702 1223 753 agnoscant,
1250 705 1288 739 et
1315 708 1477 739 concu-

227 772 467 827 piscentia,
491 784 575 827 qua
612 771 844 814 trahuntur
880 771 1035 820 illecti,
1079 775 1126 812 ut
1161 768 1276 824 quod
1313 769 1475 811 malum

226 850 292 887 est
327 849 571 886 exerceant.
595 842 655 885 lbi
690 855 777 885 non
804 848 920 885 recte
953 841 1198 890 credentes,
1235 841 1306 882 bic
1332 846 1475 883 autent

227 929 314 959 non
341 922 488 959 sancte
523 916 733 959 viventes.
758 915 955 970 Impietas
991 913 1068 970 [al.
1109 902 1344 967 impietatis
1381 923 1475 954 ma-

226 988 332 1045 lum]
355 994 399 1031 ut
424 987 529 1030 mihi
558 988 746 1037 videtur,
771 988 954 1042 pertinet
969 985 1031 1028 -ad
1057 986 1268 1041 primum:
1299 984 1477 1028 saecula-

225 1061 291 1104 ria
314 1072 415 1103 vero
439 1058 659 1103 desideria·
690 1059 744 1101 ad
769 1058 1022 1101 secundum.
1047 1056 1157 1109 Quia
1188 1058 1405 1112 impietas,
1428 1061 1477 1099 ut

226 1132 401 1188 quidam
425 1138 652 1181 asserunt,
670 1137 763 1184 est,
786 1144 882 1186 quae
904 1131 1119 1174 hominem
1143 1130 1359 1174 offendere
1376 1129 1476 1172 l'acit

225 1206 271 1250 in
295 1205 447 1258 lidem3
475 1204 700 1247 saecularia
722 1216 823 1246 vero
849 1202 1063 1247 desideria
1084 1202 1136 1245 ad
1163 1201 1370 1245 nefariam
1396 1202 1475 1244 im-
1504 1186 1533 1230 Β
1557 1213 1645 1249 tate
1683 1206 1894 1256 auditum,
1917 1217 1949 1247 a
1978 1204 2197 1259 voluptate
2232 1202 2461 1254 olfactum,
2503 1203 2558 1245 ab
2594 1202 2760 1246 edacita
2790 1221 2800 1241 t
2822 1224 2827 1243 ;

226 1279 391 1335 pellunt
411 1278 642 1320 actionem.
670 1275 820 1319 Erudit
861 1287 941 1318 nos
965 1274 1204 1318 salvatoris
1231 1275 1370 1319 nostri
1402 1273 1474 1317 Dei

225 1352 362 1407 gratia
378 1382 390 1402 ,
416 1356 465 1393 ut
488 1350 753 1405 abnegemus
791 1349 1054 1404 impietatem
1078 1355 1120 1392 et
1151 1347 1374 1392 saecularia
1396 1347 1474 1391 de-

223 1421 399 1466 sideria.
423 1421 548 1474 Quia,
589 1421 625 1464 si
651 1419 822 1463 accedis
848 1420 901 1462 ad
935 1420 1117 1475 gratiam
1149 1419 1471 1476 praedicationis

224 1508 339 1548 stite,
364 1495 467 1550 quid
491 1495 549 1538 ibi
588 1493 730 1543 audis,
754 1493 871 1548 quod
894 1492 1057 1536 erroris
1090 1492 1351 1547 impietatem
1383 1495 1474 1536 non

224 1566 444 1611 destruat?
480 1566 516 1609 si
556 1565 608 1608 ad
644 1566 832 1621 gratiam
861 1565 1203 1608 conversationis
1225 1576 1338 1608 suae:
1369 1564 1472 1620 quid

224 1640 283 1683 ibi
317 1638 502 1686 invenis.
535 1638 649 1693 quod
677 1638 899 1681 saecularia
930 1639 1133 1681 intuente
1149 1637 1364 1681 desideria
1386 1649 1470 1680 non

222 1711 498 1767 exstinguat?
519 1710 740 1757 Christum
757 1743 768 1761 ,
795 1711 855 1754 ait
885 1710 1138 1767 Apostolus,
1164 1710 1238 1754 Dei
1271 1711 1475 1754 virtutem

220 1788 266 1826 et
290 1782 543 1838 sapientiam
559 1781 604 1839 (I
620 1781 718 1824 Cor.
750 1794 792 1833 ι,
827 1781 917 1838 st„
945 1782 1123 1826 auribus
1142 1782 1346 1826 audiendi
1366 1781 1474 1825 audi

222 1857 502 1912 sapientiam,
547 1862 590 1900 et
630 1868 779 1901 errare
823 1863 871 1900 te
912 1869 998 1901 non
1046 1857 1175 1901 saciet
1210 1858 1412 1914 impietas
1447 1870 1473 1900 a

220 1934 336 1971 recta
356 1926 637 1981 credulitate;
662 1928 708 1970 in
732 1932 878 1971 mente
899 1928 1168 1985 amplexibus
1195 1930 1357 1974 amoris
1387 1931 1474 1973 rir-

221 1999 306 2043 tuti
337 2000 614 2056 conjungere,
634 2012 713 2044 nec
732 2005 775 2044 te
802 1999 1132 2046 inflammabunt
1151 2003 1374 2046 saecularia
1398 2004 1474 2047 de·-

223 2072 381 2117 sideria
407 2073 647 2129 iniquitate.
670 2073 825 2117 Mirum
849 2080 1082 2131 utrumque
1098 2075 1180 2119 hoc
1201 2075 1363 2119 bonum
1376 2089 1475 2121 ver·-

222 2145 290 2190 bis
323 2146 474 2200 paucis
502 2147 752 2201 complexus
785 2151 852 2190 est
882 2152 1060 2191 sanctus
1092 2146 1256 2199 David,
1283 2149 1357 2204 qui
1384 2150 1468 2193 ait:

222 2217 426 2261 Dominus
445 2218 699 2261 illuminatio
714 2232 803 2262 mea
819 2225 858 2262 et
877 2219 992 2263 salua
1010 2234 1102 2264 mea
1118 2219 1258 2277 (Psal.
1271 2233 1388 2273 xxvi,
1411 2221 1469 2279 l).
1494 2255 1527 2302 C

223 2290 315 2334 Hoc
338 2298 432 2342 est,
462 2291 697 2335 illustrabit
721 2303 789 2335 me
820 2292 891 2335 lux
917 2305 1011 2336 mea
1047 2292 1284 2346 Dominus,
1311 2307 1365 2339 ne
1391 2295 1474 2338 im-

221 2363 395 2420 pietatis
420 2376 488 2406 me
526 2364 717 2407 tenebrae
755 2364 1012 2408 obscurent:
1041 2365 1226 2409 salvabit
1250 2379 1319 2410 me
1357 2366 1476 2410 salus

222 2450 319 2481 mea
336 2436 563 2488 Dominus,
581 2451 635 2481 ne
649 2440 872 2482 saecularia
892 2452 958 2483 me
976 2439 1190 2483 desideria
1205 2440 1473 2484 subvertant.

224 2509 359 2561 Quem
389 2509 564 2562 timebo,
598 2522 695 2553 cuin
722 2511 816 2567 ipso
853 2524 922 2555 me
949 2512 1221 2556 illuminante
1238 2543 1248 2562 ,
1275 2512 1476 2568 impietas

219 2583 310 2637 jam
344 2595 560 2626 excaecare
591 2595 678 2626 non
705 2585 820 2627 valet
846 2597 925 2640 per
955 2596 1175 2638 errorem;
1199 2590 1264 2635 et,
1292 2584 1387 2640 ipso
1408 2595 1479 2628 me

227 2655 438 2706 salvante,
465 2657 690 2699 saecularia
709 2669 776 2699 me.
792 2658 1006 2702 desideria
1027 2657 1170 2702 sedare
1190 2669 1276 2700 non
1295 2663 1478 2713 possunt

225 2740 301 2782 per
328 2729 612 2783 iniquitatem.
642 2728 714 2772 Sic
736 2730 875 2786 dirige
896 2743 980 2781 nie,
1004 2729 1199 2780 Domine,
1227 2730 1271 2772 in
1296 2730 1478 2774 veritate

226 2806 299 2842 tua
319 2832 329 2850 ,
358 2807 400 2844 et
421 2801 527 2845 doce
546 2814 630 2854 me,
656 2814 710 2845 ne
731 2815 808 2859 per
832 2802 1066 2857 impietatis
1086 2802 1209 2847 devia
1231 2803 1428 2846 aberrem
1453 2815 1478 2845 a

226 2872 323 2916 fide.
347 2872 481 2919 Auser
520 2886 545 2917 a
570 2887 638 2917 me
664 2875 948 2918 nibilominus
978 2875 1399 2931 concupiscentiam,
1424 2889 1479 2919 ne

226 2957 301 3002 per
324 2947 550 2990 saecularia
574 2948 788 2992 desideria
826 2950 1024 2991 sordeam
1059 2949 1102 2992 in
1129 2950 1355 3004 pravitate.
1388 2948 1479 2994 Hoc

227 3019 371 3074 itaque
397 3021 525 3064 modo
558 3022 827 3066 illuminante
851 3023 987 3077 gratia
1026 3027 1177 3066 contra
1216 3023 1477 3077 impietatem

227 3092 478 3143 clarificam
498 3105 520 3135 a
536 3093 817 3138 saecularibus
833 3107 1003 3150 quoqne
1026 3093 1254 3139 desideriis
1269 3101 1480 3150 purgante

228 3165 378 3207 eadem
399 3167 539 3220 gratia
567 3165 789 3217 mundati,
815 3178 991 3209 necesse
1013 3173 1078 3210 est
1099 3172 1144 3208 ut
1166 3167 1326 3215 sobrie,
1345 3166 1413 3222 pie
1438 3172 1481 3210 et

222 3242 342 3299 ⁸iuste
374 3244 571 3287 vivamus
586 3276 596 3294 ,
626 3249 668 3287 et
691 3245 942 3289 studeamus
966 3246 1108 3289 vivere
1132 3246 1175 3289 in
1198 3246 1278 3289 hoc
1302 3246 1476 3290 saeculo.

283 3313 390 3359 Vm.
425 3314 469 3358 ln
499 3317 567 3360 bis
590 3317 732 3360 verbis
749 3349 761 3367 ,
795 3323 844 3359 ut
866 3319 1022 3362 erebra
1049 3317 1225 3361 Patrum
1261 3324 1478 3362 testantur
1503 3317 1536 3359 D
1559 3311 1693 3355 tentia
1735 3325 1746 3353 τ

228 3387 514 3438 documenta,
554 3390 709 3444 triplex
742 3389 847 3432 illud
873 3389 1063 3433 debitum
1099 3391 1361 3442 conti-netur,
1392 3404 1478 3446 quo

230 3459 358 3502 nobis
378 3465 422 3503 et
449 3461 658 3516 proximis
689 3463 878 3511 nostris,
911 3471 1038 3518 atquo
1066 3463 1152 3506 Deo
1184 3463 1402 3508 debitores
1437 3470 1480 3507 et

229 3530 406 3573 obnoxii
427 3538 650 3576 tenemur:
675 3545 774 3576 nam
800 3533 1076 3578 sobrietatem
1102 3535 1244 3585 nobis,
1265 3535 1483 3590 iustitiam·

231 3606 443 3659 proximo,
470 3607 668 3660 pietatem
694 3618 797 3649 vcro
817 3607 1025 3651 debemus
1041 3606 1143 3651 neo.
1171 3607 1482 3651 Porrosobrie·

231 3681 362 3719 tatem
384 3676 460 3720 tibi
481 3677 649 3721 confert
670 3677 840 3722 affectio
863 3687 1013 3723 sancta
1031 3712 1042 3729 ,
1061 3686 1105 3724 et
1128 3680 1404 3724 mortificatio
1421 3682 1481 3724 ri-

232 3747 328 3802 gida
346 3779 357 3797 ,
383 3753 432 3790 ut
453 3749 568 3804 quod
604 3750 802 3793 illicitum
826 3757 891 3794 cst
915 3764 995 3795 nec
1031 3765 1108 3806 per
1128 3754 1364 3808 appetitum
1395 3755 1481 3797 cir-

231 3818 447 3864 cumferas
472 3821 515 3863 in
548 3829 711 3874 mente,
745 3836 826 3868 nec
862 3836 938 3880 per
969 3826 1167 3869 affectum
1202 3837 1408 3871 exerceas
1439 3830 1480 3870 in

234 3903 380 3947 opere.
417 3891 464 3935 ln
503 3895 693 3949 quolibet
730 3896 885 3939 horum
915 3897 1177 3954 deliqueris,
1204 3899 1482 3944 sobrietatem

234 3964 395 4020 perdis,
422 3971 508 4007 tam
533 3968 576 4009 in
602 3969 840 4022 appetendo
863 3971 1063 4016 videlicet
1084 3975 1198 4027 quod
1221 3975 1380 4015 malum
1398 3980 1480 4024 est,

237 4048 367 4091 quam
393 4036 435 4078 in
462 4038 642 4092 agendo.
667 4037 765 4082 Ideo
788 4042 1010 4085 meditatio
1033 4051 1181 4086 sanc-ta
1207 4050 1347 4088 servet
1374 4051 1414 4088 te
1438 4045 1484 4089 in

239 4111 398 4156 mente,
424 4120 477 4150 ne
500 4108 699 4150 illicitum
723 4110 826 4163 quid
852 4124 926 4165 per
950 4113 1162 4168 impuram
1180 4115 1399 4159 desideres
1420 4115 1485 4158 af·-

242 4177 471 4223 fectionem
488 4212 500 4230 ,
526 4182 951 4238 continentia-rigida
969 4186 1195 4229 mortificet
1212 4193 1251 4229 te
1271 4187 1314 4229 in
1336 4199 1484 4240 carne,

244 4264 299 4295 ne
340 4251 443 4307 qiud
476 4252 686 4295 nefarium
713 4267 787 4309 per
820 4255 972 4298 niolam
1013 4269 1217 4301 exerceas
1254 4259 1483 4302 actionem.

246 4321 334 4367 lloc
375 4329 591 4381 geminum
625 4332 689 4369 est
727 4326 922 4381 frenum,
956 4342 1042 4385 quo
1084 4330 1350 4387 impetuosus
1397 4340 1481 4376 tam

1119 29 1289 75 Anam
1317 21 1907 72 PRAEMONSTRATENsts

229 119 493 176 exercerent.
510 130 632 173 Lndc
655 136 697 174 et
727 130 796 172 bic
817 128 973 172 asserit
995 124 1155 168 Paulus
1172 123 1356 178 gratiam
1384 113 1473 162 Sai-
1502 125 1538 169 Α
1559 116 1747 165 mentis,
1781 127 1909 170 quam
1943 114 2138 168 corporis
2173 114 2438 158 cohibendus
2465 122 2531 159 est
2563 122 2724 167 motus,
2748 99 2783 162 ιι
2859 164 2861 174 ,

2713 14 2801 73 25⁴⁶
2906 17 2911 36 l

1556 196 1599 233 et
1619 188 1840 232 lasciviam
1865 187 2076 230 lubricam
2101 187 2282 229 interius
2317 188 2543 232 maturitas
2579 188 2818 244 coerceam?
2859 193 2862 252 {
2919 234 2924 238 ,

1554 267 1598 303 ει
1641 261 1694 303 ab
1739 259 1857 304 omni
1901 259 2093 303 exterius
2132 258 2382 314 ‚irruptione
2430 260 2613 315 reproba
2659 259 2817 305 conti>
2911 277 2913 282 ·

1554 332 1702 375 nentia
1734 330 1944 374 retrabat.
1976 328 2023 372 ln
2056 336 2226 379 mente,
2252 331 2454 385 inquam,
2473 331 2744 376 maturitas(
2774 363 2785 371 ν
2860 343 2863 392 3
2904 368 2924 379 ,

1555 417 1657 448 num
1679 403 1749 449 sit.
1769 404 1823 446 ab
1839 403 1974 452 omni,
1988 401 2104 458 quod
2120 403 2162 445 in
2183 414 2231 445 ea
2252 414 2475 458 emergens
2497 404 2597 455 huc,
2616 404 2765 462 illucq
2861 395 2863 451 'j
2904 394 2915 409 '¹

1560 477 1682 531 105
1719 487 1815 519 eam
1853 475 2026 518 trabere
2060 480 2258 524 conatur,
2297 475 2480 518 viriliter
2517 477 2750 522 retrahens*
2781 470 2818 522 ”.’
2906 483 2909 491 ’

1557 551 1670 594 sicut
1704 555 1745 592 et
1768 549 1946 591 ambitio
1967 547 2119 590 caduci
2143 547 2339 598 honoris,
2366 548 2580 603 appetitus
2599 551 2732 594 transi
2767 568 2791 586 ·>
2820 541 2824 548 ’

1557 623 1609 666 rii
1632 622 1819 673 favoris,
1861 620 2024 664 inflatio
2061 621 2295 676 superbiae,
2323 626 2466 663 tumor
2490 619 2677 674 invidae,
2703 634 2768 665 ra

1556 707 1633 740 cor
1666 694 1918 746 iracundiae,
1943 694 2096 749 rubigo
2120 693 2295 744 acediae,
2318 693 2571 748 inquietudo
2595 695 2814 756 avaritia,

1557 770 1810 812 inhonestas
1845 768 1975 823 gulae,
1997 766 2222 822 turpitudo
2243 766 2440 816 luxuriae,
2462 771 2506 810 et
2529 767 2602 823 qui
2626 768 2670 810 in
2689 767 2777 811 ltun
2791 774 2801 823 j

1557 842 1731 886 modum
1765 841 1998 896 perniciosi
2023 841 2209 895 impetus
2241 845 2357 890 sunt,
2386 841 2460 895 qui
2479 840 2693 885 infelicem
2710 852 2764 884 an
2794 847 2802 855 “
2908 895 2910 898 ¹

1557 928 1671 959 mam
1707 916 1825 957 nulla
1860 914 1964 957 hora
2002 913 2172 957 felicem
2211 914 2374 956 sinunt.
2420 911 2468 956 ln
2509 924 2691 969 corpore
2740 926 2770 957 n
2796 916 2813 961 ᾗ
2861 971 2864 973 ‚
2915 918 2918 923 '

1558 989 1791 1032 nilominus
1826 986 2102 1030 continentiae
2132 984 2301 1029 frenum
2333 987 2410 1036 sit,
2432 985 2547 1042 quod
2569 986 2771 1043 singulai

1556 1073 1609 1103 eo
1644 1060 1857 1108 membra,
1894 1066 1935 1103 et
1969 1071 1991 1101 a
2012 1059 2224 1115 pravitate
2245 1058 2460 1109 cohibeat,
2486 1066 2528 1103 et
2547 1046 2819 1104 rectitudtnf

1558 1139 1758 1189 coaptet;
1793 1132 2017 1176 retrahens
2039 1144 2063 1173 a
2087 1131 2339 1174 curiositate
2363 1137 2602 1187 aspectum,
2629 1143 2655 1173 a
2679 1130 2778 1174 vani
2803 1142 2821 1156 ’·

1556 1284 1744 1334 gustum,
1786 1278 1841 1320 ab
1874 1277 2124 1332 impuritate
2146 1281 2327 1327 tactum,
2353 1288 2374 1318 a
2410 1275 2679 1332 stultiloquio
2703 1275 2784 1319 affa
2816 1286 2818 1290 “
2859 1314 2862 1318 ⁴

1557 1357 1670 1402 tuni,
1712 1363 1735 1394 a
1769 1351 1948 1394 levitate
1970 1351 2205 1394 incessum.
2231 1348 2322 1392 Hoc
2343 1353 2408 1392 est
2430 1349 2544 1404 quod
2568 1348 2708 1392 reddit
2730 1349 2786 1393 lio
2807 1376 2822 1398 ,-

1554 1420 2166 1477 minemirreprehensibilem
2197 1419 2242 1463 in
2277 1418 2538 1462 ambulando
2567 1423 2610 1462 et
2634 1418 2788 1463 stando

1554 1497 1599 1539 ιιι
1633 1494 1823 1539 sedendo
1853 1499 1898 1538 et
1916 1492 2102 1548 Jacendo
2127 1508 2138 1535 ε
2165 1493 2210 1535 ιιι
2232 1491 2415 1536 tacendo
2442 1497 2487 1535 et
2505 1491 2737 1548 loquendo,
2763 1491 2777 1534 i

1555 1569 1774 1626 operando
1806 1574 1848 1612 et
1877 1567 2158 1624 quiescendo,
2197 1567 2240 1610 in
2275 1565 2440 1610 orando
2474 1572 2518 1610 et
2540 1565 2737 1622 legendo,
2763 1565 2776 1608 i
2808 1567 2810 1570 ’

1554 1641 1819 1685 comedendo
1852 1646 1894 1683 et
1932 1639 2183 1695 ieiunando,
2224 1640 2268 1682 in
2292 1639 2410 1682 omni
2434 1638 2623 1694 denique
2646 1640 2743 1682 loco
2763 1650 2810 1683 e

1554 1721 1764 1773 tempore,
1804 1715 1854 1760 in*
1886 1716 2004 1759 omni
2044 1716 2233 1772 negotio,
2269 1720 2312 1759 et
2335 1726 2439 1771 erga
2461 1725 2632 1758 omnem
2654 1711 2825 1770 pet-'so-

1555 1799 1674 1831 naur.
1990 1782 1996 1787 ¹

1608 1858 1682 1903 IX.
1720 1858 1813 1903 Hoc
1836 1864 1902 1904 est
1923 1858 2133 1908 debitum,
2159 1869 2186 1902 o
2205 1857 2359 1903 homo!
2385 1869 2471 1915 quo
2494 1869 2596 1914 erga
2617 1859 2821 1914 teipsum

1553 1933 1716 1978 teneris
1754 1933 1960 1977 astrictus
1989 1946 2000 1975 :
2033 1933 2175 1976 omnis
2202 1931 2340 1975 illiciti
2374 1931 2588 1988 cogitatus
2620 1935 2809 1976 etaetus

1554 2003 1724 2049 frenum
1763 2010 1806 2048 et
1845 2016 2020 2060 compes
2040 2037 2051 2056 ,
2098 2004 2344 2047 sobrietatis
2390 2003 2560 2048 modus.
2613 2001 2668 2047 Ut
2707 2014 2819 2048 cum·-

1554 2078 1698 2121 anima
1737 2077 1964 2121 rationalis
1988 2083 2031 2121 et
2048 2088 2151 2120 caro
2164 2076 2242 2128 sis,
2260 2077 2326 2120 ita·
2343 2081 2572 2133 utramque
2588 2075 2811 2122 custodire

1553 2156 1596 2196 et
1617 2163 1796 2195 servare
1818 2151 1883 2195 sis
1898 2150 2124 2199 sollicitus,
2146 2156 2362 2206 quatenus
2384 2162 2462 2194 nec
2480 2149 2811 2195 intrinsecusilv

1554 2222 1639 2266 lam
1663 2223 1840 2266 illi-situs
1862 2221 2057 2278 inquinet
2081 2221 2274 2270 affectus,
2298 2235 2375 2266 nee
2391 2223 2664 2267 extrinsecus
2683 2222 2821 2270 istium
2920 2264 2921 2267 ,

1556 2294 1752 2340 nefarius
1775 2295 2033 2340 dehonestet
2054 2294 2247 2338 effectus
2274 2294 2324 2338 Et
2347 2295 2487 2339 adbuc
2508 2295 2682 2339 tertium
2705 2293 2816 2351 quid
2847 2282 2850 2283 ⁷

1557 2368 1688 2412 debes
1718 2368 1795 2412 tibi
1824 2367 1931 2423 ipsi;
1957 2373 2004 2411 ut
2026 2373 2068 2411 et
2093 2369 2265 2424 corpori
2291 2374 2366 2411 tuo
2381 2380 2478 2424 quae
2504 2368 2545 2411 ei
2564 2366 2816 2412 necessaria
2838 2411 2843 2418 ‚
2870 2375 2876 2407 t
2919 2390 2921 2394 ι

1559 2446 1660 2484 sunt
1699 2441 1744 2484 in
1776 2439 1877 2483 cibo
1909 2445 1952 2484 et
1985 2445 2108 2496 potu,
2140 2439 2183 2482 in
2203 2451 2356 2483 somno
2373 2445 2417 2483 ct
2434 2445 2568 2491 veste,
2587 2444 2635 2483 et
2653 2444 2815 2482 caetera*
2837 2410 2877 2462 ³*
2920 2439 2922 2482 ᾗ

1559 2524 1654 2568 quae
1679 2511 1799 2568 justa
1837 2512 1935 2567 ejus
1968 2513 2163 2568 exposcit
2197 2512 2435 2556 necessitas
2474 2511 2695 2555 fructuose
2721 2504 2846 2570 nott?
2920 2499 2921 2502 Ἴ

1558 2586 1720 2642 neges?
1736 2584 1832 2628 Non
1851 2584 1996 2629 minus
2017 2585 2132 2629 enim
2157 2584 2405 2629 sobrietatis
2426 2582 2599 2627 modum
2617 2582 2809 2634 excedis.

1558 2670 1656 2702 cum
1695 2669 1720 2700 a
1744 2669 1924 2713 corpore
1951 2663 2029 2701 tuo
2049 2657 2295 2701 necessaria
2324 2656 2534 2707 excludis,
2563 2667 2694 2713 quam
2709 2652 2850 2706 cunr-3*

1559 2728 1775 2786 superflua
1804 2729 2032 2785 impendis.
2062 2728 2313 2772 Jumentum
2337 2739 2525 2784 namque
2544 2735 2628 2790 est,
2647 2735 2691 2771 et
2714 2725 2813 2772 ideo
2831 2727 2845 2749 '³'
2866 2742 2871 2755 ³

1559 2810 1681 2848 curet
1720 2814 1900 2847 necesse
1941 2808 2007 2847 cst
2043 2802 2258 2847 discretor
2296 2813 2442 2846 sessor
2479 2801 2574 2856 ejus
2613 2800 2809 2857 spiritus,
2832 2824 2846 2832 ιι

1560 2878 1675 2922 sicut
1702 2877 1742 2922 ei
1779 2878 2002 2934 imponere
2025 2875 2195 2920 frenum
2216 2887 2270 2919 ne
2293 2875 2554 2925 recalcitret,
2579 2875 2639 2917 ita
2666 2878 2709 2918 et
2731 2884 2819 2928 ap-
2867 2895 2871 2923 ς

1559 2962 1720 3005 ponere
1743 2947 1969 2992 i’enumne
1984 2944 2305 3003 deliciatsNam
2328 2946 2401 3000 qui
2421 2946 2463 2988 in
2481 2943 2688 3000 Apostolo
2703 2943 2822 2987 dixit
2839 2946 2870 3000 ᾗ

1561 3022 1750 3079 Spiritus
1787 3029 1964 3065 sanctus
1985 3035 2002 3063 >t
2040 3018 2198 3062 Curam
2229 3019 2368 3061 carnis
2391 3030 2440 3059 ne
2463 3017 2643 3071 feceritis
2674 3017 2718 3060 in
2738 3014 2815 3061 doz

1560 3093 1733 3136 sideriis
1754 3092 1892 3150 (Rom.
1913 3103 2012 3141 χιιι,
2039 3089 2134 3147 14);
2160 3089 2274 3133 idem
2298 3089 2342 3131 in
2365 3088 2516 3132 eodem
2535 3095 2578 3132 et
2601 3087 2702 3130 alibi
2717 3089 2814 3144 ait}k

1563 3165 1697 3210 Nemo
1730 3179 1897 3208 carnem
1925 3177 2046 3208 suam
2068 3163 2164 3206 odio
2185 3161 2348 3214 habuit,
2378 3161 2449 3204 sed
2469 3161 2590 3217 fovet,
2616 3169 2655 3204 et
2677 3159 2830 3218 nutriit*

1560 3251 1652 3280 eam
1687 3235 1856 3294 (Ephesi.
1897 3250 1949 3287 v,
1987 3235 2077 3292 29).
2108 3234 2364 3289 Quanquam
2396 3234 2442 3276 in
2475 3233 2561 3276 hac
2594 3243 2681 3276 una
2717 3242 2829 3278 sens.
2863 3264 2865 3266 -

1792 3310 1948 3353 Curam
1990 3309 2129 3352 σαι-ηις
2169 3321 2219 3351 tte
2258 3307 2439 3363 feceritis
2482 3307 2526 3349 in
2561 3305 2776 3350 desiderii·
2793 3334 2813 3367 q

1560 3390 1791 3439 utrumque
1812 3382 2063 3438 complexus
2089 3383 2146 3424 sit
2172 3381 2420 3424 sobrietatis
2441 3391 2593 3436 genus.
2615 3377 2722 3422 Nam
2743 3377 2831 3422 ‹tt-'¹
2862 3408 2864 3410 -

1559 3468 1664 3502 cens
1693 3457 1830 3499 carnis
1849 3468 1993 3499 curam
2015 3455 2258 3499 necessaria
2282 3453 2499 3505 concedit,
2527 3453 2690 3496 addens
2708 3464 2817 3502 vero

1561 3545 1609 3575 ne
1646 3530 1827 3580 feceritis
1858 3530 1903 3572 in
1926 3529 2144 3572 desideriis
2167 3528 2259 3571 sola
2280 3525 2496 3582 superflua
2523 3525 2742 3569 abscidit:
2766 3521 2862 3583 et?

1560 3601 1721 3645 idcirco
1740 3601 1868 3645 sicut
1905 3611 1931 3643 a
1958 3601 2180 3644 voluntate
2220 3597 2295 3656 [al.
2322 3596 2598 3654 necessitate]
2631 3595 2813 3652 expellis
2837 3596 2870 3659 ξ’

1562 3674 1739 3725 illicita,
1765 3686 1819 3716 nc
1843 3684 1918 3729 per
1936 3672 2227 3728 impuritatem
2246 3683 2296 3715 ea
2320 3676 2519 3726 appetam
2544 3669 2607 3714 sic
2631 3682 2657 3713 a
2677 3658 2873 3716 carnafi

1562 3745 1756 3787 eliminas
1791 3743 1973 3794 nefaria,
1998 3755 2052 3787 nc
2085 3755 2135 3786 ca
2156 3755 2231 3798 per
2253 3742 2525 3797 iniquitatem
2547 3739 2862 3788 committur&

1563 3823 1609 3860 ut
1644 3817 1708 3860 sic
1733 3829 1770 3859 ‘a
1791 3827 1974 3872 corpore
1996 3827 2082 3859 non
2113 3815 2344 3859 subtrahas
2370 3811 2634 3862 necessaria,
2658 3822 2712 3854 ne
2735 3819 2811 3865 pet·
2842 3855 2843 3858 ,

1563 3889 1827 3933 debilitatem
1849 3888 2119 3933 succumbat.
2145 3886 2206 3930 lta
2232 3892 2273 3930 te
2295 3887 2420 3936 habe,
2436 3885 2564 3928 talem
2583 3889 2626 3928 tc
2638 3883 2807 3934 exbibet
2835 3902 2881 3944 3

1563 3970 1605 4007 et
1630 3962 1772 4005 sobrie
1791 3961 1903 4007 vivis
1924 3962 1970 4004 in
1992 3960 2076 4004 boc
2098 3960 2272 4005 saeculo.
2833 3946 2863 4013 Τ

1620 4034 1673 4078 X.
1709 4034 1869 4078 Verum
1898 4034 2001 4090 quia
2023 4044 2152 4076 nemo
2178 4037 2377 4076 nostrum
2399 4031 2482 4074 sibi
2503 4028 2626 4080 vivit,
2645 4033 2714 4072 est
2733 4027 2809 4071 de-

1564 4110 1700 4153 bitum
1726 4108 1860 4159 aliud,
1879 4108 1995 4164 quod
2019 4120 2044 4151 a
2068 4115 2110 4151 te
2131 4106 2356 4163 proximus
2371 4110 2474 4148 tuus
2491 4104 2646 4159 exigit;
2666 4109 2708 4146 et
2728 4102 2808 4144 boc

1567 4181 1849 4237 spiritualiter
1884 4181 1967 4224 hoc
1990 4180 2035 4222 in
2065 4180 2162 4223 loco
2185 4178 2414 4234 Apostolus
2433 4175 2644 4230 justitiam
2663 4173 2808 4230 appel-

1566 4255 1639 4298 lat.
1672 4253 1847 4298 Justitia
1869 4265 2055 4308 namque
2077 4257 2168 4303 est,
2191 4257 2238 4295 ιιι
2255 4249 2435 4294 delinire
2458 4249 2596 4293 solent
2612 4247 2802 4303 quidam,

1569 4328 1706 4372 virtus
1746 4326 1976 4383 unicuique
2016 4326 2210 4370 tribuens
2242 4324 2356 4381 quod
2389 4335 2512 4368 suum
2545 4326 2624 4366 cst.
2660 4317 2806 4363 Redde
2882 4354 2884 4359 ,

2854 4400 2862 4429 ,ι
