2924 4588
138 228 141 230 .
193 189 302 236 ¹269

893 193 1150 242 nisroma
1183 184 1576 247 senonasr'ics.
1605 228 1662 238 -
1690 205 1850 252 ussa
1877 211 2062 257 iosus.

2625 228 2733 273 teto

183 288 406 344 'flames‘
437 272 613 348 Legitur
631 266 745 341 enim
774 270 888 340 qumi
911 286 964 329 Ju
985 293 1044 330 'as
1085 288 1235 334 babuit
1267 298 1424 335 terram
1449 299 1482 341 A
1509 293 1708 339 vallibus.
1761 297 2100 357 Suspiravitque,
2143 312 2185 347 et
2219 306 2334 351 flevit
2385 319 2429 354 ut
2470 313 2644 357 sedebat
2688 317 2732 360 in

190 352 283 398 sine
304 360 434 405 sorte,
456 361 499 399 et
523 346 639 410 quod
658 355 846 400 obtinuit
873 355 1109 402 Jerusatvm
1127 394 1140 414 ‚
1173 374 1253 406 nec
1285 366 1425 418 potuit

190 422 288 468 inde
305 423 462 480 ejicere
495 422 736 471 lebueaeum
754 460 766 480 ,
797 441 892 483 qua:
921 429 973 472 de
997 432 1276 478 concessione
1309 435 1420 479 dicta

187 491 306 539 sunt.
331 495 447 540 'Alibi
470 496 628 552 legitur
650 499 765 554 quod
784 499 1006 555 Beniamin
1027 505 1218 556 possedit
1248 503 1424 551 Jerusa-

187 565 288 621 lem,
311 567 424 623 quod
445 568 499 613 de
523 570 752 615 traditione
774 572 1048 621 dictumzest.
1074 575 1231 620 lterum
1267 578 1424 634 legitur

14 672 18 682 .
67 639 68 642 ’
107 695 111 701 Α
185 641 301 698 quod
326 641 458 687 Josue
500 641 671 691 locutus
695 653 763 689 est
806 654 968 703 septem
1007 649 1207 694 tribubus
1245 651 1420 700 dicens:

191 728 207 756 ‹
233 712 465 771 Usquequo
487 717 665 771 torpetis
698 717 883 773 ignavia.
918 719 1024 764 Date
1062 722 1169 766 mihi
1189 724 1322 778 viros,
1348 728 1422 781 qui

175 786 374 833 'dividant
414 786 538 831 vobis
562 782 721 832 terrani
743 789 852 846 (va.
892 793 1033 845 xviii).
1064 808 1078 834 1
1109 792 1305 851 Cumque
1341 798 1422 840 hoe

184 859 387 903 omnibus
431 858 612 904 dixisset
632 894 644 913 ,
697 870 862 917 septem
911 869 1076 906 tantum
1128 854 1284 921 iegitur
1339 868 1423 911 hoe

121 920 128 928 ⁴
181 923 363 983 dixisse,
387 930 489 992 quia
511 933 608 976 duae
626 924 782 988 tribus,
802 941 844 977 et
863 935 1040 979 dimidia
1062 944 1221 980 terram
1242 939 1421 984 conoes-

182 1014 299 1062 sam,
317 1004 440 1059 quasi
461 1003 659 1068 traditam
681 1006 980 1066 possidebant.
1003 1008 1104 1053 inde
1119 1000 1184 1054 est
1201 1012 1316 1066 quod
1339 1012 1420 1056 hoc

117 1067 126 1077 “’
181 1070 341 1120 nomen
360 1065 509 1120 Judaea
529 1074 713 1122 diversis
742 1080 883 1123 modis
903 1080 1126 1136 accipitur.
1152 1081 1421 1140 Quandoque

121 1136 124 1142 ¹
147 1202 149 1204 ,
179 1148 338 1192 dieitur
357 1146 505 1193 Judaea
528 1156 618 1192 tota
638 1139 755 1194 terra
779 1151 1098 1213 promissionis.
1119 1155 1165 1197 et'
1186 1161 1287 1200 tunc
1306 1169 1330 1200 a
1349 1156 1423 1202 Ju-

178 1218 282 1265 daeis
299 1221 477 1275 dieitur,
499 1223 737 1267 secundum
760 1224 876 1284 quod
906 1226 1064 1289 dieitur
1093 1225 1322 1281 Pompeius
1339 1228 1418 1273 Ju-

111 1344 114 1347 ,
178 1294 314 1337 daeam
335 1294 489 1339 secisse
511 1292 801 1356 tributariam,
819 1297 1231 1354 quandoque-Iudaea
1252 1307 1417 1345 tantum

1505 367 1642 409 asino.
1663 366 1740 411 Cui
1760 369 1886 413 Caleb
1909 386 1918 409 ·.
1944 388 1957 412 e
1981 373 2089 424 Quid
2113 375 2259 431 habes,
2279 380 2519 436 inquit‘3At
2548 386 2615 427 iila
2640 387 2731 431 :Da

1505 436 1608 479 mihi
1630 438 1986 487 benedictionem.
2013 444 2187 491 Terram
2211 459 2399 495 arentem
2420 454 2572 498 dedisti
2607 458 2728 511 mihi,

1499 508 1631 563 junge
1675 517 1719 553 et
1741 511 1960 565 irriguam.
1988 514 2192 574 Deditqne
2215 520 2344 566 Caleb
2365 524 2403 567 ei
2427 525 2633 580 irriguum
2658 540 2733 571 su·

1503 581 1663 633 peritis,
1692 589 1730 624 ct
1758 582 1967 640 irriguum
1994 587 2270 645 inferius‘'“‚
2303 594 2344 637 id
2371 603 2437 639 est
2471 609 2597 654 agros
2634 598 2733 642 irri-

1502 662 1610 708 guos
1634 652 1747 697 circa
1784 656 1999 716 ciuitatem
2024 661 2077 704 ab
2103 664 2267 708 oriente
2290 674 2331 709 et
2354 670 2590 713 occidente.

1557 725 1572 741 ·
1589 722 1762 781 Additio
1802 727 1842 772 1.
1881 727 1923 771 ln
1961 729 2315 789 Paralipomenon
2364 740 2520 783 dicitur
2559 741 2729 789 Hebron

1500 790 1787 841 Cariatharim
1805 830 1817 851 ,
1857 800 1899 844 111
1922 811 1986 846 est
2008 807 2152 848 cit-itas
2171 807 2393 862 silvarum,
2434 813 2498 855 vel
2535 813 2732 861 Cariath-

1500 863 1613 918 baal‚
1632 867 1672 909 id
1693 876 1759 912 est
1782 871 1928 915 civitas
1956 887 2207 931 muscarum,
2235 881 2300 923 vel
2324 884 2525 929 virorum.
2591 919 2593 921 .

1559 938 1591 954 ··
1609 934 1784 982 Manto
1808 942 1850 985 2.
1881 941 1979 988 Haec
2009 954 2110 991 nota
2131 949 2401 997 determinat
2427 949 2745 1012 affectionem(

1500 1018 1596 1062 quae
1621 1009 1674 1053 de
1704 1022 1757 1054 eo
1782 1012 1874 1056 lieri
1898 1022 2062 1070 potest.
2087 1026 2130 1063 et
2153 1020 2282 1065 Catieb
2305 1025 2504 1070 obviabat
2535 1028 2615 1084 legi
2639 1030 2729 1085 jam

1499 1081 1788 1134 datae‚‚dando
1812 1084 1935 1130 fratri
1955 1091 2099 1145 nepoti
2122 1104 2200 1135 suo
2222 1095 2350 1139 liliam
2369 1110 2508 1143 suam.

1556 1155 1606 1171 '¹'
1642 1153 1816 1216 Addieio
1837 1155 1878 1201 5.
1916 1158 2026 1204 Nota
2056 1165 2172 1218 quod
2209 1165 2339 1210 Caleb
2374 1171 2525 1214 maluit
2557 1185 2730 1222 servare

1498 1231 1644 1280 votum
1665 1239 1810 1281 suum,
1837 1243 1965 1286 quam
1991 1233 2141 1289 legem,
2167 1247 2262 1291 quae
2282 1239 2494 1286 interdicit
2511 1245 2730 1289 matrimo-

1499 1296 1619 1341 nium
1643 1312 1742 1343 eum
1767 1302 1853 1346 tilia
1877 1303 2039 1359 fratris,
2062 1308 2144 1352 nisi
2176 1308 2287 1354 forte
2313 1311 2378 1356 lex
2397 1313 2655 1373 intelligatur
2673 1319 2728 1365 110

177 1378 357 1422 regnum
375 1358 503 1421 Iuda,
529 1362 577 1412 u't
597 1361 654 1411 ibi
671 1364 697 1412 'r
721 1383 737 1411 ‹
764 1369 943 1430 Audivit
982 1369 1141 1428 ioseph
1183 1374 1299 1430 quod
1338 1376 1420 1418 Ar·
1444 1361 1478 1405 Β
1499 1369 1586 1414 fllia
1610 1371 1755 1417 fratris
1773 1387 1826 1419 ex
1849 1386 1984 1432 patre.

143 1433 146 1436 ⁴
177 1435 355 1490 chelaus
378 1450 576 1497 regnaret
606 1442 650 1486 in
673 1440 820 1487 ,iudaea
859 1436 1034 1505 (1101111.
1070 1445 1137 1505 ii).
1168 1461 1184 1488 1
1214 1446 1418 1500 Quando-

114 1500 116 1503 *
175 1526 260 1569 que
282 1504 361 1569 pro
387 1515 477 1558 sola
503 1521 617 1559 sorte
639 1513 777 1569 Iudae,
802 1523 850 1560 ut
873 1517 929 1559 ibi
954 1507 1143 1562 :tudaea
1165 1526 1208 1563 et
1227 1514 1416 1565 'Jerusa-

176 1588 275 1638 lem,
300 1589 340 1631 id
365 1579 429 1633 est
448 1600 544 1634 sors
559 1587 719 1634 Judaeae
748 1597 794 1634 et
820 1589 1064 1647 Benjamin.
1091 1578 1142 1637 St
1167 1605 1272 1652 ergo
1301 1597 1416 1640 circa

177 1660 259 1706 11110
279 1663 359 1706 51111
382 1663 558 1719 obloqui
582 1651 782 1725 videntur
803 1672 1028 1721 auctores,
1040 1667 1414 1713 determinandum

173 1741 238 1777 est
268 1733 505 1779 secundum
528 1741 686 1779 terram
706 1748 974 1791 concessam,
989 1739 1057 1800 vel
1073 1739 1291 1785 traditam.
1307 1742 1412 1786 Nam

172 1805 306 1851 ludas
330 1815 372 1852 et
395 1806 600 1864 Ephraim
627 1810 833 1866 majorem
859 1811 1105 1857 habuerunt
1144 1826 1414 1870 concessam,

172 1880 237 1942 vel
262 1880 479 1925 traditam.
506 1881 595 1926 Soli
619 1891 761 1932 autem
784 1883 872 1928 duo
891 1883 1023 1930 Josue
1045 1893 1092 1930 et
1107 1885 1240 1932 Caleb
1257 1921 1269 1939 ,
1289 1891 1415 1944 quas}

173 1953 443 2010 privilegiati,
485 1955 579 1999 sine
625 1963 742 2000 sorte
775 1951 944 2001 terranr
969 1958 1265 2023 babuerunt‘.
1284 1963 1415 2007 Caleb

170 2025 343 2077 ,Hebron
374 2026 539 2083 babuit,
558 2027 689 2074 Josue
710 2028 968 2084 Tamnatha,
989 2031 1058 2077 vel
1078 2021 1346 2086 Tannasara,
1373 2043 1416 2082 et

101 2121 106 2129 ι
184 2100 315 2144 ctiam
347 2099 539 2157 sichem,
560 2102 796 2147 seeundum
820 2101 1072 2161 Josephum.
1106 2104 1227 2151 lianc
1244 2114 1415 2163 partem

169 2173 298 2229 elegit
323 2173 406 2217 sibi
427 2172 560 2219 Josue
598 2181 696 2232 post
721 2174 1074 2222 distributionem
1113 2166 1317 2238 omni-bus
1349 2179 1417 2224 10-

170 2253 283 2290 rtam
308 2244 513 2303 tanquam
535 2248 677 2294 bonus
697 2249 985 2306 dispensator.
1010 2249 1118 2307 (lon.
1145 2253 1255 2308 xxi.)
1275 2251 1357 2298 Sed
1371 2262 1415 2298 et

173 2319 333 2366 Levitis
351 2323 568 2378 separavit
589 2322 876 2380 quadraginta
913 2314 958 2384 et
991 2334 1089 2371 octo
1113 2327 1330 2384 civitates²
1358 2328 1414 2372 ad

171 2393 518 2449 inhabitandum,
538 2409 724 2452 quarum
748 2397 896 2442 decem
919 2400 1038 2453 prius
1075 2408 1332 2456 acceperant
1368 2403 1413 2453 in

75 2453 77 2455 ¹
124 2459 128 2462 ’
171 2465 435 2510 amorrhaea.
465 2466 719 2524 Dereliquis
742 2469 912 2525 triginta
954 2477 1052 2513 octo
1075 2479 1162 2515 tres
1181 2473 1414 2516 ,constituit

167 2537 364 2583 civitates
407 2539 587 2596 refugii,
638 2540 810 2586 liebron
865 2543 918 2587 de
955 2542 1101 2596 Juda,
1149 2536 1319 2587 51011011)
1359 2557 1443 2588 cx.

170 2608 391 2666 Ephraim,
416 2613 469 2656 de
482 2612 722 2669 NepbtaiIm
750 2615 885 2660 Cedes
910 2614 1019 2673 (los.
1054 2616 1144 2672 xv).
1188 2615 1310 2660 Tunc
1346 2618 1411 2660 lo-

168 2685 257 2729 cuti
279 2694 379 2729 sunt
402 2686 475 2730 tilii
493 2686 654 2743 loseph
673 2690 728 2732 ad
751 2687 883 2733 Josue
911 2703 921 2732 z
941 2688 967 2733 ι’
983 2689 1072 2733 Cur
1094 2691 1251 2734 dedisti
1287 2692 1411 2734 nobis

169 2759 293 2814 quasi
318 2760 638 2815 possessionem
662 2762 791 2807 unius
811 2761 1013 2823 funiculi,
1037 2773 1136 2806 eum
1156 2764 1294 2806 simus
1315 2768 1409 2806 tan-

171 2820 223 2875 tae
247 2833 563 2877 multitudinis?
591 2849 605 2874 1
629 2833 949 2891 Responditque
978 2833 1112 2879 Josue
1128 2835 1183 2877 ad
1207 2833 1408 2889 Ephraim

167 2912 212 2949 et
235 2904 432 2950 Manasse
451 2921 465 2950 :
498 2921 512 2948 ‹
540 2905 730 2962 Populus
764 2908 927 2952 multus
961 2920 1024 2958 es,
1066 2914 1106 2951 et
1143 2908 1266 2956 furtis
1287 2938 1297 2957 ,
1324 2919 1409 2950 non

168 2977 256 3022 eris
273 2986 501 3023 contentus
529 2986 645 3023 sorte
668 2987 763 3031 tua,
798 2980 871 3024 sed
895 2981 1099 3024 transibis
1122 2979 1176 3023 ad
1202 2988 1407 3031 montem,

116 3040 118 3042 ’
169 3057 212 3093 et
230 3051 392 3106 poteris
410 3051 519 3094 ultra
546 3052 753 3096 terminos
778 3059 902 3095 terrae
937 3052 1241 3108 promissionis
1260 3063 1409 3108 proce·

170 3124 286 3176 dere,
304 3130 347 3168 et
364 3136 517 3181 parare
535 3126 610 3168 tibi
629 3126 771 3169 locum
791 3124 899 3183 (Ios.
925 3131 1045 3183 xvii).
1057 3141 1072 3167 1

227 3199 241 3214 ·
268 3197 441 3252 ,411111ιί0
466 3198 506 3243 l.
532 3198 680 3244 Potuit
701 3211 814 3252 esse,
835 3207 882 3243 ut
900 3213 1015 3244 nune
1035 3207 1116 3253 est,
1141 3192 1256 3255 quod
1277 3199 1321 3243 in
1339 3213 1411 3244 ea·
1436 3256 1438 3258 Ι

169 3272 266 3316 dem
285 3274 458 3317 civitate
475 3274 635 3318 diversi
670 3274 913 3318 habuerunt
935 3274 1051 3329 quod
1077 3275 1144 3317 sui
1166 3273 1278 3329 ‚iuris
1301 3281 1409 3326 erat,

170 3346 284 3400 quod
308 3347 475 3400 saepein
494 3344 674 3399 singuiis
696 3345 891 3387 videmus
908 3342 1016 3387 fieri.

226 3418 328 3460 (110.
355 3415 467 3459 XlV.
497 3416 556 3459 Dc
579 3416 751 3472 irriguis
769 3413 874 3459 Axae
893 3414 1006 3457 datis
1027 3428 1052 3456 α
1068 3421 1187 3468 patre
1206 3413 1347 3458 Caleb.

1554 1445 1623 1462 ··“·
1642 1444 1815 1490 Addicto
1834 1449 1876 1491 t.
1903 1449 2252 1508 Redemptionem
2277 1461 2540 1507 excelsarum
2557 1497 2568 1518 ,
2594 1474 2635 1509 et
2660 1480 2726 1511 re·

1495 1515 1783 1573 demptionem
1809 1520 2051 1578 humilium,
2072 1528 2271 1574 subaudit
2292 1530 2564 1579 fluentorum.

1524 1587 1628 1634 Car.
1650 1589 1743 1636 XV.
1768 1592 1826 1635 De
1856 1595 1992 1637 reditu
2026 1598 2205 1642 duarum
2229 1602 2410 1646 tribuum
2439 1608 2696 1654 acunumiae.

1552 1659 1710 1706 Eodem
1736 1671 1926 1722 tempore
1950 1680 2046 1711 cum
2064 1670 2152 1724 iam
2169 1681 2349 1728 quartus
2369 1676 2559 1723 decimus
2582 1687 2726 1726 trans-

1495 1732 1598 1777 isset
1629 1748 1769 1781 annus
1786 1771 1800 1790 ,
1822 1739 1927 1782 dixit
1950 1739 2081 1785 Josue
2103 1743 2253 1789 Ruben
2293 1758 2335 1792 et
2354 1749 2459 1801 Gal),
2481 1759 2523 1795 et
2543 1754 2727 1798 ‹limidiae

1500 1805 1635 1849 tribui
1656 1806 1880 1853 Manasse:
1905 1825 1919 1850 1
1942 1810 2122 1858 Fecistis
2146 1828 2240 1871 quae
2258 1821 2455 1876 praecrpit
2475 1823 2593 1866 vobis
2610 1823 2727 1881 Moy-

1495 1889 1583 1931 ses,
1616 1877 1807 1924 famulus
1829 1881 1921 1926 Dei.
1942 1884 1991 1927 iit
2013 1887 2114 1940 quia
2148 1889 2262 1933 dedit
2283 1890 2488 1937 Dominus
2520 1893 2727 1942 fratribus

1494 1948 1651 2004 vestris
1667 1951 1874 2007 quietem,
1903 1958 2168 2002 revertimini
2188 1962 2240 2003 ad
2263 1969 2418 2006 terram
2439 1962 2726 2020 possessionis

1492 2030 1663 2078 vestrae,
1703 2025 1762 2068 ita
1797 2026 2006 2073 duntaxat
2030 2036 2076 2074 ut
2097 2034 2348 2079 custodiatis
2376 2037 2510 2094 legem
2551 2039 2642 2093 Dei,
2681 2049 2724 2086 et

1492 2096 1648 2140 colatis
1677 2109 1776 2141 eum
1794 2130 1807 2151 ‚
1837 2111 1915 2143 nee
1953 2103 2062 2147 eatis
2083 2112 2181 2159 post
2210 2107 2313 2151 deos
2335 2109 2636 2166 alienos,.quia
2654 2107 2751 2157 ari

1490 2178 1589 2211 cam
1611 2175 1654 2211 et
1674 2168 1996 2215 tabernaculum
2015 2186 2101 2226 non
2144 2175 2368 2221 hahebitis.
2388 2178 2556 2225 Fratres
2576 2195 2726 2228 sumus

1493 2245 1534 2283 et
1556 2241 1668 2284 servi
1692 2243 1822 2286 unius
1850 2239 1954 2294 Dei,
1981 2245 2082 2291 iicet
2103 2247 2326 2303 interjecto
2349 2251 2525 2297 flumine
2556 2268 2725 2311 separe·

1493 2319 1607 2354 mur.
1637 2309 1685 2354 ln
1703 2314 1843 2356 'inulta
1862 2315 2102 2362 substantia
2120 2321 2268 2364 reditis
2284 2355 2294 2373 ,
2320 2315 2493 2366 div'idite
2510 2337 2601 2368 earu
2627 2339 2723 2371 cum

1496 2381 1719 2440 fratribus,
1743 2387 1814 2441 qui
1842 2400 2156 2436 remanserunt.
2186 2387 2267 2446 Qui
2306 2403 2565 2442 revertentes
2598 2411 2725 2443 vene-

1452 2455 1468 2473 ²
1496 2464 1598 2499 runt
1633 2457 1688 2501 ad
1721 2460 1910 2504 tumulos
1943 2460 2145 2508 Jordanis
2173 2465 2281 2521 (Jos.
2314 2468 2436 2523 xxii).
2466 2485 2479 2510 )
2517 2468 2589 2514 Sic
2611 2472 2726 2514 enim

1491 2528 1633 2572 dictus
1661 2536 1728 2573 est
1759 2531 1880 2590 loeus
1902 2545 1978 2589 per
2019 2547 2145 2590 quem
2184 2539 2459 2598 transierunt,
2504 2541 2614 2585 alius
2652 2555 2726 2596 per

1492 2613 1621 2655 quem
1647 2606 1911 2650 transierunt
1930 2607 2005 2651 tilii
2035 2608 2164 2652 lsrael
2188 2610 2346 2654 dicitur
2367 2614 2471 2655 vada
2505 2613 2723 2659 Jordaiiis.

1493 2675 1544 2720 Et
1576 2678 1894 2725 aedificaverunt
1931 2683 2055 2737 juxta
2097 2682 2326 2728 Jordanem
2372 2686 2505 2747 altare
2551 2686 2725 2731 infinitae

1492 2765 1589 2809 mag
1609 2755 1815 2809 itudmis,
1843 2765 2045 2803 vocantes
2071 2759 2151 2803 hoc
2171 2762 2344 2803 nomine
2371 2747 2495 2804 iliudss
2512 2759 2738 2822 ‘restitum'

1491 2826 1610 2868 nium
1633 2837 1847 2882 nostrum,
1878 2833 1992 2886 quod
2010 2832 2216 2877 Dominus
2241 2835 2331 2888 ipse
2353 2841 2418 2878 est
2445 2834 2571 2878 Deus.
2598 2827 2725 2878 Vide-

1491 2907 1645 2955 turque
1666 2900 1879 2958 Josephus
1902 2905 2005 2949 velie
2040 2906 2156 2962 quod
2185 2907 2309 2950 altari
2346 2908 2723 2962 superinscripsis-

1492 2979 1587 3016 sent
1608 2973 1728 3018 illud.
1749 2974 1942 3032 Cumque
1960 2978 2171 3021 redissent
2193 2979 2245 3021 ad
2265 2979 2458 3034 propria,
2482 2980 2722 3023 nuntiatum

1489 3051 1557 3088 est
1577 3043 1709 3091 Josue
1755 3054 1795 3090 et
1830 3048 1898 3091 bis
1935 3049 2008 3103 qui
2046 3059 2341 3093 remanserant
2374 3050 2426 3093 de
2444 3051 2724 3095 aedificatione

1491 3119 1674 3171 altaris,
1714 3127 1758 3164 et
1799 3121 1993 3165 arbitrati
2018 3128 2120 3164 sunt
2157 3122 2254 3166 11105
2299 3123 2486 3167 erexisse
2525 3123 2644 3175 illud,
2679 3131 2725 3167 ut

1495 3191 1770 3244 immolarent
1809 3204 1940 3249 super
1977 3205 2028 3237 eo
2049 3193 2277 3245 victimas;
2311 3194 2424 3249 quod
2461 3207 2546 3237 non
2570 3194 2725 3239 licebat

1491 3265 1575 3308 nisi
1613 3276 1742 3320 super
1775 3265 1910 3308 altare
1938 3266 2052 3321 quod
2082 3272 2289 3309 statuerat
2323 3265 2435 3309 Deus
2460 3267 2725 3328 3010131101·-

1446 3383 1449 3386 ⁴
1490 3337 1712 3394 naculum.
1732 3336 1928 3392 Cumque
1945 3337 2197 3398 arripuisset
2218 3349 2355 3390 arma,
2375 3343 2419 3380 ut
2449 3339 2606 3381 deleret
2631 3350 2729 3390 eos„

1490 3409 1542 3452 de
1564 3407 1746 3452 consilio
1770 3407 1932 3451 missus
1967 3413 2035 3451 est
2070 3407 2122 3449 ad
2151 3417 2227 3449 eos
2267 3405 2472 3455 Phinees,
2500 3413 2540 3447 et
2577 3406 2722 3451 decem

227 3490 290 3535 Eo
314 3501 504 3546 tempore
530 3489 728 3532 ascendit
750 3487 881 3532 Caleb
915 3488 956 3529 in
987 3493 1143 3528 terram
1168 3486 1247 3528 51111
1276 3485 1409 3527 tradi·
1434 3501 1469 3541 D
1493 3479 1690 3523 honorati
1721 3491 1819 3523 cum
1843 3491 1921 3530 eo,
1959 3478 2033 3533 qui
2055 3478 2255 3520 dixerunt
2280 3477 2330 3519 ad
2353 3490 2426 3519 eos
2449 3492 2460 3519 ;
2488 3491 2502 3517 1
2530 3476 2632 3527 Quae
2658 3486 2723 3521 est

169 3573 291 3617 tam.
337 3571 381 3607 01,
399 3562 627 3620 ν(1010115511
667 3562 708 3605 in
747 3559 955 3603 liebron'
987 3565 1073 3602 tres
1113 3557 1222 3600 111105
1265 3555 1408 3598 Enacli

171 3637 283 3697 (10⁸.
310 3637 398 3692 xv).
425 3632 476 3679 st
495 3633 875 3686 ascendensinde,
898 3632 1068 3675 obsedit
1091 3631 1307 3674 civitatem
1328 3629 1411 3671 Da-

170 3711 254 3764 bir,
279 3723 374 3767 quae
397 3710 517 3766 prius
544 3707 781 3752 vos-abatur
802 3703 1121 3759 cariatsepher,
1149 3702 1189 3745 id
1223 3709 1289 3745 est
1309 3701 1412 3743 civi-

172 3792 237 3828 tas
261 3784 513 3826 lutei-arum.
549 3780 676 3824 Cives
708 3780 824 3821 enim
863 3778 958 3833 ejus
1001 3776 1233 3830 scriptores
1267 3781 1408 3817 erant.

171 3856 307 3910 Quam
331 3867 428 3898 cum
450 3854 679 3897 invenisset
696 3850 1020 3903 munitam‚ait:
1035 3848 1116 3902 Qui
1135 3849 1300 3903 primus
1315 3858 1410 3901 per-

170 3930 357 3974 cusserit
378 3929 528 3972 urbem
551 3928 678 3976 hauc,
701 3932 743 3969 et
766 3924 949 3979 ceperit,
985 3922 1099 3965 dabo
1141 3922 1180 3963 ei
1204 3920 1338 3962 Axam
1363 3919 1411 3962 ii-
1433 3918 1437 3921 ’

170 4004 270 4047 liam
302 4014 438 4045 meam
464 4011 641 4043 uxorem
666 4010 849 4048 cumea,
869 4004 911 4040 et
941 3996 1052 4050 cepit
1070 4007 1165 4038 eam
1194 3992 1406 4043 othoniel,

169 4058 284 4121 1111115
317 4074 499 4125 Cenem,
533 4073 666 4116 frater
687 4071 816 4114 Caleb
837 4070 984 4124 Junior
1008 4081 1074 4110 eo⁶
1103 4066 1236 4110 Erant
1266 4074 1407 4109 autem

170 4149 327 4192 uterini
361 4147 514 4190 fratres
554 4152 720 4188 tantum
821 4141 928 4184 Nam
961 4141 1030 4183 ille
1055 4139 1167 4182 iilius
1197 4138 1405 4193 lephone,

169 4223 369 4266 iste-vero
396 4220 508 4278 tilius
529 4218 686 4261 Cenem
717 4216 892 4266 dicitur,
916 4214 997 4256 nisi
1037 4212 1145 4254 sorte
1183 4219 1303 4265 pater
1335 4222 1407 4251 co-

170 4307 265 4338 rum
296 4293 543 4337 binominus
581 4290 726 4333 suerit.
765 4287 885 4331 Dedit
922 4287 1064 4340 itaque
1100 4284 1232 4327 Caleb
1276 4284 1405 4325 liliam
1444 4322 1447 4325 ,

147 4376 291 4408 'suam
334 4363 470 4404 Axam
516 4360 635 4403 i’ratri
664 4372 742 4403 5110
787 4359 829 4400 in
869 4358 1131 4399 uxoremffl.
1169 4353 1272 4405 Quat
1308 4363 1404 4394 cum

170 4442 364 4493 pergeret
398 4447 495 4480 cum
523 4434 612 4476 viro
637 4433 688 4476 ad
729 4432 877 4474 urbem
907 4428 1106 4473 traditam
1133 4426 1250 4503 sibi&
1277 4436 1405 4481 suasa

169 4513 234 4552 est
252 4521 274 4550 a
295 4505 384 4550 viro
406 4518 498 4558 sue,
527 4513 572 4548 ut
596 4512 755 4560 peteret
786 4515 807 4547 a
827 4508 945 4557 patre
966 4510 1043 4542 5110
1067 4507 1222 4556 33111111,
1242 4506 1405 4536 in-con-

1493 3552 1575 3594 ista
1595 3550 1918 3605 transgressio‘!
1938 3548 2024 3592 Cur
2058 3548 2290 3603 reliquistis
2330 3547 2462 3590 Deum
2501 3546 2653 3598 lsrael,
2681 3554 2723 3589 et

1492 3625 1656 3667 cultum
1681 3626 1775 3678 ejus
1791 3654 1803 3676 ,
1840 3622 2102 3665 aedificantes
2128 3621 2246 3663 vobis
2281 3620 2415 3663 altare
2437 3617 2724 3672 sacrilegum?

1490 3699 1545 3740 At
1574 3697 1632 3739 illi
1673 3694 1986 3750 responderunt
2011 3693 2166 3736 :Absit
2204 3705 2227 3735 a
2258 3692 2382 3735 nobis
2421 3691 2502 3734 hoc
2545 3692 2731 3734 scelus&

1491 3768 1647 3823 aiioqui
1675 3767 1795 3810 Deus.
1811 3767 1903 3824 ipse
1924 3773 2101 3821 quaerat,
2122 3773 2162 3809 et
2179 3766 2356 3821 judicet.
2381 3764 2462 3808 Sed
2482 3765 2720 3816 timuimus,

1490 3854 1543 3884 ne
1567 3853 1663 3883 cras
1678 3841 1870 3883 dicerent
1892 3838 1967 3881 11111
1985 3839 2112 3881 vestri
2135 3839 2232 3881 111115
2247 3838 2405 3881 nostris
2426 3836 2562 3892 :Quid
2583 3837 2719 3888 vobis,

1489 3923 1531 3957 et
1553 3913 1678 3956 nobis
1697 3911 1715 3953 2
1738 3909 1849 3962 Quid
1868 3909 2004 3962 vobis,
2029 3918 2072 3954 et
2091 3908 2272 3952 Domino
2302 3907 2388 3951 Deo
2424 3907 2554 3951 lsrael
2577 3907 2595 3950 7
2616 3905 2723 3949 Ter·

1490 3987 1652 4030 minum
1675 3984 1818 4040 posuit
1846 3982 2054 4026 Dominus
2087 3982 2196 4025 inter
2236 3994 2341 4033 nos,
2379 3987 2421 4023 et
2441 3991 2535 4023 vos.
2561 3978 2721 4031 Quam·

1489 4060 1634 4102 obrem
1674 4057 1918 4101 memoriale
1946 4057 2027 4100 1100
2062 4054 2276 4098 ereximus
2311 4055 2351 4094 in
2388 4053 2586 4107 signum,
2614 4063 2719 4106 quo-

1488 4135 1604 4176 niam
1632 4131 1792 4174 fratres
1816 4129 1945 4173 vestri
1983 4139 2162 4176 sumus,
2189 4133 2231 4169 et
2264 4125 2444 4168 Deicolae
2478 4123 2716 4165 vobiscum.

1488 4206 1563 4251 His
1588 4205 1746 4249 auditis
1765 4203 1956 4258 placatus
1975 4208 2039 4243 est
2058 4199 2258 4240 Phiuees.
2292 4197 2343 4239 Et
2376 4207 2471 4239 eum
2507 4194 2719 4237 retulisset

1488 4280 1614 4324 verba
1634 4278 1724 4320 haec
1740 4275 1792 4319 ad
1812 4286 1981 4317 omnem
2000 4271 2220 4327 populum,
2245 4268 2522 4310 laudaverunt
2543 4264 2687 4306 Deum.
2701 4277 2714 4301 1

1489 4352 1577 4393 1100
1604 4349 1770 4391 videtur
1800 4344 2055 4400 qui-busdam
2087 4340 2246 4384 iactum
2279 4351 2372 4382 esse
2394 4371 2403 4390 ,
2428 4337 2541 4391 quod
2566 4337 2718 4389 legitur

1489 4425 1529 4467 in
1557 4423 1669 4465 libro
1693 4418 1910 4468 «iudicum,
1938 4416 2052 4471 quod
2093 4415 2268 4470 angelus
2296 4411 2461 4453 Domini
2500 4408 2717 4451 transierit

1488 4497 1538 4538 de
1565 4491 1735 4548 Galgnla
1759 4491 1808 4533 ad
1829 4491 1968 4533 locum
1999 4487 2188 4531 flentium
2222 4483 2378 4540 (ludio.
2408 4484 2473 4536 n).
2514 4478 2595 4525 Sed
2619 4480 2717 4538 quia
