2924 4588
325 147 434 196 1595

1325 140 1430 185 ΡΕΪ
1437 139 1489 184 al
1517 136 1866 185 COBOESTO'RIS

2769 141 2878 188 ¹596

323 243 410 278 non
433 233 653 282 redierunt
667 229 800 275 Iudaei
825 210 964 285 erant,
990 232 1036 275 in
1058 243 1145 320 quo
1182 236 1356 275 notatur
1378 227 1556 288 perfidia
1579 232 1616 278 Α
1636 240 1734 272 eum
1763 239 1849 285 quo
1873 233 2118 273 mensurate
2156 227 2432 273 distribuitur
2453 233 2582 286 potus
2607 228 2876 276 bibentibus.

322 306 583 349 ludaeorum.
832 334 858 361 ο

384 376 583 421 ‘Additio
610 376 648 418 l.
675 373 775 416 Sola
803 374 945 416 unitas
963 372 1167 417 Ecclesia:
1192 370 1369 417 caditin
1389 371 1559 421 faeiem,

325 450 528 494 adorans.
554 447 730 503 lndecst
752 446 865 502 quod
884 447 926 488 in
951 445 1155 501 protestis
1182 446 1335 491 diebus
1356 444 1561 502 prostrati

325 522 620 568 concludimus
640 521 782 571 horas,
816 519 851 563 si
883 531 969 562 non
988 519 1042 562 ad
1070 525 1243 570 terram,
1269 519 1418 563 saltem
1433 530 1564 575 super

326 595 595 644 stratorium,
621 593 692 635 ubi
717 599 902 647 quatuor
926 595 1180 648 signantur:
1206 589 1437 635 Infirmitas
1459 602 1557 635 cor-

322 668 457 723 poris,
486 666 584 722 quia
607 665 659 707 de
672 666 846 719 pulvere
868 664 1024 718 sumpti
1051 678 1062 717 ;
1096 670 1139 707 ct
1165 663 1393 707 iufirmitas
1430 662 1562 707 animi

325 741 426 794 quia
460 750 537 794 per
556 748 634 780 nos
657 750 743 779 non
779 736 1011 792 erigimur;
1054 741 1099 779 et
1122 736 1438 786 erubescentia,
1461 737 1562 793 quia

322 825 409 854 non
432 810 640 853 audemus
656 808 804 852 oculos
821 810 962 852 levare
985 808 1038 851 ad
1059 808 1216 852 coelum
1233 822 1245 861 ;
1262 814 1305 851 et
1316 808 1559 864 prudentia,

321 885 422 941 quia
457 883 651 927 videmus
676 882 748 924 ubi
773 882 986 933 cadimus,
1015 881 1056 924 id
1078 887 1143 926 est
1168 881 1213 924 iu
1248 882 1430 927 terrenis
1457 882 1561 926 ami·

320 957 477 1013 ginmr.
522 955 572 997 Et
596 954 792 997 videmus
832 966 981 1009 quare.
1017 952 1064 996 ln
1087 954 1269 1009 privatis
1292 954 1562 1000 orationibus

321 1027 596 1084 quandoque,
618 1026 740 1069 nexis
766 1025 963 1080 genibus,
984 1030 1031 1067 ut
1054 1022 1277 1077 Salomon,
1302 1025 1377 1071 sed
1394 1026 1559 1069 elevata

325 1099 454 1146 faeie.
473 1109 666 1146 oramus,
692 1098 816 1153 quasi
841 1097 1037 1140 dicamus
1064 1109 1074 1139 :
1099 1112 1114 1137 ι
1139 1095 1282 1141 Trabe
1298 1109 1366 1142 me
1391 1104 1488 1154 post
1521 1106 1563 1143 te

322 1170 464 1224 (Cant.
490 1170 568 1226 ι).»
629 1169 898 1226 Quandoque
940 1174 1123 1221 stantes,
1169 1170 1294 1226 quasi
1328 1170 1558 1214 dieamus:

325 1256 339 1283 ι
358 1241 406 1285 ln
429 1240 605 1285 domum
634 1239 799 1283 Domini
827 1242 1022 1286 laetantes
1044 1241 1207 1286 ibimus
1230 1241 1367 1298 (Psal.
1394 1240 1556 1295 (καθ.)

317 1312 367 1358 ln
390 1314 530 1371 primo
567 1326 670 1367 ergo
697 1314 980 1369 exprimimus
1022 1314 1313 1359 conditionem
1344 1320 1559 1366 nostram,

320 1387 364 1430 in
392 1386 583 1431 secundo
601 1385 878 1439 desiderium,
903 1386 1093 1431 intortio
1108 1399 1242 1443 spem.

318 1475 422 1519 Car.
460 1472 587 1519 exn.
629 1474 690 1518 De
735 1474 1018 1518 Samaritam}
1057 1474 1300 1532 neqaretibus
1339 1475 1454 1531 hosp?
1458 1477 1560 1519 lium

847 1530 1040 1576 Domino.

373 1601 566 1659 Dumque
588 1599 869 1659 praemisisset
894 1605 1073 1647 nuntios
1103 1604 1145 1647 in
1166 1603 1383 1651 civitatem
1405 1603 1563 1647 Sama·

318 1674 576 1724 titanorum,
604 1687 689 1718 non
710 1682 811 1719 sunt
843 1676 1002 1732 recepti
1025 1676 1210 1731 bospitio
1229 1676 1349 1733 (Luc.
1373 1677 1452 1728 tx).
1484 1677 1557 1720 Sa-

317 1746 518 1790 maritani
555 1747 668 1791 enim
701 1748 950 1791 invidebant
995 1750 1200 1792 euntibus
1237 1750 1282 1793 in
1319 1749 1557 1794 Jerusalem

316 1818 515 1868 adorare.
542 1821 642 1876 quia
665 1820 869 1864 dicebant
889 1822 931 1864 in
950 1828 1095 1866 monte
1116 1822 1302 1865 Garizim
1324 1835 1422 1867 esse
1433 1835 1561 1867 orau-

316 1891 418 1936 dum
442 1899 614 1948 propter
634 1894 880 1948 propbetas.
908 1893 960 1936 Et
981 1893 1359 1947 irati‘lacobusaet
1373 1894 1560 1939 Ioannes

317 1966 552 2010 dixerunt:
587 1980 601 2006 ι
630 1965 939 2019 Vis,-dicimus
959 1998 969 2018 ,
1003 1974 1053 2011 ut
1092 1967 1204 2024 ignis
1243 1967 1475 2012 descendat
1508 1967 1562 2012 de

316 2039 445 2089 coelo,
466 2045 507 2081 et
529 2044 754 2083 consumat
775 2040 869 2083 eos?
893 2038 944 2082 Et
962 2039 1199 2097 increpavit
1212 2052 1287 2084 eos
1307 2040 1528 2084 Dominus.
1541 2057 1557 2082 ι

315 2106 573 2166 Huiusmodi
613 2112 823 2162 vindicta,
871 2125 966 2168 quae
990 2112 1194 2165 laudatur
1215 2113 1258 2155 in
1290 2111 1408 2163 Elia,
1433 2113 1472 2155 in
1493 2113 1560 2158 his

317 2183 562 2236 damnatur,
580 2186 778 2241 quiaille
791 2197 844 2230 ex
871 2186 1098 2241 charitate,
1133 2186 1178 2230 bi
1203 2198 1257 2230 ex
1280 2187 1345 2228 ira
1378 2186 1460 2229 hoc
1482 2198 1559 2243 ap-

315 2258 533 2313 petebant.

425 2331 525 2375 cir».
549 2331 692 2376 Cxlll.
717 2333 772 2375 De
808 2334 1001 2388 petitione
1025 2333 1209 2389 filiorum
1234 2332 1435 2378 zebeam.

372 2400 424 2445 Et
447 2415 671 2448 assumens
696 2405 848 2448 iterum
876 2417 1068 2448 seorsum
1094 2404 1319 2449 duodecim
1338 2406 1398 2448 ait
1425 2405 1559 2450 :Ecce

317 2473 590 2520 ascendimus
613 2476 939 2533 lerosolymam,
964 2485 1006 2521 et
1018 2479 1435 2522 consummabuntur
1459 2491 1561 2534 pro-

317 2546 470 2600 p'irtiae
515 2547 568 2591 de
611 2547 722 2591 Filio
775 2548 965 2594 hominis
1006 2548 1177 2598 (Manli.
1202 2563 1255 2593 xx
1277 2564 1288 2603 ;
1331 2549 1462 2595 Marc.
1493 2552 1555 2607 x).

318 2618 528 2662 Tradetur
552 2621 663 2663 enim
705 2622 921 2676 gentibus,
946 2618 989 2666 et
1016 2622 1239 2672 illudetur,
1265 2630 1307 2667 ct
1330 2623 1559 2679 flagellabi-

315 2695 403 2741 tur,
428 2697 704 2745 conspuetur,
734 2692 1025 2749 crucifigetur,
1047 2699 1092 2737 et
1113 2694 1237 2738 tertia
1261 2695 1329 2739 die
1343 2700 1554 2754 resurget.

316 2761 436 2815 Quod
473 2764 696 2807 audientes
741 2764 813 2807 lilii
857 2764 1065 2818 Zebedaei,
1092 2772 1291 2822 putantes
1335 2768 1557 2816 imminere

315 2844 491 2887 regnum
539 2831 638 2875 lesu
666 2834 706 2876 in
727 2833 874 2885 lsrael,
903 2844 1211 2893 suggesserunt
1232 2840 1360 2882 matri
1377 2851 1483 2892 suae,
1508 2847 1556 2885 ut

315 2908 478 2960 peteret
513 2904 568 2947 ab
599 2919 651 2949 eo
690 2919 846 2951 munus
894 2908 988 2952 sine
1007 2909 1195 2961 nomine,
1227 2923 1312 2966 quo
1330 2923 1553 2966 concesso,

315 2976 518 3021 subderet
542 2993 552 3022 ε
577 2998 590 3018 ι
616 2977 692 3021 Die
708 2984 754 3022 ut
779 2979 820 3022 hi
841 2979 927 3023 duo
952 2980 1026 3023 lilii
1049 2983 1131 3025 mci
1155 2982 1349 3035 sedeant,
1372 2997 1485 3030 unus
1500 2985 1554 3030 ad

314 3052 551 3103 dexteram,
598 3053 708 3096 alius
744 3053 794 3096 ad
817 3053 1041 3098 sinistram
1086 3055 1129 3099 iu
1158 3069 1288 3113 regno
1312 3061 1404 3101 tuo.
1426 3056 1554 3103 lesus

315 3129 455 3168 anilem
481 3137 566 3168 non
579 3124 801 3180 respondit
820 3128 965 3178 matri,
985 3126 1061 3172 sed
1096 3128 1340 3184 petentibus
1364 3142 1441 3187 per
1464 3143 1556 3173 ma·

313 3200 450 3238 trem:
472 3194 658 3240 Nescitis
673 3197 773 3252 quid
807 3199 980 3253 petatis,
1013 3214 1028 3240 ι
1059 3200 1186 3256 quasi
1215 3200 1411 3246 diceret:
1437 3201 1555 3247 Prae·

313 3265 514 3310 lationem
557 3269 747 3323 qumi-itis
773 3269 812 3311 in
836 3271 960 3322 coelo‚
989 3284 1085 3327 quae
1118 3272 1238 3315 nulla
1263 3273 1346 3317 erit
1387 3274 1463 3319 ibi.
1502 3273 1554 3317 Et

316 3337 428 3382 male
453 3338 644 3394 quaeriais
666 3354 675 3382 :
709 3352 889 3396 regnare
933 3343 1047 3385 enim
1079 3344 1227 3394 vultis,
1255 3347 1329 3401 qui
1354 3358 1441 3390 non
1462 3340 1551 3389 mess-

316 3408 464 3452 ruistis
489 3421 500 3449 ε
531 3424 545 3450 ι
566 3409 750 3454 Potestis
788 3412 935 3456 bibere
969 3414 1164 3466 calicem,
1189 3427 1315 3471 quem
1340 3428 1419 3473 ego
1438 3418 1548 3461 bibi·
1576 3406 1611 3454 D
1634 3414 1772 3472 xviu).
1794 3412 1998 3457 Zaebaeus
2011 3418 2154 3454 autem
2178 3408 2379 3465 princeps
2403 3406 2747 3464 publicanorum,
2770 3407 2873 3469 qula

315 3487 439 3525 turus
462 3493 555 3524 sum
570 3483 588 3524 ?
603 3482 691 3526 Aut
714 3485 944 3541 baptismo,
966 3498 1052 3542 quo
1081 3499 1159 3544 ego
1182 3487 1380 3544 baptizor
1415 3489 1555 3545 bapti-

315 3553 439 3596 zari?
463 3553 617 3597 Dicunt
661 3556 699 3599 ei
734 3569 743 3597 :
790 3556 1043 3602 Possumus.
1070 3575 1084 3601 ›
1114 3559 1235 3604 Calix
1259 3565 1274 3579 ·
1290 3564 1552 3618 passionem,

315 3625 527 3680 baptisma
551 3633 731 3671 mortem
759 3630 931 3686 signat,
962 3639 1005 3675 et
1032 3630 1194 3675 dicitur
1229 3633 1282 3676 ad
1308 3634 1548 3679 similitudi-

316 3707 411 3739 nem
432 3698 538 3740 lanae
562 3699 768 3747 intinctoe.
813 3700 936 3745 Sicut
972 3702 1089 3746 enim
1121 3704 1218 3748 lana
1245 3705 1489 3762 intingitur,
1513 3714 1555 3750 et

316 3768 667 3822 accipitalicujus
686 3772 846 3817 coloris
868 3774 1137 3829 dignitatem,
1163 3778 1225 3821 sic
1248 3790 1327 3822 nos
1350 3780 1394 3822 in
1436 3791 1553 3823 mor·

315 3843 419 3894 tem,
443 3841 746 3889 descendimus
768 3849 1031 3903 corporales,
1055 3856 1099 3894 et
1119 3862 1395 3908 resurgemus
1422 3855 1555 3910 spiri-

317 3912 471 3956 tuales.
505 3913 624 3958 Calix
662 3917 713 3959 ad
745 3918 928 3962 litteram
949 3921 1136 3976 scyphus
1168 3928 1345 3978 estque
1368 3922 1552 3968 calidam

321 3982 532 4027 sumimus
577 3986 810 4039 potionem.
859 3988 1103 4034 Macrobius
1141 3990 1410 4037 Theodosius
1427 3991 1551 4041 dicit,

321 4052 527 4106 scyphum
550 4066 663 4105 esse,
687 4067 814 4112 quem
847 4058 1102 4103 invenerunt
1119 4059 1275 4105 Cilices
1292 4064 1341 4111 ⁶⁶,
1373 4062 1554 4106 etdixe·

320 4127 422 4164 runt
447 4122 632 4175 cilicem,
657 4127 729 4180 qui
754 4139 869 4171 nune
883 4135 1043 4171 mutata
1068 4130 1207 4174 littera
1247 4132 1260 4171 i
1283 4132 1324 4175 in
1345 4146 1371 4174 a
1394 4131 1553 4175 dicitur

320 4192 449 4236 calix.
467 4193 750 4241 Cassiodorus
766 4210 896 4254 super
919 4200 1108 4255 psalmos
1130 4201 1261 4251 dicit,
1295 4204 1406 4247 calix
1442 4203 1552 4247 dici-

322 4264 395 4306 tur
434 4266 595 4317 passio,
631 4268 730 4322 quia
769 4281 865 4311 cum
911 4282 1113 4315 mensura
1152 4273 1341 4315 bibitur:
1360 4288 1374 4313 ι
1394 4272 1552 4319 Fidelis

323 4334 435 4377 enim
459 4335 588 4389 Deus,
612 4340 683 4394 qui
699 4353 783 4383 non
794 4342 894 4384 sinit
914 4355 992 4387 nos
1016 4345 1169 4387 tentari
1208 4357 1337 4400 supra
1372 4346 1414 4388 id
1437 4346 1550 4401 quod

323 4419 554 4467 possumus
598 4411 639 4469 (1
669 4412 767 4458 Cor.
795 4414 889 4471 x).»
929 4414 1004 4461 Est
1027 4417 1139 4462 enim
1186 4419 1295 4462 calix
1344 4419 1550 4475 scyphus,

1624 2919 1752 2959 >terra
1764 2909 2031 2956 calidissima
2070 2913 2155 2957 est,
2189 2905 2263 2962 qui
2290 2905 2546 2950 invenerunt
2568 2903 2783 2961 quoddam
2801 2914 2874 2963 gg-
2898 2911 2905 2943 ξ

1618 3919 1762 3965 bodie
1782 3923 1952 3975 oportet
1971 3918 2040 3963 ine
2055 3918 2098 3962 in
2110 3917 2242 3961 domo
2258 3911 2332 3960 tua
2348 3915 2538 3961 manere,
2551 3911 2606 3955 Et
2631 3909 2869 3964 descendit,

1617 3997 1675 4049 ‘ct
1696 3986 1863 4047 excepit
1883 3989 2002 4033 illum
2036 3987 2230 4045 gaudeus
2250 3986 2295 4031 ln
2317 3985 2494 4031 domum
2529 3995 2682 4029 suam..
2699 3998 2714 4025 ι
2747 3978 2869 4027 'runo

1625 4415 1777 4460 domni
1814 4417 1931 4461 salus
1967 4415 2082 4461 facta
2109 4420 2205 4468 est,
2251 4426 2303 4460 eo
2324 4413 2437 4471 quod
2465 4413 2556 4471 ipsc
2586 4407 2884 4459 zachaeus'fla

1639 300 1693 344 Et
1724 314 1840 346 secu·
1829 300 1959 344 udum
1981 301 2092 344 banc
2109 300 2427 346 distinctionem
2446 313 2484 345 c
2486 300 2875 359 ilicis,etbaptismi

1638 379 1756 418 recte
1782 373 1972 418 subdidit
2011 373 2254 418 Dominus.
2285 387 2299 414 ι
2325 374 2512 418 Calicem
2538 374 2709 431 quidem
2734 389 2880 420 meum
2899 416 2902 418 .

1639 447 1815 498 bibetis,
1845 463 1861 490 ι
1886 452 1930 490 et
1952 447 2088 490 tacuit
2110 445 2163 491 de
2178 447 2407 502 baptismo.
2430 446 2621 492 ,loannes
2644 449 2758 492 enim
2787 461 2874 493 non

1639 520 1908 576 martyrium,
1925 518 2001 563 sed
2018 518 2243 575 passiones
2265 519 2423 563 multas
2442 519 2560 563 circa
2577 525 2759 564 mortem
2782 533 2879 566 sus-

1642 591 1784 636 tinuit.
1826 592 1908 634 Alii
1926 597 2087 643 tamen,
2107 596 2151 635 et
2181 591 2378 643 calicem,
2425 597 2468 635 et
2499 591 2761 648 baptismum
2799 605 2882 649 pro

1640 664 1790 709 eodem
1814 657 2046 720 accipiunt,
2079 663 2246 708 scilicet
2291 676 2369 720 pro
2393 663 2616 721 martyrio.
2652 661 2707 706 Et
2730 664 2878 709 dicunt

1639 737 1847 781 Joannem
1868 737 2011 780 animo
2044 735 2178 781 fuisse
2221 741 2474 793 martyrem,
2499 736 2600 792 quia
2629 737 2773 780 animo
2791 749 2880 782 non

1641 810 1778 854 del'uit
1795 810 2064 866 martyrium,
2084 816 2127 853 et
2154 810 2198 852 in
2217 808 2426 853 ferventis
2443 808 2527 854 olei
2544 807 2708 853 dolium
2719 809 2880 856 missus

1640 890 1723 929 est.
1745 881 1791 925 ln
1815 882 1931 926 bunc
1953 881 2128 925 modum
2168 880 2458 938 Hieronymus
2500 881 2607 926 dicit
2638 881 2692 926 de
2729 893 2881 926 mona-

1641 956 1735 1001 chis
1759 971 1768 998 :
1793 953 1988 998 Monaclii
2012 954 2170 998 debent
2192 954 2351 999 babere
2365 954 2594 1011 puritatem
2625 961 2880 1012 martyrum,

1641 1027 1869 1084 siquidem,
1892 1032 1934 1071 et
1956 1025 2038 1082 ipsi
2062 1031 2273 1084 martyres
2291 1031 2409 1070 sunt.
2434 1023 2696 1083 Addiditque
2716 1023 2845 1071 lesus
2865 1019 2888 1070 τ’
2918 1028 2924 1050 z

1641 1101 1798 1146 Sedere
1823 1105 1965 1144 autem
1997 1099 2050 1143 ad
2074 1098 2311 1150 dexteram,
2334 1098 2403 1142 vel
2439 1097 2492 1141 ad
2513 1097 2752 1150 sinistram,
2791 1109 2879 1142 non

1638 1177 1706 1217 cst
1746 1183 1886 1215 meum
1927 1170 2031 1216 dare
2070 1169 2210 1221 vobis,
2243 1169 2445 1221 subaudi,
2494 1169 2653 1215 talibus
2677 1201 2690 1222 ,
2730 1169 2882 1226 quales

1639 1257 1718 1289 vos
1759 1243 1884 1296 estis,
1919 1242 2021 1299 quia
2045 1241 2152 1286 estis
2202 1240 2435 1286 ambitiosi.
2464 1240 2543 1287 Vel
2572 1241 2695 1287 vobis
2714 1273 2727 1295 ,
2756 1241 2881 1298 qnasi

1641 1330 1719 1374 pro
1741 1315 1882 1367 nobis,
1908 1314 1950 1358 id
1969 1319 2036 1359 est
2058 1315 2160 1370 quia
2186 1314 2414 1371 propinqui
2453 1313 2538 1357 mei
2583 1313 2706 1358 estis.
2748 1329 2763 1356 ι
2785 1313 2878 1371 Nou

1639 1388 1753 1433 enim
1792 1399 2073 1443 personarum
2115 1389 2316 1443 acceptor
2355 1391 2422 1429 est
2446 1385 2559 1430 Deus
2579 1384 2691 1443 (Act.
2718 1384 2768 1445 ι).
2791 1402 2805 1428 ι
2832 1389 2880 1430 ut

1641 1461 1806 1506 scilicet
1829 1464 2106 1517 personatum
2143 1459 2331 1516 aliquem
2364 1459 2567 1504 observet
2592 1459 2689 1504 sine
2709 1461 2878 1506 meritis

1640 1535 1684 1578 in
1700 1532 1841 1577 dando
1862 1532 2046 1576 salutem
2076 1538 2298 1576 aeternam.
2331 1530 2386 1575 Et
2420 1544 2518 1576 cum
2551 1532 2882 1589 indignarentur

1639 1606 1787 1651 decem
1808 1605 1860 1650 de
1874 1604 2043 1648 duobus
2067 1603 2291 1655 iratribus,
2307 1603 2455 1649 docuit
2479 1603 2688 1649 Dominus
2723 1606 2802 1650 lios
2834 1610 2881 1651 et

1639 1674 1753 1726 illos,
1771 1688 1859 1719 non
1877 1681 2081 1719 venturos
2105 1675 2157 1718 ad
2175 1686 2372 1732 regnum,
2397 1675 2481 1720 nisi
2500 1688 2576 1733 per
2597 1676 2878 1722 humilitatem

1638 1756 1681 1793 et
1697 1747 1816 1792 dedit
1835 1761 1881 1792 se
1896 1749 1937 1791 in
1972 1747 2213 1802 exemplum
2238 1747 2302 1791 cis
2324 1747 2474 1793 dicens
2499 1763 2510 1792 ι
2537 1763 2551 1790 ι
2581 1747 2716 1792 Filius
2734 1749 2878 1793 homi·
2914 1794 2924 1799 ι

1640 1821 1708 1866 nis
1725 1833 1811 1864 non
1848 1819 1984 1864 venit.
2013 1817 2268 1870 ministrari,
2315 1818 2390 1864 sed
2429 1818 2730 1864 ministrare.»
2767 1801 2924 1873 Quia-⁷3

1639 1894 1753 1938 enim
1775 1894 1903 1937 bomo
1928 1892 2084 1936 cecidit
2109 1905 2186 1949 per
2207 1892 2470 1949 superbiam,
2494 1903 2570 1948 per
2604 1891 2731 1935 aliam
2762 1892 2883 1936 viam

1640 1966 1781 2011 redire
1808 1970 1979 2021 oportet
1990 1976 2087 2028 eum
2113 1964 2156 2008 in
2177 1963 2395 2020 regionem
2426 1974 2565 2007 suam.
2589 1961 2651 2006 Ad
2669 1961 2783 2019 quod
2817 1963 2880 2008 si·
2906 1973 2924 1986 ’-

1638 2038 1927 2096 gnilicandum
1966 2038 2168 2082 dominus
2187 2048 2296 2094 papa
2322 2036 2366 2079 in
2390 2035 2741 2093 processionibus
2765 2035 2875 2079 redit

1639 2126 1715 2170 per
1730 2113 1858 2157 aliam
1877 2112 2005 2160 viam,
2033 2111 2086 2154 ab
2105 2122 2154 2153 ea
2175 2121 2250 2166 per
2268 2119 2397 2166 quam
2414 2110 2622 2164 egressus
2651 2112 2736 2152 est.
2920 2144 2924 2161 :

1696 2188 1711 2203 ⁶
1738 2183 1912 2228 Additio
1951 2183 1993 2226 1.
2019 2181 2142 2226 Calix
2165 2186 2231 2224 est
2262 2179 2449 2236 scyphus
2473 2176 2558 2235 quo
2579 2177 2762 2222 calidam
2797 2190 2873 2235 su·

1639 2258 1798 2303 mimus
1815 2256 2048 2312 potionem,
2079 2252 2121 2296 id
2161 2257 2229 2296 est
2271 2257 2436 2307 potum,
2475 2250 2549 2306 qui
2585 2248 2799 2304 calefacit,
2826 2255 2874 2293 ut

1571 2346 1604 2391 C
1634 2335 1796 2385 vinum,
1820 2326 2090 2375 cerevisiam,
2118 2324 2362 2376 medonem,
2394 2328 2438 2367 et
2477 2321 2742 2379 huiusmodi,
2779 2333 2876 2378 quae
2918 2357 2924 2364 .

1638 2404 2078 2457 calefaciuntcorpus
2101 2398 2354 2441 humanum.
2382 2394 2580 2452 Scypbus
2606 2393 2872 2445 diciturvas,
2898 2443 2909 2461 ι

1636 2495 1724 2542 quo
1742 2477 1952 2525 sumimus
1989 2478 2154 2530 potum,
2198 2470 2296 2514 cibo
2332 2467 2576 2512 infunditur
2621 2473 2787 2514 tantum
2817 2467 2871 2510 ael
2916 2510 2920 2514 Α

1636 2545 1998 2600 munificandam
2030 2546 2143 2589 sicut
2165 2549 2231 2588 est
2274 2553 2385 2599 aqua
2425 2541 2623 2598 simplex,
2653 2553 2748 2597 quae
2785 2544 2904 2584 non'

1636 2626 1790 2678 nutrit,
1816 2622 1890 2669 sed
1916 2619 2174 2667 soliditatem
2209 2616 2293 2660 eibi
2321 2628 2396 2673 per
2423 2615 2614 2659 membra
2659 2615 2872 2671 deportat.
2908 2629 2917 2674 p

1636 2700 1736 2744 llaec
1757 2702 1824 2743 est
1847 2693 2023 2754 propria
2061 2689 2302 2735 differentia
2342 2688 2454 2732 inter
2476 2687 2686 2744 scyphum
2735 2692 2778 2730 et
2801 2697 2877 2728 ca·
2906 2700 2907 2705 ¹

1636 2771 1916 2884 llcfinjldditio
1937 2822 1981 2882 2‘.
2018 2836 2120 2881 item
2155 2834 2312 2879 Cilices
2353 2823 2498 2891 populi
2537 2838 2654 2883 ³⁰³²·
2691 2842 2874 2889 ‘1⁰⁰¹'um
2910 2803 2913 2808 Ι

1635 2997 1718 3031 uus
1740 2989 1891 3029 contra
1932 2980 2136 3029 calorem,
2153 2978 2267 3034 quod
2294 2976 2443 3022 Graece
2471 2976 2614 3020 cilicos
2630 2975 2805 3029 dicitur,
2828 2978 2875 3021 ot
2902 2971 2911 2976 ’

1632 3071 1709 3116 per
1725 3052 2045 3102 mutationein,‚i
2067 3051 2110 3095 in
2134 3064 2162 3094 a
2177 3050 2342 3094 dictum
2364 3053 2433 3094 est
2460 3047 2632 3107 colicos.

1659 3165 1760 3210 Car.
1784 3158 1930 3207 cxlv.
1951 3157 2010 3203 De
2027 3157 2205 3201 Zachoeo
2235 3164 2276 3200 et
2313 3168 2419 3201 coeco
2443 3155 2558 3212 prius
2584 3130 2826 3199 illuminato

1686 3268 1739 3314 Et
1761 3274 1986 3324 antequam
2006 3265 2303 3321 ingrederetur
2314 3259 2487 3306 Jericbo
2504 3260 2760 3306 illuminavit
2788 3270 2871 3309 οω-
2894 3299 2898 3304 .

1633 3354 1730 3387 cum
1748 3352 1882 3386 unum
1906 3345 1948 3383 et
1973 3337 2195 3393 ingressus
2217 3333 2542 3394 perambulabat
2557 3330 2728 3377 iericho
2751 3330 2875 3388 (Luc.

1633 3487 1816 3545 pusillus
1834 3490 1953 3537 -erat,
1978 3483 2176 3529 ascendit
2196 3482 2391 3525 arborem
2415 3491 2684 3538 sycomorum
2729 3484 2774 3522 ut
2804 3478 2874 3523 vi·

1633 3559 1754 3604 deret
1793 3558 1941 3608 lesum
1988 3552 2428 3610 transeuntem'‘(Lue.
2465 3551 2571 3607 xix).
2610 3550 2872 3608 sycomorus

1633 3631 1742 3676 licus
1757 3631 1881 3674 fatua
1899 3629 2075 3680 dieitur,
2095 3628 2140 3671 in
2177 3626 2292 3671 loliis
2334 3636 2456 3669 moro
2488 3622 2641 3668 similis
2661 3654 2673 3675 ,
2706 3621 2750 3667 in
2773 3621 2878 3669 aliis.

1633 3704 1787 3751 similis
1816 3703 1934 3747 licui.
1978 3700 2103 3746 Unde
2147 3699 2305 3743 dicitur
2326 3697 2452 3756 quasi
2490 3707 2760 3753 sycomorus,
2792 3690 2888 3738 sed¹

1633 3776 1860 3819 altitudine
1883 3779 2093 3831 praestans
2121 3803 2135 3822 ,
2160 3770 2272 3815 unde
2314 3775 2357 3814 et
2374 3781 2398 3812 a
2425 3767 2591 3811 Latinis
2622 3766 2736 3811 celsa
2753 3775 2871 3810 trun·

1629 3845 1830 3904 cupatur.
1851 3861 1866 3888 ι
1898 3846 2011 3889 Dixit
2031 3845 2069 3889 ei
2087 3844 2215 3889 lesus
2243 3857 2256 3902 ²,
2283 3842 2478 3893 Zacbaee,
2515 3839 2744 3890 descende,
2767 3836 2884 3918 quiq

1632 4061 1838 4106 Zacliaeus
1860 4059 2087 4105 dimidium
2118 4058 2327 4103 bonorum
2363 4067 2542 4102 suorum
2574 4055 2685 4100 dans
2707 4065 2869 4112 paupe*

1630 4132 1782 4185 ribus,
1824 4130 2048 4175 dimidium
2097 4127 2294 4179 retinuit,
2328 4132 2375 4171 ut
2413 4125 2514 4170 inde
2557 4125 2753 4169 redderet
2798 4122 2888 4169 bit·-

1631 4214 1741 4260 quos
1763 4201 2108 4254 defraudaverat,
2126 4200 2170 4244 iu
2188 4197 2494 4256 quadruplum,
2515 4208 2612 4252 quae
2633 4195 2678 4239 in
2688 4194 2867 4251 duplum

1630 4274 1697 4318 vel
1719 4273 2010 4330 quadruplum
2043 4272 2401 4324 restituebantur,
2431 4268 2668 4314 secundum
2711 4267 2864 4339 legem,

1630 4343 1743 4388 sicut
1765 4355 1897 4400 supra
1919 4344 2083 4388 dictum
2110 4349 2192 4388 est.
2214 4357 2229 4384 ‹
2260 4342 2312 4385 Et
2343 4343 2404 4386 ait
2426 4340 2585 4386 Jesus:
2612 4339 2748 4383 Hodie
2765 4337 2864 4382 huie
