2924 4588
275 160 293 183 ⁸
559 167 588 202 0

267 200 378 247 ¹803
771 252 800 281 ο
993 264 1006 276 .

318 291 519 346 Bellaque
545 286 769 331 saxonicis
792 291 894 330 aunt
914 295 1025 332 nova
1045 278 1146 328 nata
1175 283 1299 328 lo'cis.

261 364 430 407 obtinet
454 360 669 421 Aurel‘ws,
694 370 872 414 regnum
895 357 978 402 sibi
1000 358 1274 407 conciliatur,

259 437 506 490 voltigerna
525 444 682 475 manus
702 431 845 487 gladio
863 430 978 476 cadit
1001 435 1129 486 atque
1153 430 1338 485 rugatur,

310 505 458 548 Perdit
480 509 522 547 et
545 503 787 553 archatum,
813 495 954 559 perdit
978 507 1020 546 et
1045 502 1135 557 ipse
1155 507 1299 558 caput.

254 577 414 631 Angria
436 575 582 631 regina
607 575 722 629 regis
746 574 918 617 viduata
944 574 1085 625 ruina,

256 648 368 690 Bella
390 645 522 689 refert
543 644 699 701 prima,
725 656 863 700 neque
885 644 1051 688 viribus
1075 632 1240 688 exstitit
1263 644 1363 697 ima,

310 715 460 759 Praelia
485 715 568 758 sert
588 713 724 765 varia,
749 714 922 767 damna,
942 714 1125 770 pericla,
1149 714 1317 758 minas.-

256 788 392 830 Orsus
412 792 454 830 et
473 784 696 842 Engistus,
725 796 800 830 seu
823 791 977 828 caetera
1009 783 1180 828 Saxona
1201 785 1355 832 virtus.

254 860 422 902 Acriter
447 858 680 909 obsistunt,
705 868 883 912 regnum
905 856 1173 911 rapientibus
1198 855 1329 905 istud,

308 931 391 974 Pro
414 942 519 974 nece
542 930 747 986 prostrati
773 928 885 984 regis
912 939 1057 970 amara
1081 927 1187 983 pati.

255 1005 358 1047 Uter
377 1010 419 1048 et
442 1003 642 1047 Aurelius
665 1003 766 1046 dum
789 1003 921 1058 regna
943 1006 1122 1057 paterna
1144 1006 1391 1058 capessunt,

254 1075 426 1119 Viribus
442 1078 715 1124 excrescunt,
739 1072 872 1116 sedet
889 1071 1069 1127 Angliea
1083 1071 1196 1116 bella
1219 1077 1462 1114 tumescunt
1480 1104 1492 1122 ,

303 1145 491 1201 Regibus
518 1145 641 1188 iratis
666 1156 786 1187 arma
811 1144 950 1187 tulere
974 1141 1098 1190 satis.

253 1219 355 1262 Post
377 1218 521 1262 varias
546 1216 700 1267 caedes,
725 1216 829 1259 bine
851 1215 952 1258 inde
975 1220 1223 1259 cremantur
1245 1221 1286 1258 et
1307 1214 1436 1266 aedes,

251 1288 523 1333 Conveniunt
543 1290 706 1345 plebes,
734 1301 841 1344 quas
866 1287 978 1332 serre
1005 1288 1194 1343 pericula
1221 1286 1363 1338 taedet,

305 1362 429 1407 Pacis
453 1364 565 1419 apud
588 1375 789 1419 proceres
816 1360 957 1406 soedus
981 1362 1091 1404 inire
1114 1359 1248 1404 sedet.

253 1435 323 1480 Sic
347 1436 500 1482 modus
522 1442 588 1479 est
611 1437 757 1490 pacis;
781 1434 894 1490 quod
920 1436 1000 1478 rite
1026 1433 1318 1477 reconciliati«

252 1509 493 1552 saxonibus
517 1509 650 1564 gratis
685 1507 844 1550 tribuat
870 1519 945 1550 rex
970 1505 1130 1550 soedera
1154 1506 1289 1561 pacis,

310 1581 498 1626 Urbibus
522 1589 564 1625 et
588 1579 743 1631 feudis,
768 1579 913 1632 rebus,
938 1578 1104 1622 honore
1123 1578 1252 1623 datis.

243 1654 410 1709 Angria
431 1654 597 1708 regina,
624 1653 744 1708 pacis
767 1659 938 1706 sumpta
960 1651 1187 1704 medicina,

249 1726 437 1782 Regibus
461 1726 654 1777 inclinat,
683 1723 842 1768 secedit
866 1737 967 1769 arva
990 1725 1173 1777 marina,

305 1799 396 1851 Qua
418 1799 501 1842 sibi
526 1798 703 1854 pacifica
725 1803 867 1841 castra
894 1804 1038 1842 tenere
1063 1799 1225 1848 sinant,

247 1871 446 1915 Aurelius
468 1871 796 1926 primogenitus,
822 1870 1026 1927 regnique
1051 1872 1328 1923 monarchus,

252 1943 321 1986 Sic
341 1941 462 1997 pacis
484 1942 649 1985 sancita
672 1941 792 1994 facit,
819 1942 882 1986 sic
906 1943 1116 1999 prospicit
1139 1949 1282 1995 actus,

306 2014 360 2056 Ut
388 2021 553 2071 reparet
575 2015 726 2070 patriae
747 2014 919 2070 gaudia,
945 2015 1031 2058 lata
1053 2016 1194 2071 quies,
1465 2067 1472 2071 ς

248 2087 458 2131 eonrovet
481 2089 658 2143 optima,
682 2086 866 2143 dissipat
891 2086 1082 2139 horrida,
1107 2089 1224 2144 regia
1247 2101 1421 2150 norma,
1475 2107 1484 2114 ·

248 2159 399 2204 Praelie
424 2160 641 2215 deprimit,
670 2159 813 2203 abdita
839 2161 996 2215 rejicit,
1025 2167 1122 2215 apta
1146 2161 1369 2211 reformat,

303 2232 395 2275 Rex
416 2239 526 2285 erat,
550 2232 636 2278 imo
662 2237 798 2288 pater,
824 2239 942 2288 gesta
966 2239 1145 2288 paterna
1169 2240 1330 2289 patent.

247 2302 447 2346 Attamen
473 2303 658 2347 admissa
684 2303 821 2358 patris
846 2302 1017 2347 scritate
1041 2304 1240 2359 patrizat,

250 2376 357 2418 Nam
382 2374 504 2430 prius
528 2375 672 2419 inflixa
697 2382 875 2419 renovat
902 2382 1131 2427 tormenta,
1155 2379 1349 2428 remissa,

306 2447 356 2488 Et
378 2451 492 2491 tenet
514 2446 678 2491 erroris
698 2447 894 2503 dogmata
919 2447 1043 2502 plena
1069 2448 1196 2493 dolis.

252 2519 455 2563 AEmulus
477 2520 569 2575 ipse
592 2518 683 2571 Dei,
711 2519 855 2575 populi
883 2519 928 2562 fit
951 2526 1067 2563 tutor
1089 2519 1273 2572 llebraei,

250 2592 369 2635 Atria
394 2592 553 2647 scripta
575 2592 708 2643 vehit,
731 2597 980 2648 sectamque
1004 2592 1115 2637 fovet
1139 2592 1374 2646 Manichaei‚
1445 2605 1447 2607 ·

307 2666 603 2721 Catliolicique
622 2665 681 2708 rei
703 2677 881 2722 prorsus
903 2667 1113 2710 habentur
1131 2666 1188 2710 ei.

251 2738 352 2781 l'ost
376 2750 512 2782 annos
534 2750 712 2795 paucos,
740 2744 837 2794 post
859 2741 991 2782 multa
1018 2741 1205 2796 pericula
1227 2754 1389 2788 rerum.

253 2810 445 2866 Suscipit
467 2811 667 2855 Aurelius
693 2811 828 2854 satum
852 2811 1066 2868 finemque
1090 2813 1275 2869 dierum,

305 2881 455 2926 Justus
479 2883 590 2938 apud
616 2894 832 2939 proceres,
857 2883 931 2928 sed
955 2896 1056 2929 reus
1080 2895 1179 2931 ante
1196 2886 1349 2932 Deum.
1378 2903 1391 2928 ι

252 2969 455 3024 Defuncto
486 2970 655 3014 Aurelio
689 2985 781 3028 reqe
812 2971 1042 3029 Anqlorum
1075 2975 1247 3032 eriqt’mr
1279 2975 1393 3028 Uter,
1420 2979 1490 3035 qui

614 3036 652 3070 ει
676 3026 924 3085 Pendraqon
949 3030 1118 3075 dicitur.

253 3099 352 3144 Post
374 3100 486 3156 regis
506 3100 641 3144 satum
665 3100 864 3145 dominus
887 3107 1015 3147 terrae
1034 3105 1241 3157 variatur,

252 3171 340 3215 Rex
364 3173 454 3215 obit
474 3172 688 3224 Aurelius,
714 3187 942 3230 germanus
965 3175 1018 3218 ad
1042 3178 1127 3220 alta
1152 3184 1346 3229 vocatur,

305 3242 495 3300 Erigitur
517 3245 688 3297 solium,
715 3259 838 3290 versa
863 3259 1024 3291 corona
1048 3248 1192 3293 datur.

254 3315 356 3359 Uter
376 3314 628 3373 Pendragon
654 3318 730 3362 rex
753 3326 820 3363 est
841 3318 1098 3376 cognomine
1124 3321 1283 3372 dictus,

251 3388 428 3433 Viribus
453 3390 656 3443 invictus,
682 3392 807 3448 qu'us
830 3392 961 3436 draco
983 3393 1143 3437 decidit
1165 3395 1271 3446 ictu,

306 3462 497 3507 Moribus
519 3471 560 3507 et
584 3464 728 3519 specie
744 3464 868 3520 ,regia
893 3464 1028 3508 forma
1051 3466 1205 3521 placet.

254 3536 366 3579 lJ-sus
389 3542 480 3580 erat
500 3548 643 3592 regem
669 3549 869 3592 proceres
893 3539 947 3581 ad
971 3537 1136 3582 Pascha
1162 3553 1330 3596 vocare,

253 3609 408 3651 Nuntia
432 3609 591 3653 iaetitiae
614 3602 807 3653 convivia
831 3623 981 3668 magna
1005 3624 1172 3667 parare,

311 3682 440 3737 Regis
462 3688 504 3726 et
530 3694 552 3724 a
576 3683 684 3726 solio
706 3683 823 3739 regia
845 3683 957 3727 dona
981 3685 1098 3729 dare.

255 3753 381 3796 Ferre
405 3765 483 3797 nec
506 3760 571 3797 est
592 3754 757 3798 licitum
781 3755 874 3799 sine
897 3756 1078 3811 conjuge
1101 3756 1221 3799 dona'
1234 3758 1455 3812 maritum,

257 3825 342 3866 lino
365 3826 494 3868 simul
515 3827 712 3878 veniunt,
733 3826 958 3870 Dominum
981 3829 1156 3872 laudare
1181 3831 1376 3884 petitum,

311 3896 475 3940 Praebet
498 3900 560 3940 eis
584 3900 755 3942 solitum
781 3901 986 3956 principis
1007 3902 1105 3944 aula
1129 3902 1275 3946 situm.

260 3969 415 4011 Dividit
438 3972 691 4013 alterutrum
715 3970 920 4015 Dominus
942 3973 1137 4016 convivia
1161 3986 1321 4024 rerum,

260 4040 438 4084 Dextera
466 4041 509 4083 iit
532 4054 774 4096 procerum,
796 4043 846 4085 fit
871 4050 912 4087 et
936 4044 1068 4089 altera
1091 4057 1190 4100 pars
1215 4046 1459 4099 mulierum,

311 4111 402 4156 Rex
429 4113 545 4156 sedet
567 4115 611 4156 in
636 4115 792 4165 medio,
819 4114 980 4159 fercula
1003 4117 1130 4172 digna
1155 4116 1312 4160 serunt.

258 4184 353 4227 Dux
376 4186 435 4228 ibi
458 4184 685 4229 Cornubiae
707 4192 808 4229 tunc
832 4188 996 4242 primus
1020 4188 1060 4230 in
1087 4188 1235 4231 ordine
1259 4189 1384 4239 sedit,

260 4256 378 4300 Uxor
400 4257 443 4299 in
467 4258 680 4312 opposito,
706 4258 775 4300 cui
798 4268 954 4301 nomen
972 4258 1150 4310 Dierna,
1173 4259 1374 4311 comedit,

306 4329 392 4371 ‘Cui
414 4328 499 4370 eito
519 4340 594 4371 rex
613 4328 762 4371 oculos
783 4329 1039 4373 luxuriando
1062 4329 1193 4374 dedit.
1410 4319 1415 4325 ’

259 4398 366 4441 Dum
390 4398 508 4443 sedet
532 4400 633 4451 alta,
657 4411 755 4443 rosa
779 4401 915 4456 magis
938 4402 1135 4446 omnibus
1159 4410 1225 4446 est
1246 4404 1457 4459 speciosa,

261 4467 438 4514 {orcula
467 4470 719 4526 multiplicat
744 4484 817 4516 rex
843 4473 1044 4517 omnibus
1066 4475 1293 4526 invidiosa,
1458 4463 1462 4470 ’

1176 183 1464 238 confirmo-1
1491 175 1880 235 vlrssn‘mssusis

1519 286 1556 331 Α
1634 281 1716 325 Per
1737 281 1880 324 varios
1903 276 2228 324 oculos-‘caetera
2250 271 2382 323 turba
2397 273 2541 323 notat:
2578 286 2583 290 ·

2699 189 2816 234 ΝΜ

1576 354 1676 400 Haec
1698 356 1773 398 ubi
1795 355 1988 406 subrisit,
2014 354 2174 409 oeulos,
2186 354 2385 411 compota
2407 355 2600 404 remisit,

1573 419 1760 469 Nutibus
1781 426 1928 477 innisi,
1956 426 2052 470 nexi
2076 430 2178 470 sunt
2202 431 2376 482 pectore
2395 425 2495 477 visi,

1630 499 1854 543 Femineas
1879 498 2068 542 latebras
2091 503 2234 542 tactus
2256 509 2402 543 amore
2421 499 2527 542 sitit.
2581 509 2584 512 ’

1574 571 1703 614 Curia
1725 583 1977 627 magnorum
2001 576 2214 614 commota
2236 570 2355 614 sedet
2376 570 2665 623 dominarum,

1572 642 1680 685 Nam
1704 643 1820 687 velut
1842 637 2019 699 ignarus
2041 654 2115 687 rex
2139 647 2227 686 non
2246 642 2364 686 videt
2385 653 2538 699 agmen
2559 653 2708 686 earum
2732 655 2747 687 t

1629 713 1820 769 Respicit
1842 714 1954 756 banc
1971 698 2178 766 3nimium,
2202 721 2357 758 eaetera
2381 720 2535 758 cuncta
2559 724 2732 770 parum,
2793 715 2819 724 ⁰

1575 785 1697 828 Ilunc
1723 798 1844 830 amor
1866 776 2071 843 involvit}
2098 787 2185 829 cito
2208 798 2286 831 rex
2308 786 2508 830 convivia
2528 786 2687 840 solvit;

1575 857 1685 901 Dum
1709 858 1829 914 cupit
1850 857 1963 902 banc
1986 858 2077 901 tolli
2103 869 2299 909 causam,
2322 865 2420 903 rota
2439 870 2567 908 versa
2590 857 2789 909 revolvit,
2819 905 2822 908 Α
2885 841 2889 851 ’

1632 929 1826 974 Territus
1853 930 2046 987 exsurgit
2068 929 2173 983 dux,
2199 936 2241 973 et
2265 929 2423 974 Hier-na
2447 930 2572 986 sugit.

1575 1000 1698 1044 Mane
1719 1000 1800 1045 suh
1822 1012 1978 1044 aurora
2005 1000 2179 1056 sugium.
2196 1000 2398 1045 stationis
2420 1001 2474 1044 ab
2496 1001 2620 1052 liora,

1573 1072 1689 1115 Laxa
1713 1073 1836 1117 ducis
1857 1073 1969 1124 lora,
1995 1073 2089 1123 loca
2113 1073 2367 1128 praeripiunt
2389 1073 2575 1128 potiora,

1630 1146 1695 1189 Ad
1719 1147 1811 1189 loca
1837 1145 2068 1190 Cornubiae
2092 1145 2229 1189 fertur
2251 1144 2410 1189 merua
2432 1146 2601 1190 volans.

1573 1219 1682 1262 Dum
1703 1219 1801 1275 suga
1822 1218 1935 1262 sacta
1954 1224 2097 1269 sonat,
2123 1230 2195 1263 rex
2212 1224 2336 1264 ustus
2355 1230 2501 1262 amore
2519 1218 2702 1271 laborat,

1572 1289 1757 1345 Imperat
1776 1294 1824 1333 ut
1843 1289 2037 1353 redeant,
2063 1289 2150 1332 dux
2169 1290 2309 1346 pergit
2330 1290 2374 1333 in
2398 1289 2623 1340 ulteriora,

1517 1351 1549 1393 Β
1630 1364 1737 1407 Dum
1765 1363 1873 1421 fugit
1895 1365 1967 1407 illa
1993 1364 2126 1417 toras,
2152 1377 2227 1408 rex
2250 1364 2354 1408 furit
2379 1365 2541 1421 absque
2562 1378 2700 1410 mora.

1570 1438 1658 1482 Lex
1682 1441 1774 1482 erat
1797 1442 2084 1493 ut'nunquam
2100 1449 2310 1496 proceres
2333 1449 2356 1486 a
2381 1449 2479 1494 rege
2499 1438 2724 1497 recedant,
2776 1433 2778 1435 ’

1574 1510 1626 1553 Ni
1652 1511 1774 1566 prius
1797 1510 2071 1555 liis'reditum
2093 1520 2302 1555 concessa
2326 1511 2496 1554 licentia
2519 1514 2701 1567 quaerat,

1630 1583 1767 1639 thue
1789 1584 1964 1628 domum
1990 1577 2162 1630 rediens
2181 1585 2296 1641 regia
2320 1585 2488 1640 scripta·
2505 1584 2630 1628 serat..
2701 1596 2704 1599 ·

1570 1657 1732 1712 Regula
1755 1657 1933 1713 praefata
1955 1660 2052 1701 cuin
2073 1657 2163 1713 jam
2178 1656 2302 1703 toret
2323 1663 2550 1707 evacuata,

1570 1727 1634 1770 Ad
1658 1727 1783 1770 ducis
1807 1726 2029 1771 interitum
2057 1734 2158 1771 sunt
2177 1729 2295 1784 regia
2317 1728 2428 1772 bella
2453 1734 2622 1784 parata,

1625 1798 1845 1855 Terraque
1863 1798 2065 1842 damnata
2088 1799 2329 1855 perditione
2350 1807 2462 1844 rata.

1570 1870 1673 1915 Arte
1699 1871 1806 1915 satis
1829 1870 1928 1914 forti
1951 1881 2075 1927 parat
2097 1872 2168 1916 ille
2193 1873 2395 1917 resistere
2417 1872 2543 1924 sorti,

1572 1941 1693 1999 Saepe
1715 1944 1812 1986 tulit
1825 1943 1993 2000 patulis
2017 1944 2179 2000 regalia
2202 1946 2348 2000 praelia
2370 1948 2528 2003 portis,

1627 2015 1748 2072 Szepe
1771 2017 1889 2060 dedit
1910 2016 2046 2074 gratis
2066 2019 2213 2074 praelia
2237 2019 2332 2062 dira
2355 2020 2480 2066 satis.

1570 2086 1661 2131 Rex
1686 2093 1803 2131 tenet
1825 2087 2072 2141 obsessum,
2087 2098 2328 2144 'procerum
2348 2093 2510 2137 virtute
2531 2101 2780 2150 repressum
2796 2126 2811 2149 ,

1571 2160 1759 2204 Abstulit
1781 2161 2042 2217 ingressum,
2069 2163 2296 2207 restrinxit
2317 2164 2371 2207 ab
2393 2166 2502 2210 urbe
2520 2178 2782 2223 regressum,

1598 2242 1600 2246 ’
1624 2230 1762 2276 Jussit
1782 2239 1826 2275 et
1849 2233 1993 2276 induci
2017 2235 2164 2289 praelia
2186 2235 2322 2277 multa
2345 2235 2463 2279 duci.

1575 2302 1646 2349 Sic
1672 2316 1792 2349 amor
1814 2306 2010 2361 occultus
2034 2307 2167 2363 regali
2189 2314 2363 2362 pectore
2384 2307 2534 2361 fultus,

1573 2376 1711 2421 Efficit
1738 2378 1940 2431 insultus,
1959 2380 2158 2435 equitum
2176 2386 2328 2445 mov-et
2351 2382 2442 2437 ipse
2468 2383 2692 2437 tumultus,

1511 2425 1546 2470 C
1629 2449 1707 2494 Dat
1729 2463 1901 2508 quoque
1920 2451 2139 2508 languere,
2164 2453 2280 2508 regia
2301 2453 2494 2496 membra
2513 2445 2673 2499 terens.

1569 2521 1693 2566 Nune
1717 2535 1838 2567 amor
1858 2524 2046 2580 injectus
2066 2530 2263 2580 penetrat
2285 2526 2378 2570 sine
2401 2525 2578 2571 vulnere
2598 2533 2764 2583 pectus.

1571 2594 1824 2641 Visceribus
1846 2599 1983 2642 tectus
2011 2595 2134 2641 amor
2154 2603 2223 2643 est
2243 2598 2412 2654 pallore·
2429 2606 2644 2655 repertus,

1631 2668 1733 2713 Tela
1757 2669 2018 2722 nec-evadit,
2041 2682 2219 2726 presi-us
2242 2682 2387 2715 amore
2408 2673 2536 2719 cadit.

1574 2739 1680 2785 Dum
1699 2741 1762 2784 sie
1783 2747 1866 2792 est,
1884 2740 2122 2785 Gothorum
2142 2741 2247 2798 petit
2263 2742 2468 2786 auxilium
2489 2741 2770 2796 medicorum,

1571 2814 1658 2858 Nec
1682 2815 1793 2858 valet
1817 2816 2057 2858 antidotum
2081 2825 2238 2860 eatisas
2256 2827 2477 2861 removere
2498 2817 2711 2868 dolorum.

1626 2889 1774 2935 Nescit
1796 2891 1910 2935 enim
1933 2890 2127 2935 medicus
2148 2891 2262 2947 quod
2286 2892 2343 2935 sit
2368 2892 2528 2937 amoris
2553 2904 2679 2935 onus.

1572 2963 1712 3016 Quum
1738 2963 1862 3008 timet
1889 2963 1980 3019 ipse
2001 2964 2126 3015 mori,
2151 2964 2281 3007 datur
2303 2951 2463 3019 optima
2490 2970 2595 3016 cura
2618 2963 2772 3013 labori,

1571 3035 1778 3079 Merlinus
1799 3035 1881 3078 sert
1895 3035 2133 3080 eonsilium
2159 3036 2303 3080 studio
2324 3036 2507 3089 meliori,

1628 3108 1762 3152 Mirus
1788 3108 1831 3151 in
1855 3108 2044 3159 auxiliis,
2074 3108 2268 3164 miraque
2292 3107 2548 3151 sacta'colit.

1570 3180 1731 3233 Quaerit
1749 3188 1789 3225 ct
1807 3193 1831 3223 a
1849 3181 2043 3233 medicis,
2062 3193 2157 3237 qnae
2177 3181 2232 3224 sit
2249 3182 2378 3225 modo
2396 3191 2527 3225 causa
2545 3180 2736 3231 doloris,-

1571 3252 1722 3297 Dieere
1734 3253 1843 3297 -dum
1864 3260 2100 3309 nequeunt,
2120 3254 2265 3311 gravis
2283 3260 2350 3298 est
2368 3255 2451 3298 sibi
2472 3254 2806 3311 penna-pudoris.

1625 3326 1729 3378 Qua}
1751 3325 1851 3370 latet
1874 3326 2072 3376 interius,
2095 3327 2306 3382 promitur
2326 3326 2390 3370 ira
2414 3326 2536 3371 soris.

1571 3398 1731 3443 Merlus
1757 3397 1817 3441 ait
1840 3398 1953 3455 regi;
1982 3414 1997 3439 «
2026 3398 2087 3442 Te
2109 3410 2240 3443 causa
2263 3407 2463 3456 perurget
2485 3401 2663 3450 amoris,

1514 3497 1549 3539 D
1571 3469 1633 3514 lte
1658 3468 1791 3522 foras,
1817 3471 1990 3523 medici,
2015 3471 2135 3514 labor
2159 3472 2265 3515 estis
2287 3472 2445 3528 ubique
2470 3472 2625 3523 labori,

1628 3541 1762 3599 Regia
1776 3543 1986 3591 deserite.
2010 3543 2187 3598 quoerite
2208 3544 2307 3597 jura
2331 3543 2427 3588 sori.

1571 3615 1727 3667 Quaeso
1750 3620 1891 3658 torum
1914 3615 2027 3670 regis
2050 3622 2210 3659 nostrae
2236 3615 2399 3659 imitate
2426 3616 2524 3671 legi.
2557 3631 2574 3657 ι

1570 3686 1630 3730 De
1653 3686 1793 3743 pulsis
1818 3685 1998 3729 medicis
2021 3686 2175 3729 solatia
2198 3685 2356 3730 Merlus
2379 3686 2537 3742 adegit,

1626 3757 1728 3800 lnde
1750 3757 1904 3800 domus
1927 3756 2042 3813 reg's
2063 3756 2218 3812 gaudia
2240 3757 2370 3812 digna
2392 3757 2525 3801 vehit.

1813 3828 1875 3871 De
1898 3827 2075 3871 Hei-lino
2099 3828 2297 3882 propheta
2319 3827 2564 3884 Anylorum.

1570 3901 1658 3945 Rex
1683 3901 1810 3943 modo
1832 3899 2001 3943 Merlini
2024 3910 2120 3956 φη
2140 3900 2197 3943 sit
2220 3900 2431 3958 medicina
2454 3901 2654 3955 requirit,

1568 3973 1641 4016 llle
1663 3971 1819 4024 refert;
1851 3971 1949 4014 volo
1972 3976 2014 4014 te
2039 3981 2263 4014 nemorum
2279 3971 2472 4014 *statione
2492 3973 2640 4026 potiri,

1625 4045 1776 4100 Tuque
1796 4044 1904 4088 meis
1927 4042 2081 4087 studiis
2102 4043 2214 4085 mira
2235 4039 2400 4091 videbis
2426 4043 2501 4087 ibi.

1570 4118 1614 4161 ln
1639 4117 1764 4162 ducis
1789 4129 1891 4160 ecce
1914 4121 2032 4159 tuam
2057 4114 2212 4160 faciam
2236 4116 2424 4161 transire
2452 4115 2651 4171 figuram,

1566 4193 1691 4235 Nune
1714 4192 1771 4233 ita
1798 4201 2061 4243 mansuram,
2083 4201 2320 4245 rursusque
2338 4189 2416 4232 tibi
2441 4188 2693 4240 redituram,
2758 4236 2763 4238 ,

1623 4260 1780 4304 Forma
1803 4260 1928 4304 ducis
1949 4270 2056 4315 pura
2081 4261 2139 4303 sit
2162 4260 2291 4304 niodo
2314 4259 2451 4303 forma
2474 4265 2574 4303 tuaa·
2615 4282 2618 4284 v

1568 4333 1658 4376 Hae
1679 4345 1758 4389 ego
1780 4339 1898 4377 sorte·
1919 4341 2023 4375 suos
2044 4331 2088 4374 in
2111 4336 2288 4375 nostros
2310 4337 2430 4375 verto
2450 4330 2690 4382 ministres.

1571 4405 1626 4448 Ut
1648 4410 1785 4461 putat,
1806 4407 1908 4448 ecce
1923 4403 2055 4447 *ducis
2078 4415 2228 4447 servos
2249 4404 2324 4459 qui
2342 4402 2498 4448 viderit
2519 4403 2648 4454 istos.

1627 4477 1693 4520 Me
1713 4483 1887 4533 quoque·
1911 4474 2055 4519 servili
2079 4474 2189 4529 pelle
2210 4473 2374 4518 videbis
2397 4473 2470 4519 ibi.
