2924 4588
308 217 326 240 Q

359 160 469 210 155⁹

437 243 540 293 Car.
564 221 714 290 XXXX
719 245 786 290 111
813 244 873 289 De
897 243 1130 287 mutatione
1153 254 1272 297 aquoe
1289 241 1332 283 in
1358 239 1541 282 uinum.

412 337 428 364 ι
458 322 510 364 Ει
535 320 657 364 factae
674 326 773 363 sunt
796 304 989 373 ffuptiae
979 331 1022 359 ιιι
1062 316 1179 359 Cana
1203 312 1402 362 Galilaeae
1430 328 1444 352 ›
1471 310 1514 352 id
1537 313 1604 352 ost

352 393 403 439 in
424 395 517 439 vico
535 392 717 436 Galilaeae
740 392 801 435 sic
822 391 955 440 dicto,
998 404 1011 429 ‹
1043 394 1086 432 ει
1126 393 1218 431 erat
1238 393 1374 429 mater
1397 384 1499 427 Jesu
1526 381 1601 425 ibi.

351 466 402 509 Et
423 479 494 508 vo
494 472 599 507 atus
621 446 685 507 θει
706 462 833 506 Jesus
856 461 909 504 ad
935 460 1126 517 nuptias,
1151 465 1193 503 et
1216 458 1421 515 discipuli
1445 456 1557 511 eius,
1583 470 1598 495 ι

351 539 525 594 quidam
565 538 730 580 scilicet
766 536 899 578 futuri
939 533 1158 589 discipuli,
1206 534 1305 587 quia
1334 531 1386 574 ad
1424 529 1602 574 verbum

349 609 528 653 loannis
544 611 630 663 jam
652 610 794 662 plures
815 607 1049 651 audiebant
1079 619 1176 650 ειιιιι
1199 606 1383 656 occulte,
1410 603 1482 658 qui
1506 609 1603 658 post

349 683 527 726 omnino
543 680 679 725 secuti
698 687 799 724 sunt
817 692 933 724 eum.
961 679 1053 722 Non
1093 685 1160 723 est
1204 683 1382 721 vocatus
1423 675 1599 730 loseph,

350 755 426 799 sed
447 748 595 796 Aleria.
620 752 743 797 L'nde
759 753 932 808 quidam
955 752 1106 795 dicunt
1136 751 1295 806 Joseph
1326 749 1460 792 fuisse
1484 760 1602 791 mor-

350 834 487 878 tuum,
511 835 550 870 ει
579 825 795 883 VirgInem
826 826 1034 868 transisse
1058 824 1100 867 in
1118 824 1361 867 custodiam
1386 822 1478 872 tilii,
1500 821 1602 877 quia

348 913 426 943 nec
450 900 577 943 etiam
602 899 803 953 deinceps
822 899 976 954 legitur
997 898 1049 941 de
1071 911 1123 940 eo
1146 898 1187 940 in
1210 896 1458 952 EvangeiiO.
1478 894 1602 948 Quod

348 972 385 1015 si
404 972 594 1014 nondum
615 977 825 1021 ιιιοιιιιιιε,
850 978 993 1012 tamen
1014 977 1178 1013 certum
1203 975 1271 1012 est
1295 968 1410 1023 quod
1439 968 1482 1010 in
1502 979 1603 1023 pas-

347 1043 467 1087 sione
490 1042 655 1086 Domini
679 1049 875 1086 rnortuus
893 1047 1003 1091 erat,
1026 1042 1127 1096 quia
1146 1053 1257 1084 uxor
1274 1041 1369 1095 ejus
1388 1040 1461 1082 alii
1483 1051 1605 1082 com-

347 1114 549 1159 mendata
576 1122 656 1157 est.
678 1113 859 1167 Quidam
909 1120 1137 1158 autumant
1161 1114 1236 1157 bas
1263 1112 1600 1170 nuptiasssfuisse

348 1186 527 1230 loannis
546 1188 837 1242 evangelistae,
859 1194 901 1231 et
924 1187 1020 1231 ideo
1040 1192 1189 1230 vocata
1215 1186 1366 1238 Maria,
1386 1187 1486 1242 quia
1508 1199 1604 1229 ma-

346 1263 506 1301 tertera
531 1259 640 1313 eius,
661 1266 701 1302 et
727 1258 949 1309 Dominus,
978 1259 1078 1315 quia
1108 1258 1395 1302 consobrinus
1420 1259 1530 1314 ejus.
1551 1258 1603 1301 Et

344 1331 511 1382 dicunt,
537 1332 651 1387 quod
675 1331 881 1375 Dominus
906 1343 1004 1375 eum
1026 1332 1239 1375 volentem
1260 1332 1441 1383 nubere,
1464 1343 1516 1375 ex
1532 1331 1601 1376 his

337 1395 504 1459 'nuptiis
515 1405 747 1452 vocaverit,
762 1405 875 1459 quod
890 1410 1055 1447 certum
1068 1416 1151 1447 non
1168 1409 1248 1448 est.
1270 1419 1284 1444 ‹
1301 1403 1354 1446 Et
1373 1404 1603 1449 deficiente

341 1476 460 1528 vino,
483 1475 589 1518 dixit
605 1482 738 1519 mater
756 1474 858 1520 Jesu
872 1475 1062 1519 adeum.
1087 1474 1246 1519 Vinum
1259 1489 1346 1519 non
1371 1476 1551 1529 habent,
1581 1494 1595 1519 ι

343 1547 466 1602 quasi
480 1547 592 1591 dicat
606 1563 615 1590 :
630 1547 687 1589 Da
701 1548 764 1591 eis
775 1549 937 1591 vinum.
956 1564 970 1589 ι
987 1546 1360 1604 Responditlesus
1374 1564 1383 1591 z
1398 1548 1510 1602 Quid
1521 1549 1602 1592 mi·

341 1618 441 1662 hiet
460 1619 535 1662 tibi
549 1624 632 1670 est,
654 1620 829 1663 muller?
841 1620 1031 1663 nondum
1055 1621 1285 1665 venitliora
1302 1634 1413 1666 mea.
1435 1639 1460 1676 ι,
1475 1621 1597 1667 Licet

340 1691 495 1735 mulier
515 1691 704 1749 sitquasi
723 1692 935 1747 adjectum
951 1705 1109 1737 nomen
1125 1692 1350 1739 fractionis
1365 1694 1491 1750 quasi
1505 1707 1600 1739 mo-

338 1764 434 1815 lier,
447 1769 588 1808 tamen
601 1764 861 1820 quandoque
870 1777 1024 1809 nomen
1036 1778 1165 1810 sexus
1173 1772 1255 1818 est,
1270 1766 1455 1811 maxime
1465 1779 1600 1823 quan-

338 1838 396 1882 (ιο
411 1837 528 1892 virgo
553 1837 631 1880 viri
653 1843 808 1893 potens
829 1843 911 1882 est.
928 1837 1058 1881 Etest
1085 1850 1242 1883 sensus
1267 1851 1279 1883 t
1300 1837 1378 1882 vis
1396 1837 1490 1882 fieri
1512 1839 1597 1882 mi·

338 1908 551 1960 raculum,
584 1908 659 1952 sed
703 1909 756 1952 ad
781 1911 860 1953 boc
900 1911 1131 1967 agendum,
1158 1910 1260 1967 quid
1286 1912 1423 1956 babeo
1444 1917 1588 1962 tecum

338 1995 564 2026 commune
581 1983 599 2025 ‘3
617 1983 739 2039 quasi
759 1982 920 2026 dice-ret
943 1996 952 2023 ;
973 1982 1035 2026 Ex
1059 1988 1215 2026 natura
1253 1983 1331 2027 tibi
1373 1983 1596 2027 communi

338 2068 424 2099 non
449 2068 527 2111 ago
547 2055 644 2106 boc,
679 2054 751 2099 sed
778 2055 821 2098 in
848 2056 951 2097 bora
995 2054 1230 2111 passionis,
1270 2067 1367 2112 quae
1399 2055 1594 2099 nondum

337 2128 471 2181 venit,
494 2141 546 2172 ex
563 2129 782 2172 communi
809 2135 965 2171 natura
993 2128 1114 2180 mihi,
1141 2134 1182 2172 et
1225 2128 1303 2173 tibi
1327 2128 1485 2185 patiar.
1504 2127 1595 2173 Nec

337 2201 707 2251 estcrcdenduin,
746 2200 982 2245 secundum
1019 2201 1283 2259 geneaticos,
1322 2201 1405 2246 boc
1430 2202 1595 2247 dixiSse

335 2271 581 2324 Dominum,
607 2273 680 2328 qui
723 2279 875 2327 putant
909 2284 1262 2329 unumquemque
1293 2273 1443 2317 horam
1468 2286 1592 2318 suam

335 2346 491 2389 mortis
520 2343 1002 2397 habereinevitabilem,
1045 2346 1459 2390 secundum-horam
1485 2359 1593 2392 con·

336 2415 611 2467 stellationiS,
640 2417 683 2459 in
714 2429 795 2474 qua
836 2425 1066 2470 natusest,
1106 2418 1182 2462 sed
1225 2418 1398 2462 vocavit
1436 2418 1591 2464 horam

336 2500 478 2539 suam,
503 2488 545 2531 id
563 2496 630 2533 est
652 2500 675 2531 a
701 2501 747 2534 se
778 2488 1051 2545 dispositam.
1080 2490 1314 2536 Voluntate
1337 2492 1453 2537 enim
1475 2505 1594 2538 mor-

334 2563 437 2603 tuus
459 2564 540 2611 est,
564 2572 648 2603 non
670 2563 946 2606 necessitate.
970 2560 1103 2604 Erant
1127 2569 1271 2607 autem
1294 2563 1355 2608 ibi
1379 2578 1454 2610 sex
1479 2564 1591 2622 lapi-

334 2630 424 2675 deae
447 2629 624 2687 hydriae,
653 2632 694 2676 id
711 2639 776 2676 est
793 2645 894 2677 vasa
921 2635 1138 2690 aquatica,
1164 2635 1332 2690 positae,
1352 2638 1594 2683 secundum

334 2703 679 2758 purificationem
716 2703 982 2751 Judaeorum.
1027 2707 1190 2751 Crebro
1239 2707 1377 2753 Judaei
1401 2710 1594 2766 baptizas

333 2776 437 2820 hant
460 2789 562 2821 vasa
584 2777 839 2834 epulatoria,
868 2785 911 2823 et
934 2779 968 2823 si
1021 2792 1125 2824 casu
1165 2782 1328 2838 aliquid
1367 2783 1595 2840 tangerent

335 2850 622 2902 immundum,
656 2850 741 2895 nisi
766 2852 840 2896 loti
861 2865 947 2896 non
987 2855 1280 2899 comederent.
1330 2855 1464 2900 Erant
1486 2869 1592 2913 ergo

332 2922 497 2976 positae,
523 2928 568 2965 ιιι
592 2923 626 2966 si
662 2922 773 2967 forte
814 2925 1067 2980 contigisset
1091 2927 1276 2983 aliquem
1322 2929 1376 2972 dc
1399 2931 1595 2975 convivis

334 3002 535 3050 oportere
559 2997 709 3047 lavari,
744 3010 900 3052 aquam
924 2992 1369 3056 haberent‘paratam.
1396 3018 1409 3043 ι
1440 3001 1596 3059 imple-

334 3071 487 3108 verunt
510 3074 651 3110 autem
678 3080 751 3112 eas
776 3069 963 3112 ministri
988 3073 1099 3126 aq'ua
1137 3071 1188 3114 ad
1217 3078 1477 3129 praeceptum
1509 3073 1595 3122 Do-

334 3135 456 3187 mini,
496 3146 537 3180 ct
561 3138 750 3182 tulerunt
775 3151 932 3196 aquam
968 3142 1117 3186 vinum
1144 3143 1302 3187 factam
1335 3145 1595 3190 architricli-

333 3219 408 3258 no,
435 3223 449 3250 ι
479 3207 522 3251 id
567 3215 639 3254 est·
669 3210 839 3265 primati
878 3210 990 3256 inter
1014 3215 1294 3261 convivantes
1320 3218 1362 3260 in
1383 3219 1592 3265 triclinio,

335 3279 591 3325 Tricliniu'm
621 3283 795 3339 quidam
813 3285 961 3329 dicunt
984 3286 1121 3332 fuisse
1135 3289 1311 3332 domum
1342 3291 1594 3335 tricamera-

334 3357 439 3402 tam,
481 3355 546 3396 ve!
588 3360 677 3400 tres
719 3355 947 3401 habentem
998 3361 1260 3414 testudines,
1287 3363 1390 3417 {sub
1434 3364 1593 3419 quibus

335 3423 678 3471 discumbebant.
713 3428 786 3472 Vel
830 3429 896 3473 for
878 3437 940 3474 rte
967 3439 1056 3477 tres
1089 3440 1214 3477 erant
1236 3435 1296 3479 ibi
1338 3449 1588 3482 mensarum

334 3497 524 3549 ordines,
551 3507 596 3543 ut
621 3500 665 3543 in
708 3501 947 3547 refectoriis
974 3503 1064 3548 fieri
1090 3507 1214 3550 solet.
1240 3507 1292 3549 Et
1317 3509 1590 3554 commenda-

331 3571 394 3613 ιιι
414 3572 739 3619 architriclinus
770 3576 857 3619 vini
884 3577 1137 3623 bonitatem.
1168 3578 1303 3624 Post
1294 3594 1337 3624 ιιι
1370 3586 1591 3630 communi

332 3644 744 3690 commendaverunt
766 3660 923 3704 omnes,
936 3651 1135 3695 miraculi
1174 3653 1428 3700 novitatem.
1453 3672 1467 3698 ‹
1498 3656 1589 3702 Iloc

331 3715 449 3759 enim
494 3717 617 3763 initio
650 3721 875 3778 signorum
910 3725 1212 3770 manifestavit
1240 3726 1368 3772 Iesus
1405 3730 1588 3785 gloriam

333 3800 472 3831 suam.
504 3804 520 3831 »
549 3789 635 3834 Nee.
655 3792 814 3837 dicitur
832 3795 914 3838 boc
934 3808 1032 3841 esse
1049 3797 1248 3852 initium,
1269 3799 1374 3855 quin
1399 3805 1442 3844 et
1465 3801 1587 3857 prius

333 3860 454 3914 signa
480 3860 669 3915 fecisset,
699 3866 916 3916 nascendo
939 3867 992 3911 de
1039 3867 1233 3925 Virgine,
1276 3883 1426 3927 magos
1463 3874 1588 3917 stella

331 3933 488 3985 praevia
537 3933 750 3988 ducendo,
799 3938 1085 3994 quadraginta
1119 3940 1274 3986 diebus
1298 3948 1340 3988 et
1382 3946 1586 3992 noctibus

327 4004 580 4057 jeJunando,
607 4013 650 4050 et
672 4007 936 4062 hujusmodi.
977 4009 1061 4054 Sed
1084 4010 1167 4055 boc
1192 4012 1274 4056 fuit
1295 4016 1484 4069 primum
1505 4031 1586 4075 pu-

332 4077 462 4128 llice,·
477 4084 519 4121 et
538 4078 913 4134 adpublicandum
935 4080 1111 4135 factum,
1135 4084 1399 4141 velprimum
1424 4087 1585 4133 factum

332 4146 375 4188 in
399 4147 520 4194 Cana
541 4149 743 4195 Galilaeae.

343 4221 345 4223 ’
471 4221 574 4264 Car.
599 4216 790 4267 XXXIX.
834 4225 894 4268 De
915 4227 1187 4272 instructione
1206 4230 1439 4277 Nicodemi.

392 4304 404 4331 ι
435 4290 539 4334 Erat
559 4297 702 4335 autem
719 4293 849 4337 bomo
869 4308 921 4338 ex
951 4296 1179 4346 Pharisaeis
1217 4296 1482 4350 Nicodemus
1504 4318 1581 4350 no·

332 4363 459 4413 mine,
481 4369 522 4406 ει
545 4364 598 4406 de
617 4365 887 4421 principibus
910 4366 1171 4416 Jud'aeerum.
1198 4373 1277 4418 Hic
1298 4377 1415 4419 venit
1439 4376 1492 4419 ad
1508 4376 1582 4422 Ie«

331 4446 428 4477 sum
454 4442 579 4481 nocte
603 4435 748 4492 (Joan.
782 4439 867 4495 ιιι),
894 4454 907 4481 ι
937 4443 1036 4497 quia
1064 4444 1205 4490 timuit
1225 4448 1428 4503 populum
1445 4449 1580 4493 offen·

1355 144 1519 190 PETm
1552 142 1901 188 cottES‘roffls

2811 143 2883 188 ιε

1625 236 1664 282 Α
1686 233 1806 286 dere,
1831 247 1930 279 cum
1953 240 2070 279 esset
2106 232 2463 290 dtr-principibus.
2488 231 2565 278 Vel
2592 233 2691 289 quia
2733 234 2870 290 magis
2895 231 2900 235 ”

1683 311 1776 348 erat
1800 306 1843 348 in
1867 305 2014 357 lsrael,
2039 306 2179 362 palam
2202 305 2347 349 dicere
2368 305 2560 350 eruhuit.
2598 305 2652 348 Et
2690 307 2750 349 ait
2771 307 2824 350 ad
2865 327 2867 331 ·
2888 312 2899 317 '⁷

1683 390 1779 421 sum
1803 393 1813 421 :
1835 377 2176 430 Rabbhscimus
2203 394 2219 419 ι
2241 378 2342 434 quia
2367 389 2391 420 a
2408 377 2496 422 Deo
2522 377 2678 422 venisti
2700 377 2913 432 magiste

1683 460 1809 492 nemo
1827 449 1942 492 enim
1967 456 2108 506 potest
2152 440 2244 494 baec
2267 450 2388 506 signa
2411 449 2584 501 facere,
2607 461 2705 505 quae
2737 455 2784 493 tu
2804 447 2915 494 'fac'

1682 519 1767 564 nisi
1790 520 1918 565 fuerit
1949 520 2063 566 Deus
2085 533 2182 564 cum
2206 533 2275 573 eo,
2302 536 2316 562 ›
2339 521 2463 578 quasi
2488 521 2603 565 dieat
2630 537 2640 565 ι
2665 521 2778 565 Doce
2793 533 2866 566 me

1683 605 1816 649 regno
1839 593 1932 638 Dei.
1982 609 1996 634 ι
2027 593 2262 650 Respondit
2287 593 2413 638 ιΙεειιε
2439 607 2450 638 2
2474 593 2630 645 Amen,
2675 605 2801 642 amen
2837 592 2910 640 di

1681 666 1780 718 tibi,
1800 665 1884 709 nisi
1908 665 2008 722 quis
2029 671 2205 710 renatus
2234 665 2362 710 fuerit
2402 666 2560 717 denuo,
2585 678 2672 709 uon
2693 665 2850 722 poterit

1682 737 1786 782 dere
1805 750 1987 794 regnum
2013 738 2104 781 Dei.
2131 754 2146 780 ι
2174 738 2221 782 ln
2258 738 2403 783 Veteri
2427 737 2703 784 Testamento
2723 738 2886 795 quasi

1683 815 1924 853 ramentum
1969 816 2061 854 erat
2110 823 2119 850 :
2167 809 2320 855 ‹·Vivit
2362 810 2588 854 Dominus.
2630 825 2647 851 ι
2687 809 2735 854 ln
2784 823 2832 854 ιι
2885 816 2889 818 ’

1686 898 1700 923 ‹
1723 885 1861 926 Amen
1888 883 2044 934 diem»
2071 891 2112 927 et
2137 896 2233 927 cum
2268 884 2310 927 in
2352 884 2448 929 aliis
2472 884 2728 939 simpliciter
2746 885 2865 928 dicat
2893 904 2896 915 =

1682 955 1727 998 in
1761 957 1853 999 solo
1894 954 2062 1000 ,Ioanne
2094 957 2353 1013 geminatur,
2398 958 2637 1001 secundum
2666 958 2769 1001 illud
2792 971 2846 1002 ε’(
2880 965 2890 972 “

1683 1042 1824 1073 sermo
1843 1035 2002 1080 vester,
2027 1037 2109 1082 est,
2135 1045 2149 1070 ›
2179 1030 2301 1085 quasi
2326 1030 2505 1081 diceret,
2521 1043 2667 1075 verum
2691 1029 2793 1075 dico.
2807 1044 2861 1075 eo
2895 1058 2906 1085 μ

1682 1111 1724 1146 ει
1760 1114 1849 1146 ore,
1893 1102 2091 1159 Cumque
2133 1104 2364 1148 miraretur
2404 1103 2682 1157 Nicodemus,
2721 1117 2869 1161 quom
2890 1098 2906 1135 {¹

1681 1183 1826 1232 posset
1842 1175 1972 1219 homo
1998 1175 2191 1220 seeundo
2231 1177 2372 1229 nasei,
2397 1189 2497 1220 cum
2522 1178 2694 1222 nonnisi
2717 1183 2885 1222 carna
2908 1227 2910 1229 v

1682 1247 1951 1294 nativitatem
1975 1247 2122 1297 sciret,
2145 1248 2326 1291 edoctus
2359 1253 2426 1291 est
2449 1259 2471 1290 a
2494 1246 2675 1291 Domino
2718 1248 2771 1292 de
2807 1260 2861 1303 sp,
2892 1278 2895 1282 -

1626 1312 1659 1354 Β
1684 1321 1806 1370 tuali,
1827 1332 1922 1377 quae
1945 1319 1989 1364 fit
2014 1333 2067 1364 ex
2107 1333 2236 1376 aqua,
2260 1326 2301 1364 et
2328 1319 2509 1377 Spiritu,
2556 1333 2742 1376 quarum
2783 1333 2838 1364 ne
2876 1319 2894 1323 ”

1683 1393 1830 1436 iterari
1855 1396 2014 1448 potest.
2036 1390 2199 1435 Tamen
2223 1391 2324 1447 quia
2350 1390 2493 1435 adhuc
2533 1390 2710 1434 inflatus
2729 1395 2821 1434 erat
2872 1415 2897 1439 ι,
2920 1439 2921 1442 ¹

1682 1466 1852 1524 gistrali
1877 1465 2060 1512 scientia
2081 1478 2167 1510 non
2187 1473 2352 1522 poterat
2378 1465 2633 1520 intelligere,
2658 1464 2756 1508 ideo
2781 1475 2848 1508 me
2876 1467 2880 1473 ’

1682 1540 1832 1584 audire
1853 1551 1866 1581 z
1897 1555 1911 1582 ι
1937 1539 2002 1582 Tu
2022 1551 2069 1583 es
2085 1539 2289 1596 Magister
2303 1539 2347 1582 in
2368 1538 2518 1591 lsrael,
2536 1543 2578 1582 ct
2598 1538 2691 1582 haec
2708 1538 2832 1594 ignor

1681 1619 1728 1657 ut
1745 1613 1808 1657 sic
1830 1614 2033 1658 invitaret
2055 1625 2154 1657 eum
2178 1611 2231 1655 ad
2254 1611 2561 1656 bumilitatem.
2577 1610 2787 1656 Instruxit
2807 1610 2878 1658 ειί

1680 1699 1778 1730 ειιιιι
1800 1687 1854 1732 de
1866 1688 2075 1741 humana,
2093 1694 2136 1731 et
2158 1686 2304 1731 divina
2333 1686 2399 1730 sui
2424 1685 2668 1735 nativitate,
2694 1684 2747 1729 de
2769 1693 2891 1741 pas

1679 1772 1733 1803 ne
1752 1766 1796 1805 et
1820 1760 2093 1812 ascensione,
2122 1765 2160 1803 et
2187 1759 2239 1803 de
2263 1758 2464 1814 pluribus
2493 1757 2616 1802 aliis.
2643 1756 2768 1812 Quod
2791 1769 2844 1801 au
2860 1758 2874 1806 f

1679 1831 1787 1877 dixit
1811 1845 1822 1875 z
1855 1848 1870 1875 ι
1899 1833 2035 1879 Νειιιο
2056 1831 2255 1895 ascendit.
2278 1831 2322 1876 in
2345 1831 2520 1880 coelum.
2554 1831 2638 1876 nisi
2662 1832 2736 1888 qui
2757 1830 2880 1881 desc,

1678 1906 1742 1950 dit
1760 1906 1815 1950 de
1835 1907 1963 1959 coelo,
1991 1922 2006 1949 »
2029 1919 2184 1951 sensus
2206 1912 2273 1950 est
2301 1918 2312 1947 ι
2334 1903 2472 1950 Nemo
2487 1905 2684 1949 ascendit
2703 1903 2791 1951 nisi
2809 1903 2841 1949 C

1678 1988 1774 2028 stus
1796 1983 1900 2026 cum'
1916 1992 2099 2040 corpore
2141 1993 2237 2038 suo.
2263 1979 2342 2024 Vel
2363 1979 2600 2024 seeundum
2620 1987 2812 2036 tropum,
2860 1997 2879 2022 ι·

1676 2055 1880 2106 dicimus,
1906 2053 2137 2099 Dominum
2171 2052 2330 2105 facere,
2350 2063 2447 2109 quae
2490 2054 2568 2109 ρει·
2591 2063 2688 2096 ειιιιι
2735 2050 2881 2095 facim

1675 2126 1730 2170 Et
1750 2132 1817 2171 εει
1835 2137 1992 2171 εειιειιε
2014 2140 2025 2170 :
2050 2124 2186 2170 Nemo
2217 2124 2414 2170 ascendit
2452 2123 2537 2168 nisi
2553 2135 2689 2180 ⁴quem
2712 2121 2828 2167 Deus
2886 2149 2891 2155 ⁴-

1675 2198 1861 2243 cendere
1884 2197 2006 2243 facit.

1673 2289 1778 2335 Car.
1803 2287 1894 2333 xl..
1918 2288 1981 2334 De
1994 2289 2132 2344 prima
2149 2287 2346 2345 ejectione
2363 2287 2604 2387 clementium,
2595 2293 2659 2339 ,et
2677 2283 2891 2331 vendente:

2194 2346 2235 2388 in
2254 2353 2361 2400 temp
2382 2358 2405 2387 ο

1735 2434 1749 2460 ι
1780 2417 1827 2462 ln
1853 2418 2051 2475 proximo
2087 2418 2246 2473 pascha
2272 2415 2468 2461 ascendit
2505 2415 2633 2460 lesus
2691 2412 2892 2462 Hieroso!

1674 2503 1810 2545 mam,
1849 2496 1894 2534 et
1918 2490 2047 2546 ejecit
2073 2490 2312 2535 vendentes
2351 2495 2394 2534 ει
2427 2494 2620 2534 ementes
2657 2487 2801 2546 (Joau.
2822 2490 2888 2548 n),

1613 2381 1651 2431 C

1673 2564 1756 2608 boc
1786 2564 1900 2608 enim
1919 2564 1988 2608 bis
2008 2562 2164 2608 fecisse
2181 2562 2392 2607 creditur.
2422 2561 2476 2605 Et
2498 2565 2597 2618 post
2631 2560 2738 2606 illud
2771 2573 2851 2620 pas
2890 2586 2893 2595 ·

1673 2637 1974 2680 incarceratus
1996 2642 2064 2680 est
2087 2634 2296 2680 loannes.
2317 2635 2388 2678 Ait
2425 2635 2543 2679 enim
2565 2633 2759 2680 loannes
2800 2645 2896 2681 eva

1672 2709 1825 2765 gelista
1854 2724 1866 2753 z
1894 2723 1910 2750 ι
1940 2707 2051 2762 Quia
2075 2720 2173 2752 cum
2196 2713 2295 2764 post
2317 2707 2399 2752 boc
2435 2706 2598 2763 pascha
2641 2707 2842 2753 rediisset
2884 2731 2885 2743 ι

1674 2794 1750 2826 ειιε
1775 2782 1819 2825 in
1861 2780 2054 2827 Judaeam
2080 2781 2222 2825 adhuc
2247 2786 2341 2825 erat
2381 2779 2574 2825 loannes
2616 2779 2843 2838 baptizans
2871 2799 2890 2833 -r,

1674 2853 1852 2899 AEnnon
1891 2853 2049 2912 (Ioan'.
2083 2854 2168 2905 ιιι).
2214 2869 2229 2895 ι
2280 2843 2455 2898 interim
2493 2859 2637 2897 autem
2676 2853 2886 2913 priusqu

1655 2928 1926 2973 'ascenderet
1958 2927 2002 2972 in
2024 2927 2204 2984 pascha,
2228 2925 2442 2982 quosdam
2469 2926 2638 2972 vocavit
2674 2925 2891 2984 discipul

1671 3009 1715 3047 et
1737 3001 1902 3054 docuit,
1929 3007 1973 3046 et
2007 3000 2222 3043 miracula
2246 2998 2365 3052 fecit,
2401 2999 2478 3045 sed
2499 3013 2587 3045 non
2616 3000 2726 3044 adeo
2742 2998 2899 3140 ριιὶιιιί

1677 3087 1691 3113 ι
1722 3071 1838 3116 Sane
1855 3072 1945 3116 ibat
1967 3069 2096 3116 lesus
2121 3072 2243 3128 justa
2265 3084 2384 3117 mare
2412 3071 2786 3130 Galilaeaeufattlt.
2806 3085 2877 3119 tv

1673 3143 1813 3188 Lacus
1837 3150 1920 3195 est,
1952 3143 2027 3199 qui
2051 3142 2098 3186 tit
2122 3141 2313 3190 «iordane
2347 3143 2568 3196 influente,
2594 3150 2638 3188 et
2659 3145 2853 3189 dicitur

1671 3230 1736 3269 re,
1762 3229 1862 3261 cum
1875 3217 1934 3262 sit
1957 3229 2070 3273 aqua
2092 3217 2250 3272 dulcis,
2277 3217 2482 3262 idiomate
2500 3217 2702 3271 Hebraeo,
2719 3217 2822 3276 quia
2845 3238 2850 3256 ·

2897 3191 2904 3223 ¹.

2863 3250 2864 3253 ¹
2899 3226 2907 3274 ,ἶ

1671 3304 1771 3335 ιιειιι
1801 3303 2012 3348 aquarum
2042 3291 2342 3336 collectionem
2357 3298 2485 3337 vocat
2503 3291 2709 3339 Hebraeus
2729 3291 2847 3363 Tlnt'⁸
2921 3290 2924 3295 ’

1673 3365 1717 3409 id
1745 3371 1812 3410 est
1842 3377 1989 3419 marc3
2025 3372 2085 3409 et·
2105 3365 2267 3410 dicitur
2287 3363 2490 3417 Gatitaeae,
2532 3366 2635 3422 quia
2677 3372 2799 3423 praet
2902 3419 2903 3422 Ἰ

1613 3461 1649 3504 D
1671 3510 1838 3555 famosa
1865 3516 1934 3555 est
1956 3510 2112 3555 civitas
2140 3511 2248 3562 brec,
2276 3523 2372 3567 quae
2392 3510 2434 3555 ei
2459 3510 2671 3556 imminet.
2697 3510 2866 3571 Quod

1670 3589 1757 3628 tem
1780 3583 1942 3628 dicitur
1987 3590 2188 3640 stagnum
2219 3583 2501 3628 Genesaretb.
2525 3595 2579 3628 ex
2601 3585 2814 3630 accidenti

1670 3655 1941 3713 Quandoque
1970 3658 2086 3702 enim
2110 3656 2406 3711 crispantibus
2445 3655 2592 3710 undis,
2615 3654 2849 3715 generas-s

1669 3739 1837 3774 auram
1864 3729 2124 3774 Extenditur
2166 3735 2311 3774 autem
2335 3734 2510 3774 centum
2558 3735 2602 3774 et
2637 3729 2752 3786 quad
2802 3750 2834 3767 -

1668 3801 1826 3846 stadiis
1855 3802 1899 3845 in
1920 3802 2232 3859 longitudinem
2263 3807 2307 3846 et
2351 3801 2678 3858 quadraginta
2666 3814 2712 3846 ιιι
2732 3801 2843 3849 tati

1668 3885 1785 3917 nem.
1818 3872 1933 3916 Dicit
1958 3879 2103 3918 tamen
2142 3872 2374 3930 Josephus,
2398 3885 2497 3918 eum
2521 3873 2586 3917 sic
2607 3869 2857 3917 dictum·

1667 3946 1764 3988 (lica
1799 3946 1974 4003 regione
2021 3946 2254 3999 Genesata,
2298 3958 2442 4002 quam
2471 3944 2750 4004 praeterfluit,
2786 3956 2837 4003 q

1665 4019 1796 4062 etiam
1814 4020 1922 4064 dicit
1945 4020 2262 4066 admirabilem.
2301 4018 2335 4063 N
2341 4031 2412 4063 am
2436 4007 2527 4065 lota
2547 4017 2845 4081 diversissimi

1666 4092 1785 4135 neiis
1807 4092 1998 4137 arbustis
2023 4093 2210 4144 consita,
2230 4091 2339 4136 nulli
2359 4103 2510 4136 eorum
2529 4092 2824 4139 ubertatem

1665 4170 1808 4219 negat,
1835 4170 1877 4208 ει
1899 4165 2169 4222 temperiem.
2203 4163 2315 4209 Sunt
2337 4164 2398 4209 ibi
2420 4176 2574 4218 nuces,
2598 4176 2695 4221 quae
2734 4176 2833 4208 ma

1664 4231 1902 4290 frigoribus
1925 4235 2130 4293 gaudent,
2155 4241 2258 4281 sunt
2280 4241 2324 4280 et
2343 4236 2499 4292 palmae
2510 4247 2620 4293 quas
2637 4236 2793 4290 nutrit

1662 4309 1857 4361 aestivus,
1887 4315 1989 4354 ειιιιι
2009 4311 2126 4355 ficus
2141 4317 2183 4355 et
2199 4312 2322 4364 oleae,
2339 4306 2499 4366 quibus
2518 4321 2637 4354 aura
2647 4310 2853 4355 mollior

1663 4382 1821 4425 stinata
1846 4390 1929 4432 est,
1955 4390 2003 4427 ut
2025 4395 2150 4440 quasi
2171 4384 2455 4440 repugnantia
2478 4383 2591 4427 bona
2618 4381 2829 4434 tomenti·
2872 4424 2888 4442 s

1663 4453 1808 4498 studio
1831 4459 1958 4499 terrae
1982 4455 2172 4501 faueant.
2201 4455 2322 4501 Hauc
2345 4455 2451 4500 dicit
2475 4455 2669 4514 irrigari
2686 4457 2835 4500 {onte

1671 3437 1906 3483 Galilaeam.
1930 3437 2201 3495 Quandoque
2214 3451 2343 3484 mare
2361 3438 2614 3496 Tyberiadis
2631 3438 2809 3494 dicitur,
2823 3443 2855 3501 q
2922 3482 2924 3485 ,

2874 3901 2921 4041 i

2834 4044 2921 4200 ξ

2830 4204 2919 4450 ἐ
