<?xml version="1.0" encoding="UTF-8"?>
<!DOCTYPE html PUBLIC "-//W3C//DTD XHTML 1.0 Transitional//EN"
    "http://www.w3.org/TR/xhtml1/DTD/xhtml1-transitional.dtd">
<html xmlns="http://www.w3.org/1999/xhtml" xml:lang="en" lang="en">
 <head>
  <title>
</title>
<meta http-equiv="Content-Type" content="text/html;charset=utf-8" />
  <meta name='ocr-system' content='tesseract 3.04.00' />
  <meta name='ocr-capabilities' content='ocr_page ocr_carea ocr_par ocr_line ocrx_word'/>
</head>
<body>
  <div class='ocr_page' id='page_1' title='image "./patrologiaecursu00hammuoft_0758.png"; bbox 0 0 2924 4588; ppageno 0'>
   <div class='ocr_carea' id='block_1_1' title="bbox 270 114 438 158">
    <p class='ocr_par' dir='ltr' id='par_1_1' title="bbox 270 114 438 158">
     <span class='ocr_line' id='line_1_1' title="bbox 270 114 438 158; baseline -0.006 -1"><span class='ocrx_word' id='word_1_1' title='bbox 270 126 284 135; x_wconf 78' lang='lat'><em>&#39;</em></span> <span class='ocrx_word' id='word_1_2' title='bbox 330 114 438 158; x_wconf 59' lang='lat'>«5413</span> 
     </span>
    </p>
   </div>
   <div class='ocr_carea' id='block_1_2' title="bbox 299 268 1572 692">
    <p class='ocr_par' dir='ltr' id='par_1_2' title="bbox 299 268 1572 692">
     <span class='ocr_line' id='line_1_2' title="bbox 299 268 1569 334; baseline -0.009 -13"><span class='ocrx_word' id='word_1_3' title='bbox 299 287 458 334; x_wconf 63' lang='lat' dir='ltr'>⁸supra</span> <span class='ocrx_word' id='word_1_4' title='bbox 483 277 656 328; x_wconf 59' lang='lat' dir='ltr'>modom</span> <span class='ocrx_word' id='word_1_5' title='bbox 682 275 932 324; x_wconf 76' lang='lat' dir='ltr'>infestaret,</span> <span class='ocrx_word' id='word_1_6' title='bbox 950 273 1093 317; x_wconf 82' lang='lat' dir='ltr'>delata</span> <span class='ocrx_word' id='word_1_7' title='bbox 1129 278 1196 315; x_wconf 83' lang='lat' dir='ltr'>est</span> <span class='ocrx_word' id='word_1_8' title='bbox 1222 283 1292 315; x_wconf 84' lang='lat' dir='ltr'>res</span> <span class='ocrx_word' id='word_1_9' title='bbox 1316 270 1367 313; x_wconf 82' lang='lat' dir='ltr'>ad</span> <span class='ocrx_word' id='word_1_10' title='bbox 1406 268 1569 311; x_wconf 82' lang='lat' dir='ltr'>Roma-</span> 
     </span>
     <span class='ocr_line' id='line_1_3' title="bbox 326 340 1570 407; baseline -0.008 -15"><span class='ocrx_word' id='word_1_11' title='bbox 326 361 421 394; x_wconf 86' lang='lat' dir='ltr'>nos.</span> <span class='ocrx_word' id='word_1_12' title='bbox 450 346 500 390; x_wconf 80' lang='lat' dir='ltr'>Et</span> <span class='ocrx_word' id='word_1_13' title='bbox 525 348 646 391; x_wconf 86' lang='lat' dir='ltr'>missi</span> <span class='ocrx_word' id='word_1_14' title='bbox 678 346 851 402; x_wconf 55' lang='lat' dir='ltr'>suntui</span> <span class='ocrx_word' id='word_1_15' title='bbox 875 358 971 389; x_wconf 89' lang='lat' dir='ltr'>eum</span> <span class='ocrx_word' id='word_1_16' title='bbox 993 343 1138 399; x_wconf 57' lang='lat' dir='ltr'>Scipio</span> <span class='ocrx_word' id='word_1_17' title='bbox 1154 343 1327 407; x_wconf 61' lang='lat' dir='ltr'>Nasica,</span> <span class='ocrx_word' id='word_1_18' title='bbox 1353 349 1395 385; x_wconf 87' lang='lat' dir='ltr'>et</span> <span class='ocrx_word' id='word_1_19' title='bbox 1423 340 1570 395; x_wconf 83' lang='lat' dir='ltr'>Scipio</span> 
     </span>
     <span class='ocr_line' id='line_1_4' title="bbox 325 414 1572 471; baseline -0.008 -7"><span class='ocrx_word' id='word_1_20' title='bbox 325 420 582 469; x_wconf 82' lang='lat' dir='ltr'>Africanus,</span> <span class='ocrx_word' id='word_1_21' title='bbox 609 426 650 463; x_wconf 90' lang='lat' dir='ltr'>et</span> <span class='ocrx_word' id='word_1_22' title='bbox 674 421 726 461; x_wconf 85' lang='lat' dir='ltr'>ab</span> <span class='ocrx_word' id='word_1_23' title='bbox 752 419 1027 462; x_wconf 77' lang='lat' dir='ltr'>infestatione</span> <span class='ocrx_word' id='word_1_24' title='bbox 1053 418 1133 461; x_wconf 88' lang='lat' dir='ltr'>sub</span> <span class='ocrx_word' id='word_1_25' title='bbox 1159 417 1367 471; x_wconf 82' lang='lat' dir='ltr'>religione</span> <span class='ocrx_word' id='word_1_26' title='bbox 1386 414 1572 469; x_wconf 74' lang='lat' dir='ltr'>jurisju-</span> 
     </span>
     <span class='ocr_line' id='line_1_5' title="bbox 325 487 1572 547; baseline -0.007 -10"><span class='ocrx_word' id='word_1_27' title='bbox 325 494 450 537; x_wconf 78' lang='lat' dir='ltr'>randi</span> <span class='ocrx_word' id='word_1_28' title='bbox 473 498 724 545; x_wconf 60' lang='lat' dir='ltr'>amovffiunt</span> <span class='ocrx_word' id='word_1_29' title='bbox 745 505 858 536; x_wconf 87' lang='lat' dir='ltr'>eum.</span> <span class='ocrx_word' id='word_1_30' title='bbox 885 492 1064 547; x_wconf 82' lang='lat' dir='ltr'>Insuper</span> <span class='ocrx_word' id='word_1_31' title='bbox 1090 491 1283 533; x_wconf 83' lang='lat' dir='ltr'>tulerunt</span> <span class='ocrx_word' id='word_1_32' title='bbox 1308 489 1361 531; x_wconf 91' lang='lat' dir='ltr'>ab</span> <span class='ocrx_word' id='word_1_33' title='bbox 1384 499 1436 532; x_wconf 89' lang='lat' dir='ltr'>eo</span> <span class='ocrx_word' id='word_1_34' title='bbox 1460 487 1572 529; x_wconf 87' lang='lat' dir='ltr'>obsi·</span> 
     </span>
     <span class='ocr_line' id='line_1_6' title="bbox 325 562 1570 622; baseline -0.006 -13"><span class='ocrx_word' id='word_1_35' title='bbox 325 567 421 609; x_wconf 81' lang='lat' dir='ltr'>dem</span> <span class='ocrx_word' id='word_1_36' title='bbox 468 566 603 608; x_wconf 80' lang='lat' dir='ltr'>lilium</span> <span class='ocrx_word' id='word_1_37' title='bbox 646 567 742 622; x_wconf 86' lang='lat' dir='ltr'>ejus</span> <span class='ocrx_word' id='word_1_38' title='bbox 780 565 1006 609; x_wconf 85' lang='lat' dir='ltr'>Seleucum</span> <span class='ocrx_word' id='word_1_39' title='bbox 1046 562 1412 619; x_wconf 72' lang='lat' dir='ltr'>primogenitum,</span> <span class='ocrx_word' id='word_1_40' title='bbox 1442 571 1570 615; x_wconf 79' lang='lat' dir='ltr'>quem</span> 
     </span>
     <span class='ocr_line' id='line_1_7' title="bbox 325 633 1570 692; baseline -0.006 -12"><span class='ocrx_word' id='word_1_41' title='bbox 325 637 476 680; x_wconf 71' lang='lat' dir='ltr'>volens</span> <span class='ocrx_word' id='word_1_42' title='bbox 498 637 688 692; x_wconf 88' lang='lat' dir='ltr'>recipere</span> <span class='ocrx_word' id='word_1_43' title='bbox 713 638 766 680; x_wconf 84' lang='lat' dir='ltr'>ab</span> <span class='ocrx_word' id='word_1_44' title='bbox 785 638 847 681; x_wconf 86' lang='lat' dir='ltr'>eis</span> <span class='ocrx_word' id='word_1_45' title='bbox 862 669 872 687; x_wconf 91' lang='lat'>,</span> <span class='ocrx_word' id='word_1_46' title='bbox 900 634 1076 678; x_wconf 76' lang='lat' dir='ltr'>tradidit</span> <span class='ocrx_word' id='word_1_47' title='bbox 1097 647 1174 690; x_wconf 84' lang='lat' dir='ltr'>pro</span> <span class='ocrx_word' id='word_1_48' title='bbox 1196 646 1246 678; x_wconf 88' lang='lat' dir='ltr'>eo</span> <span class='ocrx_word' id='word_1_49' title='bbox 1267 633 1399 676; x_wconf 84' lang='lat' dir='ltr'>filium</span> <span class='ocrx_word' id='word_1_50' title='bbox 1426 633 1570 675; x_wconf 71' lang='lat' dir='ltr'>mino·</span> 
     </span>
    </p>
   </div>
   <div class='ocr_carea' id='block_1_3' title="bbox 324 704 1589 764">
    <p class='ocr_par' dir='ltr' id='par_1_3' title="bbox 324 704 1589 764">
     <span class='ocr_line' id='line_1_8' title="bbox 324 704 1589 764; baseline -0.005 -13"><span class='ocrx_word' id='word_1_51' title='bbox 324 720 415 751; x_wconf 80' lang='lat' dir='ltr'>rem</span> <span class='ocrx_word' id='word_1_52' title='bbox 440 714 544 751; x_wconf 79' lang='lat' dir='ltr'>natu</span> <span class='ocrx_word' id='word_1_53' title='bbox 589 708 853 751; x_wconf 81' lang='lat' dir='ltr'><strong>Antiochum</strong></span> <span class='ocrx_word' id='word_1_54' title='bbox 903 707 1171 764; x_wconf 84' lang='lat' dir='ltr'>Epiphanem</span> <span class='ocrx_word' id='word_1_55' title='bbox 1192 740 1203 757; x_wconf 87' lang='lat'><strong>‚</strong></span> <span class='ocrx_word' id='word_1_56' title='bbox 1231 707 1288 749; x_wconf 81' lang='lat' dir='ltr'>ita</span> <span class='ocrx_word' id='word_1_57' title='bbox 1317 704 1429 761; x_wconf 81' lang='lat' dir='ltr'>quod</span> <span class='ocrx_word' id='word_1_58' title='bbox 1456 709 1589 764; x_wconf 53' lang='lat' dir='ltr'>esset·</span> 
     </span>
    </p>
   </div>
   <div class='ocr_carea' id='block_1_4' title="bbox 323 781 1571 1277">
    <p class='ocr_par' dir='ltr' id='par_1_4' title="bbox 323 781 1571 1277">
     <span class='ocr_line' id='line_1_9' title="bbox 324 781 1571 836; baseline -0.005 -12"><span class='ocrx_word' id='word_1_59' title='bbox 324 781 451 824; x_wconf 86' lang='lat' dir='ltr'>obses</span> <span class='ocrx_word' id='word_1_60' title='bbox 486 788 733 836; x_wconf 83' lang='lat' dir='ltr'>perpetuus,</span> <span class='ocrx_word' id='word_1_61' title='bbox 778 781 821 824; x_wconf 92' lang='lat' dir='ltr'>id</span> <span class='ocrx_word' id='word_1_62' title='bbox 859 786 924 824; x_wconf 87' lang='lat' dir='ltr'>est</span> <span class='ocrx_word' id='word_1_63' title='bbox 971 792 1054 823; x_wconf 89' lang='lat' dir='ltr'>non</span> <span class='ocrx_word' id='word_1_64' title='bbox 1079 781 1298 823; x_wconf 81' lang='lat' dir='ltr'>rediturus</span> <span class='ocrx_word' id='word_1_65' title='bbox 1322 810 1334 829; x_wconf 92' lang='lat'>,</span> <span class='ocrx_word' id='word_1_66' title='bbox 1397 782 1571 832; x_wconf 76' lang='lat' dir='ltr'>propter</span> 
     </span>
     <span class='ocr_line' id='line_1_10' title="bbox 344 848 1571 908; baseline -0.004 -12"><span class='ocrx_word' id='word_1_67' title='bbox 344 853 518 908; x_wconf 65' lang='lat' dir='ltr'>¹{nedem</span> <span class='ocrx_word' id='word_1_68' title='bbox 562 855 765 898; x_wconf 76' lang='lat' dir='ltr'>Antiochi</span> <span class='ocrx_word' id='word_1_69' title='bbox 816 855 1042 899; x_wconf 79' lang='lat' dir='ltr'>saevitiam.</span> <span class='ocrx_word' id='word_1_70' title='bbox 1091 853 1322 898; x_wconf 81' lang='lat' dir='ltr'><strong>Descendit</strong></span> <span class='ocrx_word' id='word_1_71' title='bbox 1356 851 1487 895; x_wconf 84' lang='lat' dir='ltr'>Onias</span> <span class='ocrx_word' id='word_1_72' title='bbox 1527 848 1571 890; x_wconf 87' lang='lat' dir='ltr'>in</span> 
     </span>
     <span class='ocr_line' id='line_1_11' title="bbox 324 925 1570 983; baseline -0.007 -10"><span class='ocrx_word' id='word_1_73' title='bbox 324 925 558 982; x_wconf 79' lang='lat' dir='ltr'>AEgyptum</span> <span class='ocrx_word' id='word_1_74' title='bbox 582 927 634 969; x_wconf 85' lang='lat' dir='ltr'>ad</span> <span class='ocrx_word' id='word_1_75' title='bbox 653 926 933 971; x_wconf 78' lang='lat' dir='ltr'>Ptolemaeum</span> <span class='ocrx_word' id='word_1_76' title='bbox 959 926 1226 983; x_wconf 83' lang='lat' dir='ltr'>Epiphanem</span> <span class='ocrx_word' id='word_1_77' title='bbox 1248 958 1259 978; x_wconf 88' lang='lat'>‚</span> <span class='ocrx_word' id='word_1_78' title='bbox 1300 925 1413 967; x_wconf 78' lang='lat' dir='ltr'>sicut</span> <span class='ocrx_word' id='word_1_79' title='bbox 1439 935 1570 979; x_wconf 84' lang='lat' dir='ltr'>supra</span> 
     </span>
     <span class='ocr_line' id='line_1_12' title="bbox 323 996 1571 1051; baseline -0.005 -7"><span class='ocrx_word' id='word_1_80' title='bbox 323 1000 489 1044; x_wconf 86' lang='lat' dir='ltr'>dictum</span> <span class='ocrx_word' id='word_1_81' title='bbox 515 1006 610 1051; x_wconf 88' lang='lat' dir='ltr'>est,</span> <span class='ocrx_word' id='word_1_82' title='bbox 637 1007 679 1044; x_wconf 90' lang='lat' dir='ltr'>et</span> <span class='ocrx_word' id='word_1_83' title='bbox 702 1002 874 1045; x_wconf 87' lang='lat' dir='ltr'>occisus</span> <span class='ocrx_word' id='word_1_84' title='bbox 897 1006 964 1045; x_wconf 86' lang='lat' dir='ltr'>est</span> <span class='ocrx_word' id='word_1_85' title='bbox 986 1002 1030 1043; x_wconf 89' lang='lat' dir='ltr'>in</span> <span class='ocrx_word' id='word_1_86' title='bbox 1059 999 1237 1043; x_wconf 80' lang='lat' dir='ltr'>Perside</span> <span class='ocrx_word' id='word_1_87' title='bbox 1259 997 1502 1041; x_wconf 79' lang='lat' dir='ltr'>Antiochus</span> <span class='ocrx_word' id='word_1_88' title='bbox 1527 996 1571 1038; x_wconf 85' lang='lat' dir='ltr'>iu</span> 
     </span>
     <span class='ocr_line' id='line_1_13' title="bbox 325 1071 1568 1130; baseline -0.002 -15"><span class='ocrx_word' id='word_1_89' title='bbox 325 1072 426 1115; x_wconf 82' lang='lat' dir='ltr'>l&#39;ano</span> <span class='ocrx_word' id='word_1_90' title='bbox 448 1071 590 1117; x_wconf 82' lang='lat' dir='ltr'>Nanec</span> <span class='ocrx_word' id='word_1_91' title='bbox 607 1106 617 1125; x_wconf 92' lang='lat'>,</span> <span class='ocrx_word' id='word_1_92' title='bbox 643 1080 684 1117; x_wconf 86' lang='lat' dir='ltr'>et</span> <span class='ocrx_word' id='word_1_93' title='bbox 707 1074 976 1117; x_wconf 82' lang='lat' dir='ltr'>membratim</span> <span class='ocrx_word' id='word_1_94' title='bbox 1001 1074 1165 1130; x_wconf 72' lang='lat' dir='ltr'>eiectus</span> <span class='ocrx_word' id='word_1_95' title='bbox 1190 1087 1213 1117; x_wconf 83' lang='lat' dir='ltr'>a</span> <span class='ocrx_word' id='word_1_96' title='bbox 1253 1071 1568 1117; x_wconf 67' lang='lat' dir='ltr'>sacerdotibus.</span> 
     </span>
     <span class='ocr_line' id='line_1_14' title="bbox 326 1144 1568 1202; baseline -0.002 -14"><span class='ocrx_word' id='word_1_97' title='bbox 326 1144 407 1197; x_wconf 80' lang='lat' dir='ltr'>Qut</span> <span class='ocrx_word' id='word_1_98' title='bbox 431 1146 474 1188; x_wconf 86' lang='lat' dir='ltr'>in</span> <span class='ocrx_word' id='word_1_99' title='bbox 494 1146 593 1188; x_wconf 90' lang='lat' dir='ltr'>dolo</span> <span class='ocrx_word' id='word_1_100' title='bbox 620 1147 910 1202; x_wconf 82' lang='lat' dir='ltr'>promiserant</span> <span class='ocrx_word' id='word_1_101' title='bbox 934 1147 973 1191; x_wconf 84' lang='lat' dir='ltr'>ei</span> <span class='ocrx_word' id='word_1_102' title='bbox 997 1149 1245 1198; x_wconf 79' lang='lat' dir='ltr'>thesauros,</span> <span class='ocrx_word' id='word_1_103' title='bbox 1270 1152 1313 1190; x_wconf 84' lang='lat' dir='ltr'>et</span> <span class='ocrx_word' id='word_1_104' title='bbox 1335 1157 1434 1189; x_wconf 87' lang='lat' dir='ltr'>cum</span> <span class='ocrx_word' id='word_1_105' title='bbox 1461 1155 1568 1199; x_wconf 80' lang='lat' dir='ltr'>pau·</span> 
     </span>
     <span class='ocr_line' id='line_1_15' title="bbox 326 1215 1084 1277; baseline 0.004 -18"><span class='ocrx_word' id='word_1_106' title='bbox 326 1215 390 1260; x_wconf 81' lang='lat' dir='ltr'>eis</span> <span class='ocrx_word' id='word_1_107' title='bbox 420 1215 684 1260; x_wconf 85' lang='lat' dir='ltr'>induxerunt</span> <span class='ocrx_word' id='word_1_108' title='bbox 707 1218 871 1277; x_wconf 78' lang='lat' dir='ltr'>eumin</span> <span class='ocrx_word' id='word_1_109' title='bbox 892 1218 1084 1275; x_wconf 77' lang='lat' dir='ltr'>adytum.</span> 
     </span>
    </p>
   </div>
   <div class='ocr_carea' id='block_1_5' title="bbox 698 1323 1192 1371">
    <p class='ocr_par' dir='ltr' id='par_1_5' title="bbox 698 1323 1192 1371">
     <span class='ocr_line' id='line_1_16' title="bbox 698 1323 1192 1371; baseline 0.004 -2"><span class='ocrx_word' id='word_1_110' title='bbox 698 1325 799 1370; x_wconf 67' lang='lat' dir='ltr'>Car.</span> <span class='ocrx_word' id='word_1_111' title='bbox 833 1323 888 1370; x_wconf 81' lang='lat' dir='ltr'>X.</span> <span class='ocrx_word' id='word_1_112' title='bbox 914 1325 975 1368; x_wconf 87' lang='lat' dir='ltr'>De</span> <span class='ocrx_word' id='word_1_113' title='bbox 1004 1325 1192 1371; x_wconf 81' lang='lat' dir='ltr'>Seleuco.</span> 
     </span>
    </p>
   </div>
   <div class='ocr_carea' id='block_1_6' title="bbox 325 1433 1579 2802">
    <p class='ocr_par' dir='ltr' id='par_1_6' title="bbox 325 1433 1579 2802">
     <span class='ocr_line' id='line_1_17' title="bbox 383 1433 1574 1492; baseline 0.002 -14"><span class='ocrx_word' id='word_1_114' title='bbox 383 1433 486 1478; x_wconf 83' lang='lat' dir='ltr'>Post</span> <span class='ocrx_word' id='word_1_115' title='bbox 518 1433 777 1477; x_wconf 75' lang='lat' dir='ltr'>Antiochum</span> <span class='ocrx_word' id='word_1_116' title='bbox 801 1444 1003 1488; x_wconf 80' lang='lat' dir='ltr'>magnum</span> <span class='ocrx_word' id='word_1_117' title='bbox 1027 1433 1223 1489; x_wconf 82' lang='lat' dir='ltr'>regnavit</span> <span class='ocrx_word' id='word_1_118' title='bbox 1242 1433 1285 1477; x_wconf 86' lang='lat' dir='ltr'>in</span> <span class='ocrx_word' id='word_1_119' title='bbox 1308 1433 1434 1492; x_wconf 85' lang='lat' dir='ltr'>Syria</span> <span class='ocrx_word' id='word_1_120' title='bbox 1460 1435 1574 1480; x_wconf 83' lang='lat' dir='ltr'>lilius</span> 
     </span>
     <span class='ocr_line' id='line_1_18' title="bbox 326 1506 1574 1563; baseline 0 -11"><span class='ocrx_word' id='word_1_121' title='bbox 326 1508 421 1563; x_wconf 83' lang='lat' dir='ltr'>ejus</span> <span class='ocrx_word' id='word_1_122' title='bbox 442 1508 579 1563; x_wconf 81' lang='lat' dir='ltr'>maJ’or</span> <span class='ocrx_word' id='word_1_123' title='bbox 602 1506 827 1556; x_wconf 77' lang='lat' dir='ltr'>Seleucus,</span> <span class='ocrx_word' id='word_1_124' title='bbox 854 1506 1085 1561; x_wconf 84' lang='lat' dir='ltr'>pessimus,</span> <span class='ocrx_word' id='word_1_125' title='bbox 1113 1507 1189 1550; x_wconf 89' lang='lat' dir='ltr'>sed</span> <span class='ocrx_word' id='word_1_126' title='bbox 1214 1508 1347 1552; x_wconf 88' lang='lat' dir='ltr'>iners.</span> <span class='ocrx_word' id='word_1_127' title='bbox 1378 1507 1574 1552; x_wconf 73' lang='lat' dir='ltr'>Pontifex</span> 
     </span>
     <span class='ocr_line' id='line_1_19' title="bbox 325 1578 1575 1638; baseline -0.001 -13"><span class='ocrx_word' id='word_1_128' title='bbox 325 1580 569 1625; x_wconf 86' lang='lat' dir='ltr'>Judaeorum</span> <span class='ocrx_word' id='word_1_129' title='bbox 590 1579 954 1623; x_wconf 75' lang='lat' dir='ltr'>l‘uitOnias.Nam</span> <span class='ocrx_word' id='word_1_130' title='bbox 968 1578 1078 1623; x_wconf 89' lang='lat' dir='ltr'>Onia</span> <span class='ocrx_word' id='word_1_131' title='bbox 1105 1586 1358 1624; x_wconf 77' lang='lat' dir='ltr'>transeunte</span> <span class='ocrx_word' id='word_1_132' title='bbox 1375 1583 1416 1624; x_wconf 86' lang='lat' dir='ltr'>in</span> <span class='ocrx_word' id='word_1_133' title='bbox 1442 1581 1575 1638; x_wconf 78' lang='lat' dir='ltr'>AEgy-</span> 
     </span>
     <span class='ocr_line' id='line_1_20' title="bbox 326 1652 1575 1711; baseline 0.002 -15"><span class='ocrx_word' id='word_1_134' title='bbox 326 1660 465 1711; x_wconf 85' lang='lat' dir='ltr'>ptum,</span> <span class='ocrx_word' id='word_1_135' title='bbox 499 1654 613 1697; x_wconf 87' lang='lat' dir='ltr'>lilius</span> <span class='ocrx_word' id='word_1_136' title='bbox 633 1654 726 1709; x_wconf 80' lang='lat' dir='ltr'>ejus</span> <span class='ocrx_word' id='word_1_137' title='bbox 746 1653 897 1696; x_wconf 80' lang='lat' dir='ltr'>Simon</span> <span class='ocrx_word' id='word_1_138' title='bbox 923 1652 1033 1697; x_wconf 89' lang='lat' dir='ltr'>sedit</span> <span class='ocrx_word' id='word_1_139' title='bbox 1057 1666 1136 1708; x_wconf 84' lang='lat' dir='ltr'>pro</span> <span class='ocrx_word' id='word_1_140' title='bbox 1160 1667 1229 1699; x_wconf 85' lang='lat' dir='ltr'>eo.</span> <span class='ocrx_word' id='word_1_141' title='bbox 1249 1655 1328 1697; x_wconf 89' lang='lat' dir='ltr'>Cui</span> <span class='ocrx_word' id='word_1_142' title='bbox 1362 1659 1575 1700; x_wconf 80' lang='lat' dir='ltr'>suecessit</span> 
     </span>
     <span class='ocr_line' id='line_1_21' title="bbox 328 1726 1574 1783; baseline 0 -12"><span class='ocrx_word' id='word_1_143' title='bbox 328 1728 443 1771; x_wconf 80' lang='lat' dir='ltr'>lilius</span> <span class='ocrx_word' id='word_1_144' title='bbox 466 1727 561 1783; x_wconf 80' lang='lat' dir='ltr'>ejus</span> <span class='ocrx_word' id='word_1_145' title='bbox 582 1726 732 1771; x_wconf 73' lang='lat' dir='ltr'>onias.</span> <span class='ocrx_word' id='word_1_146' title='bbox 756 1726 846 1770; x_wconf 87' lang='lat' dir='ltr'>Sub</span> <span class='ocrx_word' id='word_1_147' title='bbox 879 1727 962 1770; x_wconf 86' lang='lat' dir='ltr'>hoc</span> <span class='ocrx_word' id='word_1_148' title='bbox 989 1728 1108 1771; x_wconf 80' lang='lat' dir='ltr'>misit</span> <span class='ocrx_word' id='word_1_149' title='bbox 1142 1726 1351 1772; x_wconf 82' lang='lat' dir='ltr'>Seleucus</span> <span class='ocrx_word' id='word_1_150' title='bbox 1373 1732 1574 1773; x_wconf 85' lang='lat' dir='ltr'>nuntium</span> 
     </span>
     <span class='ocr_line' id='line_1_22' title="bbox 328 1798 1575 1855; baseline 0.002 -11"><span class='ocrx_word' id='word_1_151' title='bbox 328 1799 604 1845; x_wconf 84' lang='lat' dir='ltr'>Heliodorum</span> <span class='ocrx_word' id='word_1_152' title='bbox 628 1800 672 1843; x_wconf 90' lang='lat' dir='ltr'>in</span> <span class='ocrx_word' id='word_1_153' title='bbox 692 1798 931 1844; x_wconf 73' lang='lat' dir='ltr'>Jerusalem</span> <span class='ocrx_word' id='word_1_154' title='bbox 954 1799 1005 1842; x_wconf 85' lang='lat' dir='ltr'>ad</span> <span class='ocrx_word' id='word_1_155' title='bbox 1029 1801 1304 1855; x_wconf 78' lang='lat' dir='ltr'>spoliandum</span> <span class='ocrx_word' id='word_1_156' title='bbox 1343 1814 1575 1847; x_wconf 85' lang='lat' dir='ltr'>commune</span> 
     </span>
     <span class='ocr_line' id='line_1_23' title="bbox 326 1871 1576 1930; baseline 0.002 -13"><span class='ocrx_word' id='word_1_157' title='bbox 326 1873 528 1918; x_wconf 74' lang='lat' dir='ltr'>:erarium</span> <span class='ocrx_word' id='word_1_158' title='bbox 555 1873 703 1928; x_wconf 88' lang='lat' dir='ltr'>templi</span> <span class='ocrx_word' id='word_1_159' title='bbox 728 1875 759 1916; x_wconf 76' lang='lat'>⁸.</span> <span class='ocrx_word' id='word_1_160' title='bbox 782 1873 878 1925; x_wconf 85' lang='lat' dir='ltr'>Quo</span> <span class='ocrx_word' id='word_1_161' title='bbox 912 1871 1110 1929; x_wconf 81' lang='lat' dir='ltr'>ingresso</span> <span class='ocrx_word' id='word_1_162' title='bbox 1146 1874 1190 1916; x_wconf 90' lang='lat' dir='ltr'>in</span> <span class='ocrx_word' id='word_1_163' title='bbox 1226 1875 1451 1930; x_wconf 87' lang='lat' dir='ltr'>templum,</span> <span class='ocrx_word' id='word_1_164' title='bbox 1479 1889 1576 1920; x_wconf 90' lang='lat' dir='ltr'>sur-</span> 
     </span>
     <span class='ocr_line' id='line_1_24' title="bbox 329 1945 1575 2001; baseline 0.001 -10"><span class='ocrx_word' id='word_1_165' title='bbox 329 1952 534 1991; x_wconf 81' lang='lat' dir='ltr'>rexerunt</span> <span class='ocrx_word' id='word_1_166' title='bbox 576 1946 663 1989; x_wconf 85' lang='lat' dir='ltr'>duo</span> <span class='ocrx_word' id='word_1_167' title='bbox 704 1945 886 2001; x_wconf 82' lang='lat' dir='ltr'>juvenes</span> <span class='ocrx_word' id='word_1_168' title='bbox 910 1945 962 1989; x_wconf 87' lang='lat' dir='ltr'>de</span> <span class='ocrx_word' id='word_1_169' title='bbox 987 1946 1201 1999; x_wconf 78' lang='lat' dir='ltr'>latibulis,</span> <span class='ocrx_word' id='word_1_170' title='bbox 1245 1953 1289 1992; x_wconf 92' lang='lat' dir='ltr'>et</span> <span class='ocrx_word' id='word_1_171' title='bbox 1320 1947 1575 1992; x_wconf 81' lang='lat' dir='ltr'>occiderunt</span> 
     </span>
     <span class='ocr_line' id='line_1_25' title="bbox 326 2018 1575 2077; baseline 0.002 -12"><span class='ocrx_word' id='word_1_172' title='bbox 326 2033 443 2065; x_wconf 84' lang='lat' dir='ltr'>eum.</span> <span class='ocrx_word' id='word_1_173' title='bbox 471 2019 654 2064; x_wconf 84' lang='lat' dir='ltr'>Videtur</span> <span class='ocrx_word' id='word_1_174' title='bbox 695 2026 840 2064; x_wconf 89' lang='lat' dir='ltr'>tamen</span> <span class='ocrx_word' id='word_1_175' title='bbox 870 2018 1085 2077; x_wconf 78' lang='lat' dir='ltr'>Jusephus</span> <span class='ocrx_word' id='word_1_176' title='bbox 1107 2021 1216 2065; x_wconf 86' lang='lat' dir='ltr'>velle</span> <span class='ocrx_word' id='word_1_177' title='bbox 1234 2022 1411 2077; x_wconf 79' lang='lat' dir='ltr'>angelos</span> <span class='ocrx_word' id='word_1_178' title='bbox 1442 2023 1575 2068; x_wconf 80' lang='lat' dir='ltr'>ruisse</span> 
     </span>
     <span class='ocr_line' id='line_1_26' title="bbox 328 2092 1574 2141; baseline 0.003 -5"><span class='ocrx_word' id='word_1_179' title='bbox 328 2094 374 2138; x_wconf 86' lang='lat' dir='ltr'>in</span> <span class='ocrx_word' id='word_1_180' title='bbox 405 2094 689 2138; x_wconf 81' lang='lat' dir='ltr'>similitudine</span> <span class='ocrx_word' id='word_1_181' title='bbox 732 2093 971 2137; x_wconf 88' lang='lat' dir='ltr'>hominum.</span> <span class='ocrx_word' id='word_1_182' title='bbox 1005 2092 1051 2136; x_wconf 88' lang='lat' dir='ltr'>ln</span> <span class='ocrx_word' id='word_1_183' title='bbox 1077 2094 1268 2138; x_wconf 86' lang='lat' dir='ltr'>seeundo</span> <span class='ocrx_word' id='word_1_184' title='bbox 1308 2094 1574 2141; x_wconf 78' lang='lat' dir='ltr'>Maclaahaeo·</span> 
     </span>
     <span class='ocr_line' id='line_1_27' title="bbox 327 2165 1575 2222; baseline 0.006 -14"><span class='ocrx_word' id='word_1_185' title='bbox 327 2179 421 2208; x_wconf 76' lang='lat' dir='ltr'>rum</span> <span class='ocrx_word' id='word_1_186' title='bbox 445 2165 555 2209; x_wconf 85' lang='lat' dir='ltr'>libro</span> <span class='ocrx_word' id='word_1_187' title='bbox 586 2165 759 2222; x_wconf 70' lang='lat' dir='ltr'>legitur,</span> <span class='ocrx_word' id='word_1_188' title='bbox 793 2166 894 2222; x_wconf 86' lang='lat' dir='ltr'>quia</span> <span class='ocrx_word' id='word_1_189' title='bbox 938 2166 1138 2222; x_wconf 78' lang='lat' dir='ltr'>apparuit</span> <span class='ocrx_word' id='word_1_190' title='bbox 1180 2168 1387 2213; x_wconf 85' lang='lat' dir='ltr'>terribilis</span> <span class='ocrx_word' id='word_1_191' title='bbox 1427 2183 1575 2216; x_wconf 80' lang='lat' dir='ltr'>sessor</span> 
     </span>
     <span class='ocr_line' id='line_1_28' title="bbox 327 2236 1574 2297; baseline 0.005 -14"><span class='ocrx_word' id='word_1_192' title='bbox 327 2238 448 2296; x_wconf 87' lang='lat' dir='ltr'>equi,</span> <span class='ocrx_word' id='word_1_193' title='bbox 474 2244 517 2284; x_wconf 83' lang='lat' dir='ltr'>et</span> <span class='ocrx_word' id='word_1_194' title='bbox 534 2236 817 2284; x_wconf 78' lang='lat' dir='ltr'>conculcabat</span> <span class='ocrx_word' id='word_1_195' title='bbox 835 2253 952 2291; x_wconf 87' lang='lat' dir='ltr'>eum,</span> <span class='ocrx_word' id='word_1_196' title='bbox 978 2247 1019 2284; x_wconf 89' lang='lat' dir='ltr'>et</span> <span class='ocrx_word' id='word_1_197' title='bbox 1038 2240 1290 2287; x_wconf 76' lang='lat' dir='ltr'>confractus</span> <span class='ocrx_word' id='word_1_198' title='bbox 1309 2250 1393 2297; x_wconf 85' lang='lat' dir='ltr'>est,</span> <span class='ocrx_word' id='word_1_199' title='bbox 1412 2251 1453 2288; x_wconf 88' lang='lat' dir='ltr'>et</span> <span class='ocrx_word' id='word_1_200' title='bbox 1477 2259 1574 2289; x_wconf 84' lang='lat' dir='ltr'>mu-</span> 
     </span>
     <span class='ocr_line' id='line_1_29' title="bbox 328 2310 1571 2372; baseline 0.007 -18"><span class='ocrx_word' id='word_1_201' title='bbox 328 2317 402 2372; x_wconf 81' lang='lat' dir='ltr'>tus</span> <span class='ocrx_word' id='word_1_202' title='bbox 428 2310 585 2362; x_wconf 76' lang='lat' dir='ltr'>sactus,</span> <span class='ocrx_word' id='word_1_203' title='bbox 614 2311 786 2356; x_wconf 86' lang='lat' dir='ltr'>sednon</span> <span class='ocrx_word' id='word_1_204' title='bbox 811 2318 1024 2365; x_wconf 79' lang='lat' dir='ltr'>mortuuS,</span> <span class='ocrx_word' id='word_1_205' title='bbox 1051 2318 1093 2356; x_wconf 90' lang='lat' dir='ltr'>et</span> <span class='ocrx_word' id='word_1_206' title='bbox 1114 2313 1200 2357; x_wconf 90' lang='lat' dir='ltr'>duo</span> <span class='ocrx_word' id='word_1_207' title='bbox 1219 2314 1401 2371; x_wconf 77' lang='lat' dir='ltr'>juvenes</span> <span class='ocrx_word' id='word_1_208' title='bbox 1428 2318 1571 2362; x_wconf 82' lang='lat' dir='ltr'>decori</span> 
     </span>
     <span class='ocr_line' id='line_1_30' title="bbox 329 2380 1572 2445; baseline 0.006 -19"><span class='ocrx_word' id='word_1_209' title='bbox 329 2384 599 2440; x_wconf 79' lang='lat' dir='ltr'>flagellabant</span> <span class='ocrx_word' id='word_1_210' title='bbox 622 2397 735 2429; x_wconf 88' lang='lat' dir='ltr'>eum.</span> <span class='ocrx_word' id='word_1_211' title='bbox 762 2384 1024 2441; x_wconf 69' lang='lat' dir='ltr'>&#39;timensque</span> <span class='ocrx_word' id='word_1_212' title='bbox 1060 2380 1192 2430; x_wconf 78' lang='lat' dir='ltr'>Onias</span> <span class='ocrx_word' id='word_1_213' title='bbox 1231 2387 1572 2445; x_wconf 78' lang='lat' dir='ltr'>indignationem</span> 
     </span>
     <span class='ocr_line' id='line_1_31' title="bbox 330 2452 1576 2514; baseline 0.006 -13"><span class='ocrx_word' id='word_1_214' title='bbox 330 2452 501 2501; x_wconf 79' lang='lat' dir='ltr'>Seleuci</span> <span class='ocrx_word' id='word_1_215' title='bbox 524 2457 675 2500; x_wconf 83' lang='lat' dir='ltr'>orabat</span> <span class='ocrx_word' id='word_1_216' title='bbox 697 2457 750 2501; x_wconf 87' lang='lat' dir='ltr'>ad</span> <span class='ocrx_word' id='word_1_217' title='bbox 767 2456 993 2501; x_wconf 84' lang='lat' dir='ltr'>Dominum</span> <span class='ocrx_word' id='word_1_218' title='bbox 1015 2470 1093 2514; x_wconf 89' lang='lat' dir='ltr'>pro</span> <span class='ocrx_word' id='word_1_219' title='bbox 1116 2458 1346 2514; x_wconf 79' lang='lat' dir='ltr'>defuncto,</span> <span class='ocrx_word' id='word_1_220' title='bbox 1367 2468 1410 2506; x_wconf 90' lang='lat' dir='ltr'>et</span> <span class='ocrx_word' id='word_1_221' title='bbox 1427 2476 1576 2507; x_wconf 85' lang='lat' dir='ltr'>resur-</span> 
     </span>
     <span class='ocr_line' id='line_1_32' title="bbox 328 2528 1573 2592; baseline 0.006 -18"><span class='ocrx_word' id='word_1_222' title='bbox 328 2529 442 2574; x_wconf 82' lang='lat' dir='ltr'>rexit</span> <span class='ocrx_word' id='word_1_223' title='bbox 463 2528 529 2586; x_wconf 88' lang='lat'>(11</span> <span class='ocrx_word' id='word_1_224' title='bbox 556 2529 752 2574; x_wconf 75' lang='lat' dir='ltr'>Maeliab.</span> <span class='ocrx_word' id='word_1_225' title='bbox 784 2530 869 2584; x_wconf 84' lang='grc' dir='ltr'><strong>ιιι).</strong></span> <span class='ocrx_word' id='word_1_226' title='bbox 896 2531 977 2584; x_wconf 87' lang='lat' dir='ltr'>Qui</span> <span class='ocrx_word' id='word_1_227' title='bbox 1012 2532 1184 2577; x_wconf 85' lang='lat' dir='ltr'>rediens</span> <span class='ocrx_word' id='word_1_228' title='bbox 1218 2532 1272 2577; x_wconf 87' lang='lat' dir='ltr'>ad</span> <span class='ocrx_word' id='word_1_229' title='bbox 1295 2548 1456 2592; x_wconf 82' lang='lat' dir='ltr'>regem,</span> <span class='ocrx_word' id='word_1_230' title='bbox 1483 2538 1573 2583; x_wconf 82' lang='lat' dir='ltr'>ait:</span> 
     </span>
     <span class='ocr_line' id='line_1_33' title="bbox 332 2597 1579 2664; baseline 0.011 -24"><span class='ocrx_word' id='word_1_231' title='bbox 332 2597 378 2641; x_wconf 91' lang='lat' dir='ltr'>Si</span> <span class='ocrx_word' id='word_1_232' title='bbox 399 2598 596 2642; x_wconf 87' lang='lat' dir='ltr'>habuerit</span> <span class='ocrx_word' id='word_1_233' title='bbox 617 2600 819 2645; x_wconf 85' lang='lat' dir='ltr'>dominus</span> <span class='ocrx_word' id='word_1_234' title='bbox 844 2615 964 2646; x_wconf 87' lang='lat' dir='ltr'>meus</span> <span class='ocrx_word' id='word_1_235' title='bbox 990 2603 1185 2662; x_wconf 82' lang='lat' dir='ltr'>aliquos,</span> <span class='ocrx_word' id='word_1_236' title='bbox 1232 2618 1418 2664; x_wconf 88' lang='lat' dir='ltr'>quorum</span> <span class='ocrx_word' id='word_1_237' title='bbox 1459 2609 1579 2654; x_wconf 87' lang='lat' dir='ltr'>sitiat</span> 
     </span>
     <span class='ocr_line' id='line_1_34' title="bbox 331 2673 1578 2738; baseline 0.011 -23"><span class='ocrx_word' id='word_1_238' title='bbox 331 2673 604 2729; x_wconf 85' lang='lat' dir='ltr'>sanguinem,</span> <span class='ocrx_word' id='word_1_239' title='bbox 629 2675 767 2718; x_wconf 87' lang='lat' dir='ltr'>mittat</span> <span class='ocrx_word' id='word_1_240' title='bbox 792 2688 867 2720; x_wconf 89' lang='lat' dir='ltr'>eos</span> <span class='ocrx_word' id='word_1_241' title='bbox 904 2676 949 2720; x_wconf 88' lang='lat' dir='ltr'>in</span> <span class='ocrx_word' id='word_1_242' title='bbox 989 2675 1254 2734; x_wconf 80' lang='lat' dir='ltr'>Jerusalem,</span> <span class='ocrx_word' id='word_1_243' title='bbox 1292 2685 1339 2724; x_wconf 91' lang='lat' dir='ltr'>ut</span> <span class='ocrx_word' id='word_1_244' title='bbox 1390 2683 1578 2738; x_wconf 84' lang='lat' dir='ltr'>spolient</span> 
     </span>
     <span class='ocr_line' id='line_1_35' title="bbox 334 2746 558 2802; baseline 0.009 -14"><span class='ocrx_word' id='word_1_245' title='bbox 334 2746 558 2802; x_wconf 91' lang='lat' dir='ltr'>templum.</span> 
     </span>
    </p>
   </div>
   <div class='ocr_carea' id='block_1_7' title="bbox 330 2819 1578 2949">
    <p class='ocr_par' dir='ltr' id='par_1_7' title="bbox 330 2819 1578 2949">
     <span class='ocr_line' id='line_1_36' title="bbox 388 2819 1578 2936; baseline 0.013 -76"><span class='ocrx_word' id='word_1_246' title='bbox 388 2819 598 2936; x_wconf 56' lang='grc' dir='ltr'>*Αιάάὶιίο</span> <span class='ocrx_word' id='word_1_247' title='bbox 643 2821 684 2867; x_wconf 80' lang='lat' dir='ltr'>l.</span> <span class='ocrx_word' id='word_1_248' title='bbox 721 2822 815 2867; x_wconf 91' lang='lat' dir='ltr'>Non</span> <span class='ocrx_word' id='word_1_249' title='bbox 847 2836 968 2879; x_wconf 83' lang='lat' dir='ltr'>vasa,</span> <span class='ocrx_word' id='word_1_250' title='bbox 1015 2826 1093 2871; x_wconf 87' lang='lat' dir='ltr'>sed</span> <span class='ocrx_word' id='word_1_251' title='bbox 1143 2826 1325 2872; x_wconf 77' lang='lat' dir='ltr'>donarIa</span> <span class='ocrx_word' id='word_1_252' title='bbox 1383 2830 1428 2874; x_wconf 89' lang='lat' dir='ltr'>in</span> <span class='ocrx_word' id='word_1_253' title='bbox 1470 2844 1578 2882; x_wconf 81' lang='lat' dir='ltr'>usus</span> 
     </span>
     <span class='ocr_line' id='line_1_37' title="bbox 330 2892 498 2949; baseline 0.018 -14"><span class='ocrx_word' id='word_1_254' title='bbox 330 2892 498 2949; x_wconf 80' lang='lat' dir='ltr'>tempi.</span> 
     </span>
    </p>
   </div>
   <div class='ocr_carea' id='block_1_8' title="bbox 830 3005 1085 3056">
    <p class='ocr_par' dir='ltr' id='par_1_8' title="bbox 830 3005 1085 3056">
     <span class='ocr_line' id='line_1_38' title="bbox 830 3005 1085 3056; baseline 0.02 -5"><span class='ocrx_word' id='word_1_255' title='bbox 830 3005 854 3050; x_wconf 92' lang='lat'><em>1</em></span> <span class='ocrx_word' id='word_1_256' title='bbox 857 3007 1085 3056; x_wconf 69' lang='lat' dir='ltr'>incidentia.</span> 
     </span>
    </p>
   </div>
   <div class='ocr_carea' id='block_1_9' title="bbox 331 3109 1582 3318">
    <p class='ocr_par' dir='ltr' id='par_1_9' title="bbox 331 3109 1582 3318">
     <span class='ocr_line' id='line_1_39' title="bbox 389 3109 1582 3180; baseline 0.008 -24"><span class='ocrx_word' id='word_1_257' title='bbox 389 3109 454 3156; x_wconf 73' lang='lat' dir='ltr'>Eo</span> <span class='ocrx_word' id='word_1_258' title='bbox 472 3117 663 3169; x_wconf 81' lang='lat' dir='ltr'>tempore</span> <span class='ocrx_word' id='word_1_259' title='bbox 683 3112 973 3170; x_wconf 80' lang='lat' dir='ltr'>Aristobolus,</span> <span class='ocrx_word' id='word_1_260' title='bbox 1000 3118 1175 3164; x_wconf 85' lang='lat' dir='ltr'>natione</span> <span class='ocrx_word' id='word_1_261' title='bbox 1193 3118 1217 3164; x_wconf 86' lang='lat' dir='ltr'>J</span> <span class='ocrx_word' id='word_1_262' title='bbox 1222 3121 1385 3180; x_wconf 85' lang='lat' dir='ltr'>udaeus‚</span> <span class='ocrx_word' id='word_1_263' title='bbox 1407 3122 1582 3179; x_wconf 83' lang='lat' dir='ltr'>peripa-</span> 
     </span>
     <span class='ocr_line' id='line_1_40' title="bbox 331 3185 1580 3259; baseline 0.01 -31"><span class='ocrx_word' id='word_1_264' title='bbox 331 3185 491 3230; x_wconf 70' lang='lat' dir='ltr'>teticus</span> <span class='ocrx_word' id='word_1_265' title='bbox 512 3186 808 3244; x_wconf 86' lang='lat' dir='ltr'>philosophus,</span> <span class='ocrx_word' id='word_1_266' title='bbox 831 3192 1006 3247; x_wconf 80' lang='lat' dir='ltr'>scripsit</span> <span class='ocrx_word' id='word_1_267' title='bbox 1019 3196 1355 3240; x_wconf 72' lang='lat' dir='ltr'>coementarios</span> <span class='ocrx_word' id='word_1_268' title='bbox 1367 3197 1580 3259; x_wconf 80' lang='lat' dir='ltr'>explana-</span> 
     </span>
     <span class='ocr_line' id='line_1_41' title="bbox 334 3258 1353 3318; baseline 0.012 -18"><span class='ocrx_word' id='word_1_269' title='bbox 334 3258 502 3302; x_wconf 78' lang='lat' dir='ltr'>tionum</span> <span class='ocrx_word' id='word_1_270' title='bbox 528 3259 573 3302; x_wconf 86' lang='lat' dir='ltr'>in</span> <span class='ocrx_word' id='word_1_271' title='bbox 601 3258 778 3318; x_wconf 74' lang='lat' dir='ltr'>Moysen</span> <span class='ocrx_word' id='word_1_272' title='bbox 800 3261 1032 3310; x_wconf 80' lang='lat' dir='ltr'>Ptolemaeo</span> <span class='ocrx_word' id='word_1_273' title='bbox 1055 3266 1353 3313; x_wconf 88' lang='lat' dir='ltr'>Philometorl.</span> 
     </span>
    </p>
   </div>
   <div class='ocr_carea' id='block_1_10' title="bbox 580 3365 1352 3429">
    <p class='ocr_par' dir='ltr' id='par_1_10' title="bbox 580 3365 1352 3429">
     <span class='ocr_line' id='line_1_42' title="bbox 580 3365 1352 3429; baseline 0.005 -19"><span class='ocrx_word' id='word_1_274' title='bbox 580 3365 685 3414; x_wconf 72' lang='lat' dir='ltr'>Cn.</span> <span class='ocrx_word' id='word_1_275' title='bbox 715 3366 788 3412; x_wconf 81' lang='lat' dir='ltr'>XI.</span> <span class='ocrx_word' id='word_1_276' title='bbox 812 3367 874 3412; x_wconf 87' lang='lat' dir='ltr'>De</span> <span class='ocrx_word' id='word_1_277' title='bbox 893 3370 1096 3415; x_wconf 75' lang='lat' dir='ltr'>Antiocho</span> <span class='ocrx_word' id='word_1_278' title='bbox 1123 3370 1352 3429; x_wconf 72' lang='lat' dir='ltr'>Epiphauc.</span> 
     </span>
    </p>
   </div>
   <div class='ocr_carea' id='block_1_11' title="bbox 335 3469 1586 4482">
    <p class='ocr_par' dir='ltr' id='par_1_11' title="bbox 335 3469 1586 4482">
     <span class='ocr_line' id='line_1_43' title="bbox 391 3469 1579 3538; baseline 0.009 -23"><span class='ocrx_word' id='word_1_279' title='bbox 391 3469 582 3516; x_wconf 73' lang='lat' dir='ltr'>Audiens</span> <span class='ocrx_word' id='word_1_280' title='bbox 623 3478 768 3516; x_wconf 86' lang='lat' dir='ltr'>autem</span> <span class='ocrx_word' id='word_1_281' title='bbox 825 3472 1066 3520; x_wconf 76' lang='lat' dir='ltr'>Antiochus</span> <span class='ocrx_word' id='word_1_282' title='bbox 1103 3476 1369 3535; x_wconf 80' lang='lat' dir='ltr'>Epiphanes,</span> <span class='ocrx_word' id='word_1_283' title='bbox 1394 3482 1468 3538; x_wconf 80' lang='lat' dir='ltr'>qui</span> <span class='ocrx_word' id='word_1_284' title='bbox 1489 3481 1579 3526; x_wconf 76' lang='lat' dir='ltr'>no-</span> 
     </span>
     <span class='ocr_line' id='line_1_44' title="bbox 335 3544 1583 3605; baseline 0.01 -19"><span class='ocrx_word' id='word_1_285' title='bbox 335 3555 417 3586; x_wconf 76' lang='lat' dir='ltr'>mae</span> <span class='ocrx_word' id='word_1_286' title='bbox 442 3544 572 3589; x_wconf 85' lang='lat' dir='ltr'>obses</span> <span class='ocrx_word' id='word_1_287' title='bbox 589 3550 681 3588; x_wconf 84' lang='lat' dir='ltr'>erat</span> <span class='ocrx_word' id='word_1_288' title='bbox 703 3550 782 3600; x_wconf 72' lang='lat' dir='ltr'>pro</span> <span class='ocrx_word' id='word_1_289' title='bbox 799 3553 940 3602; x_wconf 82' lang='lat' dir='ltr'>patre,</span> <span class='ocrx_word' id='word_1_290' title='bbox 963 3554 1129 3605; x_wconf 83' lang='lat' dir='ltr'>patrem</span> <span class='ocrx_word' id='word_1_291' title='bbox 1154 3557 1391 3605; x_wconf 81' lang='lat' dir='ltr'>mortuum,</span> <span class='ocrx_word' id='word_1_292' title='bbox 1415 3555 1583 3599; x_wconf 83' lang='lat' dir='ltr'>sciens-</span> 
     </span>
     <span class='ocr_line' id='line_1_45' title="bbox 337 3616 1584 3684; baseline 0.012 -27"><span class='ocrx_word' id='word_1_293' title='bbox 337 3628 421 3671; x_wconf 85' lang='lat' dir='ltr'>que</span> <span class='ocrx_word' id='word_1_294' title='bbox 455 3616 599 3661; x_wconf 82' lang='lat' dir='ltr'>l&#39;ratris</span> <span class='ocrx_word' id='word_1_295' title='bbox 632 3617 848 3671; x_wconf 85' lang='lat' dir='ltr'>inertiam,</span> <span class='ocrx_word' id='word_1_296' title='bbox 872 3621 924 3664; x_wconf 89' lang='lat' dir='ltr'>de</span> <span class='ocrx_word' id='word_1_297' title='bbox 946 3633 1077 3678; x_wconf 84' lang='lat' dir='ltr'>regno</span> <span class='ocrx_word' id='word_1_298' title='bbox 1103 3622 1238 3680; x_wconf 82' lang='lat' dir='ltr'>Syrioe</span> <span class='ocrx_word' id='word_1_299' title='bbox 1254 3625 1451 3670; x_wconf 81' lang='lat' dir='ltr'>habendo</span> <span class='ocrx_word' id='word_1_300' title='bbox 1474 3642 1584 3684; x_wconf 74' lang='lat' dir='ltr'>prae·</span> 
     </span>
     <span class='ocr_line' id='line_1_46' title="bbox 339 3689 1582 3754; baseline 0.01 -23"><span class='ocrx_word' id='word_1_301' title='bbox 339 3700 531 3740; x_wconf 84' lang='lat' dir='ltr'>sumens,</span> <span class='ocrx_word' id='word_1_302' title='bbox 555 3689 671 3733; x_wconf 83' lang='lat' dir='ltr'>clam</span> <span class='ocrx_word' id='word_1_303' title='bbox 698 3689 878 3734; x_wconf 81' lang='lat' dir='ltr'>Romam</span> <span class='ocrx_word' id='word_1_304' title='bbox 894 3705 1096 3750; x_wconf 79' lang='lat' dir='ltr'>egressus</span> <span class='ocrx_word' id='word_1_305' title='bbox 1113 3701 1179 3740; x_wconf 84' lang='lat' dir='ltr'>est</span> <span class='ocrx_word' id='word_1_306' title='bbox 1205 3695 1249 3754; x_wconf 71' lang='lat' dir='ltr'>(l</span> <span class='ocrx_word' id='word_1_307' title='bbox 1267 3695 1466 3743; x_wconf 70' lang='lat' dir='ltr'>Machab.</span> <span class='ocrx_word' id='word_1_308' title='bbox 1496 3711 1511 3742; x_wconf 88' lang='lat'>1</span> <span class='ocrx_word' id='word_1_309' title='bbox 1542 3709 1582 3744; x_wconf 91' lang='lat' dir='ltr'>et</span> 
     </span>
     <span class='ocr_line' id='line_1_47' title="bbox 338 3760 1584 3818; baseline 0.01 -15"><span class='ocrx_word' id='word_1_310' title='bbox 338 3760 475 3818; x_wconf 55' lang='lat' dir='ltr'>allia),</span> <span class='ocrx_word' id='word_1_311' title='bbox 511 3761 612 3806; x_wconf 84' lang='lat' dir='ltr'>licet</span> <span class='ocrx_word' id='word_1_312' title='bbox 642 3763 817 3818; x_wconf 84' lang='lat' dir='ltr'>quidam</span> <span class='ocrx_word' id='word_1_313' title='bbox 843 3765 1018 3809; x_wconf 86' lang='lat' dir='ltr'>tradunt</span> <span class='ocrx_word' id='word_1_314' title='bbox 1058 3780 1159 3812; x_wconf 85' lang='lat' dir='ltr'>eum</span> <span class='ocrx_word' id='word_1_315' title='bbox 1193 3769 1277 3812; x_wconf 79' lang='lat' dir='ltr'>suh</span> <span class='ocrx_word' id='word_1_316' title='bbox 1308 3772 1584 3816; x_wconf 73' lang='lat' dir='ltr'>conniventia</span> 
     </span>
     <span class='ocr_line' id='line_1_48' title="bbox 339 3834 1584 3900; baseline 0.009 -23"><span class='ocrx_word' id='word_1_317' title='bbox 339 3839 587 3877; x_wconf 76' lang='lat' dir='ltr'>aenatorum</span> <span class='ocrx_word' id='word_1_318' title='bbox 614 3835 813 3880; x_wconf 83' lang='lat' dir='ltr'>rediisse.</span> <span class='ocrx_word' id='word_1_319' title='bbox 841 3834 1144 3895; x_wconf 80' lang='lat' dir='ltr'>Reversusque</span> <span class='ocrx_word' id='word_1_320' title='bbox 1166 3841 1211 3883; x_wconf 91' lang='lat' dir='ltr'>in</span> <span class='ocrx_word' id='word_1_321' title='bbox 1237 3839 1406 3899; x_wconf 85' lang='lat' dir='ltr'>Syriam</span> <span class='ocrx_word' id='word_1_322' title='bbox 1434 3845 1584 3900; x_wconf 78' lang='lat' dir='ltr'>benig-</span> 
     </span>
     <span class='ocr_line' id='line_1_49' title="bbox 339 3909 1583 3971; baseline 0.008 -20"><span class='ocrx_word' id='word_1_323' title='bbox 339 3919 445 3951; x_wconf 82' lang='lat' dir='ltr'>num</span> <span class='ocrx_word' id='word_1_324' title='bbox 465 3920 516 3952; x_wconf 80' lang='lat' dir='ltr'>se</span> <span class='ocrx_word' id='word_1_325' title='bbox 536 3909 754 3962; x_wconf 86' lang='lat' dir='ltr'>omnibus,</span> <span class='ocrx_word' id='word_1_326' title='bbox 774 3916 816 3956; x_wconf 87' lang='lat' dir='ltr'>et</span> <span class='ocrx_word' id='word_1_327' title='bbox 839 3913 1089 3956; x_wconf 78' lang='lat' dir='ltr'>munificum</span> <span class='ocrx_word' id='word_1_328' title='bbox 1112 3916 1330 3971; x_wconf 79' lang='lat' dir='ltr'>exposuit.</span> <span class='ocrx_word' id='word_1_329' title='bbox 1370 3915 1583 3961; x_wconf 79' lang='lat' dir='ltr'>Strenuus</span> 
     </span>
     <span class='ocr_line' id='line_1_50' title="bbox 337 3981 1585 4046; baseline 0.006 -20"><span class='ocrx_word' id='word_1_330' title='bbox 337 3986 433 4026; x_wconf 79' lang='lat' dir='ltr'>erat</span> <span class='ocrx_word' id='word_1_331' title='bbox 455 3981 499 4024; x_wconf 84' lang='lat' dir='ltr'>in</span> <span class='ocrx_word' id='word_1_332' title='bbox 523 3983 700 4038; x_wconf 78' lang='lat' dir='ltr'>agendis</span> <span class='ocrx_word' id='word_1_333' title='bbox 741 3989 784 4028; x_wconf 88' lang='lat' dir='ltr'>et</span> <span class='ocrx_word' id='word_1_334' title='bbox 807 3997 905 4030; x_wconf 87' lang='lat' dir='ltr'>acer</span> <span class='ocrx_word' id='word_1_335' title='bbox 923 3986 967 4028; x_wconf 88' lang='lat' dir='ltr'>in</span> <span class='ocrx_word' id='word_1_336' title='bbox 992 3986 1157 4032; x_wconf 85' lang='lat' dir='ltr'>hostes.</span> <span class='ocrx_word' id='word_1_337' title='bbox 1183 3987 1306 4032; x_wconf 83' lang='lat' dir='ltr'>Unde</span> <span class='ocrx_word' id='word_1_338' title='bbox 1326 3995 1370 4032; x_wconf 88' lang='lat' dir='ltr'>et</span> <span class='ocrx_word' id='word_1_339' title='bbox 1385 4003 1409 4032; x_wconf 91' lang='lat' dir='ltr'>a</span> <span class='ocrx_word' id='word_1_340' title='bbox 1426 3992 1585 4046; x_wconf 78' lang='lat' dir='ltr'>populo</span> 
     </span>
     <span class='ocr_line' id='line_1_51' title="bbox 343 4056 1581 4124; baseline 0.007 -27"><span class='ocrx_word' id='word_1_341' title='bbox 343 4056 674 4110; x_wconf 83' lang='lat' dir='ltr'>cognominatus</span> <span class='ocrx_word' id='word_1_342' title='bbox 706 4062 773 4101; x_wconf 84' lang='lat' dir='ltr'>est</span> <span class='ocrx_word' id='word_1_343' title='bbox 797 4057 1060 4114; x_wconf 84' lang='lat' dir='ltr'>Epiphanes,</span> <span class='ocrx_word' id='word_1_344' title='bbox 1084 4062 1203 4117; x_wconf 85' lang='lat' dir='ltr'>quod</span> <span class='ocrx_word' id='word_1_345' title='bbox 1219 4067 1348 4106; x_wconf 86' lang='lat' dir='ltr'>sonat</span> <span class='ocrx_word' id='word_1_346' title='bbox 1381 4058 1581 4124; x_wconf 61' lang='lat' dir='ltr'>illustris.</span> 
     </span>
     <span class='ocr_line' id='line_1_52' title="bbox 340 4123 1584 4191; baseline 0.01 -24"><span class='ocrx_word' id='word_1_347' title='bbox 340 4123 395 4167; x_wconf 74' lang='grc' dir='ltr'>Η</span> <span class='ocrx_word' id='word_1_348' title='bbox 418 4133 588 4170; x_wconf 83' lang='lat' dir='ltr'>mortuo</span> <span class='ocrx_word' id='word_1_349' title='bbox 608 4127 739 4172; x_wconf 70' lang='lat' dir='ltr'>fratre</span> <span class='ocrx_word' id='word_1_350' title='bbox 761 4131 956 4185; x_wconf 78' lang='lat' dir='ltr'>regnavit</span> <span class='ocrx_word' id='word_1_351' title='bbox 978 4143 1056 4186; x_wconf 84' lang='lat' dir='ltr'>pro</span> <span class='ocrx_word' id='word_1_352' title='bbox 1075 4145 1143 4176; x_wconf 89' lang='lat' dir='ltr'>eo.</span> <span class='ocrx_word' id='word_1_353' title='bbox 1164 4132 1290 4177; x_wconf 79' lang='lat' dir='ltr'>Tunc</span> <span class='ocrx_word' id='word_1_354' title='bbox 1311 4134 1584 4191; x_wconf 77' lang='lat' dir='ltr'>iniquitatem</span> 
     </span>
     <span class='ocr_line' id='line_1_53' title="bbox 341 4198 1586 4260; baseline 0.007 -18"><span class='ocrx_word' id='word_1_355' title='bbox 341 4198 423 4242; x_wconf 87' lang='lat' dir='ltr'>sibi</span> <span class='ocrx_word' id='word_1_356' title='bbox 455 4198 629 4243; x_wconf 84' lang='lat' dir='ltr'>insitam</span> <span class='ocrx_word' id='word_1_357' title='bbox 660 4201 857 4256; x_wconf 80' lang='lat' dir='ltr'>aperuit,</span> <span class='ocrx_word' id='word_1_358' title='bbox 902 4215 1032 4258; x_wconf 86' lang='lat' dir='ltr'>quam</span> <span class='ocrx_word' id='word_1_359' title='bbox 1079 4217 1158 4259; x_wconf 86' lang='lat' dir='ltr'>pro</span> <span class='ocrx_word' id='word_1_360' title='bbox 1196 4216 1328 4260; x_wconf 80' lang='lat' dir='ltr'>regno</span> <span class='ocrx_word' id='word_1_361' title='bbox 1351 4207 1586 4254; x_wconf 80' lang='lat' dir='ltr'>obtinendo</span> 
     </span>
     <span class='ocr_line' id='line_1_54' title="bbox 335 4272 1586 4327; baseline 0.009 -12"><span class='ocrx_word' id='word_1_362' title='bbox 335 4272 608 4327; x_wconf 71' lang='lat' dir='ltr'>¹palliaverat.</span> <span class='ocrx_word' id='word_1_363' title='bbox 632 4272 756 4318; x_wconf 84' lang='lat' dir='ltr'>Tunc</span> <span class='ocrx_word' id='word_1_364' title='bbox 771 4283 1052 4320; x_wconf 78' lang='lat' dir='ltr'>surrexerunt</span> <span class='ocrx_word' id='word_1_365' title='bbox 1074 4277 1117 4320; x_wconf 88' lang='lat' dir='ltr'>in</span> <span class='ocrx_word' id='word_1_366' title='bbox 1142 4276 1380 4323; x_wconf 61' lang='lat' dir='ltr'>ierusalem</span> <span class='ocrx_word' id='word_1_367' title='bbox 1404 4281 1480 4324; x_wconf 83' lang='lat' dir='ltr'>lilii</span> <span class='ocrx_word' id='word_1_368' title='bbox 1505 4281 1586 4326; x_wconf 84' lang='lat' dir='ltr'>Be-</span> 
     </span>
     <span class='ocr_line' id='line_1_55' title="bbox 343 4343 1586 4408; baseline 0.01 -23"><span class='ocrx_word' id='word_1_369' title='bbox 343 4343 435 4393; x_wconf 82' lang='lat' dir='ltr'>lial,</span> <span class='ocrx_word' id='word_1_370' title='bbox 459 4343 785 4392; x_wconf 82' lang='lat' dir='ltr'>introducentes</span> <span class='ocrx_word' id='word_1_371' title='bbox 811 4348 941 4391; x_wconf 83' lang='lat' dir='ltr'>ritum</span> <span class='ocrx_word' id='word_1_372' title='bbox 973 4350 1184 4405; x_wconf 80' lang='lat' dir='ltr'>gentium,</span> <span class='ocrx_word' id='word_1_373' title='bbox 1219 4359 1262 4396; x_wconf 82' lang='lat' dir='ltr'>et</span> <span class='ocrx_word' id='word_1_374' title='bbox 1297 4354 1519 4408; x_wconf 73' lang='lat' dir='ltr'>petierunt</span> <span class='ocrx_word' id='word_1_375' title='bbox 1532 4356 1586 4399; x_wconf 80' lang='lat' dir='ltr'>ab</span> 
     </span>
     <span class='ocr_line' id='line_1_56' title="bbox 344 4415 1585 4482; baseline 0.009 -23"><span class='ocrx_word' id='word_1_376' title='bbox 344 4415 558 4463; x_wconf 80' lang='lat' dir='ltr'>Antiocho</span> <span class='ocrx_word' id='word_1_377' title='bbox 581 4424 627 4462; x_wconf 87' lang='lat' dir='ltr'>ut</span> <span class='ocrx_word' id='word_1_378' title='bbox 652 4418 811 4466; x_wconf 77' lang='lat' dir='ltr'>iaceret</span> <span class='ocrx_word' id='word_1_379' title='bbox 839 4421 883 4466; x_wconf 89' lang='lat' dir='ltr'>in</span> <span class='ocrx_word' id='word_1_380' title='bbox 905 4420 1139 4468; x_wconf 77' lang='lat' dir='ltr'>Jerusalem</span> <span class='ocrx_word' id='word_1_381' title='bbox 1173 4425 1398 4482; x_wconf 75' lang='lat' dir='ltr'>ephebiam</span> <span class='ocrx_word' id='word_1_382' title='bbox 1415 4459 1428 4482; x_wconf 87' lang='lat'>,</span> <span class='ocrx_word' id='word_1_383' title='bbox 1453 4428 1496 4472; x_wconf 89' lang='lat' dir='ltr'>id</span> <span class='ocrx_word' id='word_1_384' title='bbox 1518 4434 1585 4473; x_wconf 87' lang='lat' dir='ltr'>est</span> 
     </span>
    </p>
   </div>
   <div class='ocr_carea' id='block_1_12' title="bbox 277 98 2838 266">
    <p class='ocr_par' dir='ltr' id='par_1_12' title="bbox 277 98 2838 266">
     <span class='ocr_line' id='line_1_57' title="bbox 1309 98 1859 152; baseline -0.011 0"><span class='ocrx_word' id='word_1_385' title='bbox 1309 103 1476 152; x_wconf 58' lang='lat' dir='ltr'>emm</span> <span class='ocrx_word' id='word_1_386' title='bbox 1504 98 1859 148; x_wconf 67' lang='lat' dir='ltr'>conestoffis</span> 
     </span>
     <span class='ocr_line' id='line_1_58' title="bbox 277 187 2838 266; baseline -0.008 -16"><span class='ocrx_word' id='word_1_387' title='bbox 277 257 288 266; x_wconf 49' lang='grc'>,</span> <span class='ocrx_word' id='word_1_388' title='bbox 326 208 440 251; x_wconf 81' lang='lat' dir='ltr'>cavit</span> <span class='ocrx_word' id='word_1_389' title='bbox 465 205 507 262; x_wconf 85' lang='grc'>(1</span> <span class='ocrx_word' id='word_1_390' title='bbox 534 202 729 247; x_wconf 77' lang='lat' dir='ltr'>Macltab.</span> <span class='ocrx_word' id='word_1_391' title='bbox 755 202 852 258; x_wconf 64' lang='grc' dir='ltr'>χιι).</span> <span class='ocrx_word' id='word_1_392' title='bbox 874 201 956 253; x_wconf 87' lang='lat' dir='ltr'>Qui</span> <span class='ocrx_word' id='word_1_393' title='bbox 981 201 1084 243; x_wconf 88' lang='lat' dir='ltr'>dum</span> <span class='ocrx_word' id='word_1_394' title='bbox 1122 199 1328 243; x_wconf 79' lang='lat' dir='ltr'>finitimas</span> <span class='ocrx_word' id='word_1_395' title='bbox 1367 210 1569 252; x_wconf 77' lang='lat' dir='ltr'>regiones</span> <span class='ocrx_word' id='word_1_396' title='bbox 1595 200 1625 242; x_wconf 81' lang='grc' dir='ltr'>Α</span> <span class='ocrx_word' id='word_1_397' title='bbox 1651 196 1848 250; x_wconf 83' lang='lat' dir='ltr'>lupanar</span> <span class='ocrx_word' id='word_1_398' title='bbox 1870 193 2169 250; x_wconf 79' lang='lat' dir='ltr'>epheborum,</span> <span class='ocrx_word' id='word_1_399' title='bbox 2194 197 2239 238; x_wconf 84' lang='lat' dir='ltr'>et</span> <span class='ocrx_word' id='word_1_400' title='bbox 2265 189 2381 248; x_wconf 79' lang='lat' dir='ltr'>quod</span> <span class='ocrx_word' id='word_1_401' title='bbox 2398 187 2707 245; x_wconf 81' lang='lat' dir='ltr'>Jerosolytnitae</span> <span class='ocrx_word' id='word_1_402' title='bbox 2731 188 2838 231; x_wconf 81' lang='lat' dir='ltr'>sori·</span> 
     </span>
    </p>
   </div>
   <div class='ocr_carea' id='block_1_13' title="bbox 1618 2378 2889 2445">
    <p class='ocr_par' dir='ltr' id='par_1_13' title="bbox 1618 2378 2889 2445">
     <span class='ocr_line' id='line_1_59' title="bbox 1618 2378 2889 2445; baseline -0.006 -12"><span class='ocrx_word' id='word_1_403' title='bbox 1618 2387 1631 2403; x_wconf 88' lang='lat'><strong><em>¹</em></strong></span> <span class='ocrx_word' id='word_1_404' title='bbox 1657 2390 1714 2433; x_wconf 87' lang='lat' dir='ltr'>cit</span> <span class='ocrx_word' id='word_1_405' title='bbox 1731 2389 1774 2432; x_wconf 87' lang='lat' dir='ltr'>in</span> <span class='ocrx_word' id='word_1_406' title='bbox 1793 2401 1863 2440; x_wconf 85' lang='lat' dir='ltr'>ea,</span> <span class='ocrx_word' id='word_1_407' title='bbox 1883 2397 1921 2433; x_wconf 84' lang='lat' dir='ltr'>et</span> <span class='ocrx_word' id='word_1_408' title='bbox 1936 2388 2151 2445; x_wconf 85' lang='lat' dir='ltr'>percussit</span> <span class='ocrx_word' id='word_1_409' title='bbox 2165 2378 2326 2432; x_wconf 87' lang='lat' dir='ltr'>multos</span> <span class='ocrx_word' id='word_1_410' title='bbox 2340 2387 2385 2431; x_wconf 89' lang='lat' dir='ltr'>in</span> <span class='ocrx_word' id='word_1_411' title='bbox 2402 2385 2660 2435; x_wconf 78' lang='lat' dir='ltr'>Jerusalem,</span> <span class='ocrx_word' id='word_1_412' title='bbox 2674 2389 2717 2428; x_wconf 77' lang='lat' dir='ltr'>et</span> <span class='ocrx_word' id='word_1_413' title='bbox 2738 2382 2889 2440; x_wconf 77' lang='lat' dir='ltr'>lugeha</span> 
     </span>
    </p>
   </div>
   <div class='ocr_carea' id='block_1_14' title="bbox 1603 3395 2912 3474">
    <p class='ocr_par' dir='ltr' id='par_1_14' title="bbox 1603 3395 2912 3474">
     <span class='ocr_line' id='line_1_60' title="bbox 1603 3395 2912 3474; baseline 0.002 -21"><span class='ocrx_word' id='word_1_414' title='bbox 1603 3430 1638 3474; x_wconf 77' lang='lat' dir='ltr'>D</span> <span class='ocrx_word' id='word_1_415' title='bbox 1661 3422 1831 3466; x_wconf 78' lang='lat' dir='ltr'>cunque</span> <span class='ocrx_word' id='word_1_416' title='bbox 1852 3411 2179 3457; x_wconf 80' lang='lat' dir='ltr'>circumcidisse</span> <span class='ocrx_word' id='word_1_417' title='bbox 2197 3413 2309 3457; x_wconf 83' lang='lat' dir='ltr'>tilios</span> <span class='ocrx_word' id='word_1_418' title='bbox 2324 3425 2429 3458; x_wconf 86' lang='lat' dir='ltr'>suos</span> <span class='ocrx_word' id='word_1_419' title='bbox 2449 3413 2708 3470; x_wconf 83' lang='lat' dir='ltr'>reperissent</span> <span class='ocrx_word' id='word_1_420' title='bbox 2725 3395 2912 3467; x_wconf 72' lang='lat' dir='ltr'>suspen-‘¹</span> 
     </span>
    </p>
   </div>
   <div class='ocr_carea' id='block_1_15' title="bbox 2830 151 2924 3470">
    <p class='ocr_par' dir='ltr' id='par_1_15' title="bbox 2830 151 2924 3470">
     <span class='ocr_line' id='line_1_61' title="bbox 2838 151 2924 373; baseline 0 -143"><span class='ocrx_word' id='word_1_421' title='bbox 2838 151 2924 373; x_wconf 95' lang='lat' dir='ltr'>     </span> 
     </span>
     <span class='ocr_line' id='line_1_62' title="bbox 2852 373 2924 501; baseline 0 0"><span class='ocrx_word' id='word_1_422' title='bbox 2852 373 2924 501; x_wconf 95' lang='lat' dir='ltr'>  </span> 
     </span>
     <span class='ocr_line' id='line_1_63' title="bbox 2850 501 2924 705; baseline 0 -109"><span class='ocrx_word' id='word_1_423' title='bbox 2850 501 2924 705; x_wconf 95' lang='lat' dir='ltr'>    </span> 
     </span>
     <span class='ocr_line' id='line_1_64' title="bbox 2835 705 2924 849; baseline 0 -113"><span class='ocrx_word' id='word_1_424' title='bbox 2835 705 2924 849; x_wconf 95' lang='lat' dir='ltr'>    </span> 
     </span>
     <span class='ocr_line' id='line_1_65' title="bbox 2837 849 2924 1160; baseline 0 -136"><span class='ocrx_word' id='word_1_425' title='bbox 2837 849 2924 1160; x_wconf 95' lang='lat' dir='ltr'>   </span> 
     </span>
     <span class='ocr_line' id='line_1_66' title="bbox 2855 1160 2924 1410; baseline 0 -90"><span class='ocrx_word' id='word_1_426' title='bbox 2855 1160 2924 1410; x_wconf 95' lang='lat' dir='ltr'>   </span> 
     </span>
     <span class='ocr_line' id='line_1_67' title="bbox 2886 1410 2924 1452; baseline 0 3136"><span class='ocrx_word' id='word_1_427' title='bbox 2886 1410 2924 1452; x_wconf 95' lang='lat' dir='ltr'> </span> 
     </span>
     <span class='ocr_line' id='line_1_68' title="bbox 2830 1452 2924 1761; baseline 0 0"><span class='ocrx_word' id='word_1_428' title='bbox 2830 1452 2924 1761; x_wconf 95' lang='lat' dir='ltr'>    </span> 
     </span>
     <span class='ocr_line' id='line_1_69' title="bbox 2846 1761 2924 1983; baseline 0 -141"><span class='ocrx_word' id='word_1_429' title='bbox 2846 1761 2924 1983; x_wconf 95' lang='lat' dir='ltr'>    </span> 
     </span>
     <span class='ocr_line' id='line_1_70' title="bbox 2859 1983 2924 2104; baseline 0 0"><span class='ocrx_word' id='word_1_430' title='bbox 2859 1983 2924 2104; x_wconf 95' lang='lat' dir='ltr'>   </span> 
     </span>
     <span class='ocr_line' id='line_1_71' title="bbox 2843 2104 2924 2204; baseline 0 -20"><span class='ocrx_word' id='word_1_431' title='bbox 2843 2104 2924 2204; x_wconf 95' lang='lat' dir='ltr'>  </span> 
     </span>
     <span class='ocr_line' id='line_1_72' title="bbox 2857 2204 2924 2329; baseline 0 0"><span class='ocrx_word' id='word_1_432' title='bbox 2857 2204 2924 2329; x_wconf 95' lang='lat' dir='ltr'>  </span> 
     </span>
     <span class='ocr_line' id='line_1_73' title="bbox 2845 2329 2924 2501; baseline 0 0"><span class='ocrx_word' id='word_1_433' title='bbox 2845 2329 2924 2501; x_wconf 95' lang='lat' dir='ltr'>    </span> 
     </span>
     <span class='ocr_line' id='line_1_74' title="bbox 2895 2501 2924 2687; baseline 0 -112"><span class='ocrx_word' id='word_1_434' title='bbox 2895 2501 2924 2687; x_wconf 95' lang='lat' dir='ltr'>   </span> 
     </span>
     <span class='ocr_line' id='line_1_75' title="bbox 2877 2687 2924 2839; baseline 0 -38"><span class='ocrx_word' id='word_1_435' title='bbox 2877 2687 2924 2839; x_wconf 95' lang='lat' dir='ltr'>   </span> 
     </span>
     <span class='ocr_line' id='line_1_76' title="bbox 2869 2839 2924 3011; baseline 0 0"><span class='ocrx_word' id='word_1_436' title='bbox 2869 2839 2924 3011; x_wconf 95' lang='lat' dir='ltr'>    </span> 
     </span>
     <span class='ocr_line' id='line_1_77' title="bbox 2863 3011 2924 3280; baseline 0 -121"><span class='ocrx_word' id='word_1_437' title='bbox 2863 3011 2924 3280; x_wconf 95' lang='lat' dir='ltr'>    </span> 
     </span>
     <span class='ocr_line' id='line_1_78' title="bbox 2846 3280 2924 3470; baseline 0 -165"><span class='ocrx_word' id='word_1_438' title='bbox 2846 3280 2924 3470; x_wconf 95' lang='lat' dir='ltr'>    </span> 
     </span>
    </p>
   </div>
   <div class='ocr_carea' id='block_1_16' title="bbox 2785 82 2881 137">
    <p class='ocr_par' dir='ltr' id='par_1_16' title="bbox 2785 82 2881 137">
     <span class='ocr_line' id='line_1_79' title="bbox 2785 82 2881 137; baseline -0.021 0"><span class='ocrx_word' id='word_1_439' title='bbox 2785 82 2881 137; x_wconf 53' lang='lat' dir='ltr'>isi)v</span> 
     </span>
    </p>
   </div>
   <div class='ocr_carea' id='block_1_17' title="bbox 1650 261 2894 907">
    <p class='ocr_par' dir='ltr' id='par_1_17' title="bbox 1650 261 2903 907">
     <span class='ocr_line' id='line_1_80' title="bbox 1651 261 2844 323; baseline -0.007 -11"><span class='ocrx_word' id='word_1_440' title='bbox 1651 279 1802 313; x_wconf 83' lang='lat' dir='ltr'>rentur</span> <span class='ocrx_word' id='word_1_441' title='bbox 1826 266 2113 323; x_wconf 78' lang='lat' dir='ltr'>Antiocheni,</span> <span class='ocrx_word' id='word_1_442' title='bbox 2137 271 2180 311; x_wconf 88' lang='lat' dir='ltr'>et</span> <span class='ocrx_word' id='word_1_443' title='bbox 2211 265 2434 323; x_wconf 65' lang='lat' dir='ltr'>gymnasia</span> <span class='ocrx_word' id='word_1_444' title='bbox 2464 265 2507 307; x_wconf 89' lang='lat' dir='ltr'>ln</span> <span class='ocrx_word' id='word_1_445' title='bbox 2531 263 2688 319; x_wconf 88' lang='lat' dir='ltr'>quibus</span> <span class='ocrx_word' id='word_1_446' title='bbox 2718 261 2844 317; x_wconf 80' lang='lat' dir='ltr'>dogm</span> 
     </span>
     <span class='ocr_line' id='line_1_81' title="bbox 1652 333 2871 395; baseline -0.007 -11"><span class='ocrx_word' id='word_1_447' title='bbox 1652 341 1843 383; x_wconf 84' lang='lat' dir='ltr'>tizabant</span> <span class='ocrx_word' id='word_1_448' title='bbox 1858 340 1911 384; x_wconf 87' lang='lat' dir='ltr'>de</span> <span class='ocrx_word' id='word_1_449' title='bbox 1924 339 2009 383; x_wconf 89' lang='lat' dir='ltr'>ritu</span> <span class='ocrx_word' id='word_1_450' title='bbox 2031 339 2287 395; x_wconf 79' lang='lat' dir='ltr'>gentilitatis</span> <span class='ocrx_word' id='word_1_451' title='bbox 2315 336 2357 395; x_wconf 87' lang='grc' dir='ltr'>(Ι</span> <span class='ocrx_word' id='word_1_452' title='bbox 2363 336 2383 380; x_wconf 89' lang='lat'><em>1</em></span> <span class='ocrx_word' id='word_1_453' title='bbox 2400 334 2595 380; x_wconf 69' lang='lat' dir='ltr'>Matheo.</span> <span class='ocrx_word' id='word_1_454' title='bbox 2615 336 2691 389; x_wconf 80' lang='lat' dir='ltr'>iv)</span> <span class='ocrx_word' id='word_1_455' title='bbox 2714 333 2765 376; x_wconf 82' lang='lat' dir='ltr'>Et</span> <span class='ocrx_word' id='word_1_456' title='bbox 2781 333 2871 376; x_wconf 76' lang='lat' dir='ltr'>fec</span> 
     </span>
     <span class='ocr_line' id='line_1_82' title="bbox 1651 405 2847 469; baseline -0.008 -13"><span class='ocrx_word' id='word_1_457' title='bbox 1651 419 1753 456; x_wconf 84' lang='lat' dir='ltr'>runt</span> <span class='ocrx_word' id='word_1_458' title='bbox 1771 413 1853 458; x_wconf 83' lang='lat' dir='ltr'>sibi</span> <span class='ocrx_word' id='word_1_459' title='bbox 1876 412 2086 469; x_wconf 79' lang='lat' dir='ltr'>praeputia</span> <span class='ocrx_word' id='word_1_460' title='bbox 2102 444 2115 464; x_wconf 94' lang='lat'>,</span> <span class='ocrx_word' id='word_1_461' title='bbox 2136 412 2180 455; x_wconf 89' lang='lat' dir='ltr'>id</span> <span class='ocrx_word' id='word_1_462' title='bbox 2200 417 2267 455; x_wconf 87' lang='lat' dir='ltr'>est</span> <span class='ocrx_word' id='word_1_463' title='bbox 2301 422 2388 452; x_wconf 89' lang='lat' dir='ltr'>non</span> <span class='ocrx_word' id='word_1_464' title='bbox 2406 405 2773 451; x_wconf 81' lang='lat' dir='ltr'>circumcidebant</span> <span class='ocrx_word' id='word_1_465' title='bbox 2793 417 2847 460; x_wconf 84' lang='lat' dir='ltr'>pa</span> 
     </span>
     <span class='ocr_line' id='line_1_83' title="bbox 1653 479 2894 541; baseline -0.004 -13"><span class='ocrx_word' id='word_1_466' title='bbox 1653 487 1774 528; x_wconf 88' lang='lat' dir='ltr'>vulos</span> <span class='ocrx_word' id='word_1_467' title='bbox 1800 498 1922 539; x_wconf 86' lang='lat' dir='ltr'>suos,</span> <span class='ocrx_word' id='word_1_468' title='bbox 1944 486 2013 530; x_wconf 70' lang='lat' dir='ltr'>vei</span> <span class='ocrx_word' id='word_1_469' title='bbox 2042 486 2145 541; x_wconf 85' lang='lat' dir='ltr'>quia</span> <span class='ocrx_word' id='word_1_470' title='bbox 2179 486 2263 527; x_wconf 77' lang='lat' dir='ltr'>ritu</span> <span class='ocrx_word' id='word_1_471' title='bbox 2288 482 2644 540; x_wconf 79' lang='lat' dir='ltr'>praeputiatorum</span> <span class='ocrx_word' id='word_1_472' title='bbox 2670 479 2894 523; x_wconf 74' lang='lat' dir='ltr'>vivebant</span> 
     </span>
     <span class='ocr_line' id='line_1_84' title="bbox 1652 550 2874 616; baseline -0.007 -13"><span class='ocrx_word' id='word_1_473' title='bbox 1652 560 1826 616; x_wconf 80' lang='lat' dir='ltr'>quidam</span> <span class='ocrx_word' id='word_1_474' title='bbox 1850 566 1992 603; x_wconf 87' lang='lat' dir='ltr'>tamen</span> <span class='ocrx_word' id='word_1_475' title='bbox 2022 560 2172 602; x_wconf 83' lang='lat' dir='ltr'>volunt</span> <span class='ocrx_word' id='word_1_476' title='bbox 2187 558 2302 613; x_wconf 85' lang='lat' dir='ltr'>quod</span> <span class='ocrx_word' id='word_1_477' title='bbox 2327 555 2520 612; x_wconf 79' lang='lat' dir='ltr'>quaedam</span> <span class='ocrx_word' id='word_1_478' title='bbox 2546 552 2757 596; x_wconf 82' lang='lat' dir='ltr'>velamina</span> <span class='ocrx_word' id='word_1_479' title='bbox 2786 550 2874 596; x_wconf 69' lang='lat' dir='ltr'>fec</span> 
     </span>
     <span class='ocr_line' id='line_1_85' title="bbox 1650 623 2894 691; baseline -0.007 -13"><span class='ocrx_word' id='word_1_480' title='bbox 1650 640 1751 678; x_wconf 86' lang='lat' dir='ltr'>runt</span> <span class='ocrx_word' id='word_1_481' title='bbox 1777 632 2103 677; x_wconf 80' lang='lat' dir='ltr'>circumcisioni</span> <span class='ocrx_word' id='word_1_482' title='bbox 2143 644 2232 676; x_wconf 77' lang='lat' dir='ltr'>suae</span> <span class='ocrx_word' id='word_1_483' title='bbox 2251 663 2262 682; x_wconf 87' lang='lat'>‚</span> <span class='ocrx_word' id='word_1_484' title='bbox 2285 637 2332 674; x_wconf 87' lang='lat' dir='ltr'>ut</span> <span class='ocrx_word' id='word_1_485' title='bbox 2354 635 2396 672; x_wconf 85' lang='lat' dir='ltr'>in</span> <span class='ocrx_word' id='word_1_486' title='bbox 2420 627 2707 673; x_wconf 85' lang='lat' dir='ltr'>denudatione</span> <span class='ocrx_word' id='word_1_487' title='bbox 2736 623 2872 669; x_wconf 76' lang='lat' dir='ltr'>Graecl</span> <span class='ocrx_word' id='word_1_488' title='bbox 2892 689 2894 691; x_wconf 21' lang='grc' dir='ltr'>Ι</span> 
     </span>
     <span class='ocr_line' id='line_1_86' title="bbox 1651 695 2833 762; baseline -0.007 -14"><span class='ocrx_word' id='word_1_489' title='bbox 1651 710 1911 762; x_wconf 80' lang='lat' dir='ltr'>apparerent</span> <span class='ocrx_word' id='word_1_490' title='bbox 1930 704 2182 749; x_wconf 84' lang='lat' dir='ltr'>dissimiles.</span> <span class='ocrx_word' id='word_1_491' title='bbox 2205 699 2346 747; x_wconf 80' lang='lat' dir='ltr'>Causa</span> <span class='ocrx_word' id='word_1_492' title='bbox 2365 713 2463 744; x_wconf 83' lang='lat' dir='ltr'>vero</span> <span class='ocrx_word' id='word_1_493' title='bbox 2491 700 2619 754; x_wconf 86' lang='lat' dir='ltr'>hujus</span> <span class='ocrx_word' id='word_1_494' title='bbox 2642 696 2789 754; x_wconf 79' lang='lat' dir='ltr'>flagitii</span> <span class='ocrx_word' id='word_1_495' title='bbox 2806 695 2833 740; x_wconf 83' lang='lat' dir='ltr'>h</span> 
     </span>
     <span class='ocr_line' id='line_1_87' title="bbox 1652 764 2852 822; baseline -0.008 -3"><span class='ocrx_word' id='word_1_496' title='bbox 1652 778 1750 821; x_wconf 79' lang='lat' dir='ltr'>suit.</span> <span class='ocrx_word' id='word_1_497' title='bbox 1775 777 1909 821; x_wconf 80' lang='lat' dir='ltr'>Onias</span> <span class='ocrx_word' id='word_1_498' title='bbox 1932 777 2026 820; x_wconf 86' lang='lat' dir='ltr'>sine</span> <span class='ocrx_word' id='word_1_499' title='bbox 2050 775 2200 819; x_wconf 85' lang='lat' dir='ltr'>liberis</span> <span class='ocrx_word' id='word_1_500' title='bbox 2231 773 2341 817; x_wconf 89' lang='lat' dir='ltr'>duos</span> <span class='ocrx_word' id='word_1_501' title='bbox 2370 772 2518 815; x_wconf 82' lang='lat' dir='ltr'>habuit</span> <span class='ocrx_word' id='word_1_502' title='bbox 2551 769 2728 822; x_wconf 77' lang='lat' dir='ltr'>fratres,</span> <span class='ocrx_word' id='word_1_503' title='bbox 2749 764 2852 811; x_wconf 81' lang='lat' dir='ltr'>Jesu</span> 
     </span>
     <span class='ocr_line' id='line_1_88' title="bbox 1654 837 2882 907; baseline -0.011 -12"><span class='ocrx_word' id='word_1_504' title='bbox 1654 852 1717 895; x_wconf 86' lang='lat' dir='ltr'>vel</span> <span class='ocrx_word' id='word_1_505' title='bbox 1742 850 1895 894; x_wconf 84' lang='lat' dir='ltr'>Ouiam</span> <span class='ocrx_word' id='word_1_506' title='bbox 1925 856 1967 894; x_wconf 89' lang='lat' dir='ltr'>et</span> <span class='ocrx_word' id='word_1_507' title='bbox 1987 847 2215 899; x_wconf 66' lang='lat' dir='ltr'>«loannem,</span> <span class='ocrx_word' id='word_1_508' title='bbox 2239 845 2314 907; x_wconf 86' lang='lat' dir='ltr'>qul</span> <span class='ocrx_word' id='word_1_509' title='bbox 2338 844 2656 889; x_wconf 76' lang='lat' dir='ltr'>contendebant</span> <span class='ocrx_word' id='word_1_510' title='bbox 2679 841 2732 884; x_wconf 86' lang='lat' dir='ltr'>de</span> <span class='ocrx_word' id='word_1_511' title='bbox 2755 837 2882 896; x_wconf 77' lang='lat' dir='ltr'>pontt</span> 
     </span>
    </p>
   </div>
   <div class='ocr_carea' id='block_1_18' title="bbox 1651 1058 2901 1195">
    <p class='ocr_par' dir='ltr' id='par_1_18' title="bbox 1651 1058 2901 1195">
     <span class='ocr_line' id='line_1_89' title="bbox 1652 1058 2870 1126; baseline -0.01 -12"><span class='ocrx_word' id='word_1_512' title='bbox 1652 1073 1941 1126; x_wconf 74' lang='lat' dir='ltr'>imponerent.</span> <span class='ocrx_word' id='word_1_513' title='bbox 1963 1067 2014 1111; x_wconf 88' lang='lat' dir='ltr'>Et</span> <span class='ocrx_word' id='word_1_514' title='bbox 2038 1066 2166 1112; x_wconf 61' lang='lat' dir='ltr'>«lesus</span> <span class='ocrx_word' id='word_1_515' title='bbox 2193 1066 2332 1110; x_wconf 89' lang='lat' dir='ltr'>dictus</span> <span class='ocrx_word' id='word_1_516' title='bbox 2366 1069 2432 1108; x_wconf 86' lang='lat' dir='ltr'>est</span> <span class='ocrx_word' id='word_1_517' title='bbox 2454 1062 2601 1113; x_wconf 73' lang='lat' dir='ltr'>lason,</span> <span class='ocrx_word' id='word_1_518' title='bbox 2627 1062 2693 1103; x_wconf 71' lang='lat' dir='ltr'>vel</span> <span class='ocrx_word' id='word_1_519' title='bbox 2731 1058 2870 1104; x_wconf 84' lang='lat' dir='ltr'>Ouias.</span> 
     </span>
     <span class='ocr_line' id='line_1_90' title="bbox 1651 1138 2901 1195; baseline -0.009 -7"><span class='ocrx_word' id='word_1_520' title='bbox 1651 1145 1842 1188; x_wconf 83' lang='lat' dir='ltr'>Joannes</span> <span class='ocrx_word' id='word_1_521' title='bbox 1869 1155 1970 1187; x_wconf 84' lang='lat' dir='ltr'>vero</span> <span class='ocrx_word' id='word_1_522' title='bbox 2003 1141 2240 1186; x_wconf 81' lang='lat' dir='ltr'>Menelaus.</span> <span class='ocrx_word' id='word_1_523' title='bbox 2261 1140 2455 1195; x_wconf 83' lang='lat' dir='ltr'>Cumque</span> <span class='ocrx_word' id='word_1_524' title='bbox 2476 1138 2618 1193; x_wconf 88' lang='lat' dir='ltr'>plures</span> <span class='ocrx_word' id='word_1_525' title='bbox 2636 1139 2780 1180; x_wconf 83' lang='lat' dir='ltr'>essent</span> <span class='ocrx_word' id='word_1_526' title='bbox 2802 1147 2853 1177; x_wconf 81' lang='lat' dir='ltr'>cu</span> <span class='ocrx_word' id='word_1_527' title='bbox 2885 1146 2901 1171; x_wconf 16' lang='grc' dir='ltr'>η·</span> 
     </span>
    </p>
   </div>
   <div class='ocr_carea' id='block_1_19' title="bbox 1650 1353 2914 2366">
    <p class='ocr_par' dir='ltr' id='par_1_19' title="bbox 1650 1353 2915 2366">
     <span class='ocr_line' id='line_1_91' title="bbox 1656 1353 2906 1419; baseline -0.005 -14"><span class='ocrx_word' id='word_1_528' title='bbox 1656 1365 1822 1419; x_wconf 70' lang='lat' dir='ltr'>pabiles</span> <span class='ocrx_word' id='word_1_529' title='bbox 1854 1363 1896 1405; x_wconf 89' lang='lat' dir='ltr'>in</span> <span class='ocrx_word' id='word_1_530' title='bbox 1922 1362 2035 1411; x_wconf 89' lang='lat' dir='ltr'>cibo,</span> <span class='ocrx_word' id='word_1_531' title='bbox 2055 1368 2096 1404; x_wconf 87' lang='lat' dir='ltr'>et</span> <span class='ocrx_word' id='word_1_532' title='bbox 2110 1362 2341 1404; x_wconf 82' lang='lat' dir='ltr'>violatione</span> <span class='ocrx_word' id='word_1_533' title='bbox 2355 1357 2550 1408; x_wconf 85' lang='lat' dir='ltr'>Sabbati,</span> <span class='ocrx_word' id='word_1_534' title='bbox 2576 1363 2618 1401; x_wconf 86' lang='lat' dir='ltr'>et</span> <span class='ocrx_word' id='word_1_535' title='bbox 2635 1353 2906 1418; x_wconf 43' lang='lat' dir='ltr'>hujusmodi</span> 
     </span>
     <span class='ocr_line' id='line_1_92' title="bbox 1653 1429 2909 1495; baseline -0.003 -16"><span class='ocrx_word' id='word_1_536' title='bbox 1653 1437 1810 1482; x_wconf 86' lang='lat' dir='ltr'>Postea</span> <span class='ocrx_word' id='word_1_537' title='bbox 1845 1435 2086 1495; x_wconf 74' lang='lat' dir='ltr'>Antiochus</span> <span class='ocrx_word' id='word_1_538' title='bbox 2125 1434 2286 1478; x_wconf 73' lang='lat' dir='ltr'>amovit</span> <span class='ocrx_word' id='word_1_539' title='bbox 2347 1433 2553 1477; x_wconf 74' lang='lat' dir='ltr'>Iasonem</span> <span class='ocrx_word' id='word_1_540' title='bbox 2576 1465 2587 1483; x_wconf 97' lang='lat'>,</span> <span class='ocrx_word' id='word_1_541' title='bbox 2637 1437 2682 1476; x_wconf 87' lang='lat' dir='ltr'>et</span> <span class='ocrx_word' id='word_1_542' title='bbox 2722 1429 2909 1476; x_wconf 81' lang='lat' dir='ltr'>elevavi·-</span> 
     </span>
     <span class='ocr_line' id='line_1_93' title="bbox 1656 1495 2914 1563; baseline -0.006 -9"><span class='ocrx_word' id='word_1_543' title='bbox 1656 1511 1931 1554; x_wconf 74' lang='lat' dir='ltr'>Menelaum&#39;.</span> <span class='ocrx_word' id='word_1_544' title='bbox 1977 1508 2060 1563; x_wconf 84' lang='lat' dir='ltr'>Qui</span> <span class='ocrx_word' id='word_1_545' title='bbox 2110 1515 2286 1553; x_wconf 85' lang='lat' dir='ltr'>secutus</span> <span class='ocrx_word' id='word_1_546' title='bbox 2319 1514 2387 1552; x_wconf 89' lang='lat' dir='ltr'>est</span> <span class='ocrx_word' id='word_1_547' title='bbox 2437 1505 2590 1550; x_wconf 81' lang='lat' dir='ltr'>Oniam</span> <span class='ocrx_word' id='word_1_548' title='bbox 2648 1505 2692 1548; x_wconf 81' lang='lat' dir='ltr'>in</span> <span class='ocrx_word' id='word_1_549' title='bbox 2752 1495 2914 1547; x_wconf 82' lang='lat' dir='ltr'>Antio</span> 
     </span>
     <span class='ocr_line' id='line_1_94' title="bbox 1655 1578 2882 1630; baseline -0.007 0"><span class='ocrx_word' id='word_1_550' title='bbox 1655 1585 1812 1630; x_wconf 80' lang='lat' dir='ltr'>chiam.</span> <span class='ocrx_word' id='word_1_551' title='bbox 1839 1582 1920 1627; x_wconf 88' lang='lat' dir='ltr'>Hic</span> <span class='ocrx_word' id='word_1_552' title='bbox 1965 1583 2080 1627; x_wconf 88' lang='lat' dir='ltr'>enim</span> <span class='ocrx_word' id='word_1_553' title='bbox 2125 1594 2225 1626; x_wconf 90' lang='lat' dir='ltr'>cum</span> <span class='ocrx_word' id='word_1_554' title='bbox 2263 1581 2443 1624; x_wconf 82' lang='lat' dir='ltr'>vidisset</span> <span class='ocrx_word' id='word_1_555' title='bbox 2484 1580 2651 1623; x_wconf 78' lang='lat' dir='ltr'>facinus</span> <span class='ocrx_word' id='word_1_556' title='bbox 2701 1578 2838 1621; x_wconf 74' lang='lat' dir='ltr'>iratru</span> <span class='ocrx_word' id='word_1_557' title='bbox 2878 1622 2882 1623; x_wconf 18' lang='lat'><em>⁷</em></span> 
     </span>
     <span class='ocr_line' id='line_1_95' title="bbox 1655 1649 2905 1710; baseline -0.008 -9"><span class='ocrx_word' id='word_1_558' title='bbox 1655 1657 1944 1702; x_wconf 79' lang='lat' dir='ltr'>descenderat</span> <span class='ocrx_word' id='word_1_559' title='bbox 1989 1655 2041 1698; x_wconf 85' lang='lat' dir='ltr'>ad</span> <span class='ocrx_word' id='word_1_560' title='bbox 2075 1667 2237 1710; x_wconf 82' lang='lat' dir='ltr'>regem,</span> <span class='ocrx_word' id='word_1_561' title='bbox 2283 1654 2320 1698; x_wconf 92' lang='lat' dir='ltr'>si</span> <span class='ocrx_word' id='word_1_562' title='bbox 2361 1659 2504 1708; x_wconf 87' lang='lat' dir='ltr'>posset</span> <span class='ocrx_word' id='word_1_563' title='bbox 2527 1657 2694 1695; x_wconf 80' lang='lat' dir='ltr'>mutare</span> <span class='ocrx_word' id='word_1_564' title='bbox 2715 1649 2828 1694; x_wconf 82' lang='lat' dir='ltr'>anim</span> <span class='ocrx_word' id='word_1_565' title='bbox 2890 1652 2905 1679; x_wconf 86' lang='lat'>.·</span> 
     </span>
     <span class='ocr_line' id='line_1_96' title="bbox 1655 1711 2892 1786; baseline -0.008 -13"><span class='ocrx_word' id='word_1_566' title='bbox 1655 1730 1786 1786; x_wconf 85' lang='lat' dir='ltr'>regis.</span> <span class='ocrx_word' id='word_1_567' title='bbox 1806 1727 1929 1782; x_wconf 82' lang='lat' dir='ltr'>Quod</span> <span class='ocrx_word' id='word_1_568' title='bbox 1955 1740 2054 1771; x_wconf 88' lang='lat' dir='ltr'>cum</span> <span class='ocrx_word' id='word_1_569' title='bbox 2079 1726 2295 1782; x_wconf 85' lang='lat' dir='ltr'>nequiret,</span> <span class='ocrx_word' id='word_1_570' title='bbox 2320 1724 2497 1769; x_wconf 89' lang='lat' dir='ltr'>sedebat</span> <span class='ocrx_word' id='word_1_571' title='bbox 2528 1724 2571 1766; x_wconf 89' lang='lat' dir='ltr'>in</span> <span class='ocrx_word' id='word_1_572' title='bbox 2595 1721 2823 1766; x_wconf 76' lang='lat' dir='ltr'>Antiochia</span> <span class='ocrx_word' id='word_1_573' title='bbox 2886 1711 2892 1716; x_wconf 65' lang='grc'><strong><em>’</em></strong></span> 
     </span>
     <span class='ocr_line' id='line_1_97' title="bbox 1656 1794 2869 1860; baseline -0.006 -15"><span class='ocrx_word' id='word_1_574' title='bbox 1656 1803 1790 1860; x_wconf 84' lang='lat' dir='ltr'>asylo.</span> <span class='ocrx_word' id='word_1_575' title='bbox 1818 1801 1870 1845; x_wconf 87' lang='lat' dir='ltr'>Et</span> <span class='ocrx_word' id='word_1_576' title='bbox 1888 1801 2066 1846; x_wconf 73' lang='lat' dir='ltr'>veniens</span> <span class='ocrx_word' id='word_1_577' title='bbox 2116 1806 2214 1856; x_wconf 91' lang='lat' dir='ltr'>post</span> <span class='ocrx_word' id='word_1_578' title='bbox 2247 1812 2346 1843; x_wconf 86' lang='lat' dir='ltr'>eum</span> <span class='ocrx_word' id='word_1_579' title='bbox 2390 1797 2626 1846; x_wconf 82' lang='lat' dir='ltr'>Menelaus,</span> <span class='ocrx_word' id='word_1_580' title='bbox 2653 1795 2794 1841; x_wconf 84' lang='lat' dir='ltr'>suasit</span> <span class='ocrx_word' id='word_1_581' title='bbox 2815 1794 2869 1838; x_wconf 76' lang='lat' dir='ltr'>A</span> 
     </span>
     <span class='ocr_line' id='line_1_98' title="bbox 1655 1869 2880 1927; baseline -0.009 -8"><span class='ocrx_word' id='word_1_582' title='bbox 1655 1874 1868 1927; x_wconf 70' lang='lat' dir='ltr'>dremne,</span> <span class='ocrx_word' id='word_1_583' title='bbox 1894 1882 1941 1917; x_wconf 89' lang='lat' dir='ltr'>ut</span> <span class='ocrx_word' id='word_1_584' title='bbox 1965 1873 2183 1917; x_wconf 82' lang='lat' dir='ltr'>occideret</span> <span class='ocrx_word' id='word_1_585' title='bbox 2219 1871 2427 1917; x_wconf 78' lang='lat' dir='ltr'>Oniam&#39;&#39;.</span> <span class='ocrx_word' id='word_1_586' title='bbox 2459 1869 2542 1924; x_wconf 77' lang='lat' dir='ltr'>Qui</span> <span class='ocrx_word' id='word_1_587' title='bbox 2583 1882 2771 1914; x_wconf 77' lang='lat' dir='ltr'>evocans</span> <span class='ocrx_word' id='word_1_588' title='bbox 2810 1881 2880 1910; x_wconf 88' lang='lat' dir='ltr'>eu</span> 
     </span>
     <span class='ocr_line' id='line_1_99' title="bbox 1654 1945 2899 2006; baseline -0.009 -12"><span class='ocrx_word' id='word_1_589' title='bbox 1654 1949 1708 1994; x_wconf 87' lang='lat' dir='ltr'>de</span> <span class='ocrx_word' id='word_1_590' title='bbox 1747 1950 1867 2006; x_wconf 85' lang='lat' dir='ltr'>asylo</span> <span class='ocrx_word' id='word_1_591' title='bbox 1915 1949 2074 1992; x_wconf 82' lang='lat' dir='ltr'>occidit</span> <span class='ocrx_word' id='word_1_592' title='bbox 2118 1959 2235 1992; x_wconf 83' lang='lat' dir='ltr'>eum.</span> <span class='ocrx_word' id='word_1_593' title='bbox 2275 1945 2327 1989; x_wconf 82' lang='lat' dir='ltr'>Et</span> <span class='ocrx_word' id='word_1_594' title='bbox 2370 1947 2506 1989; x_wconf 87' lang='lat' dir='ltr'>iratus</span> <span class='ocrx_word' id='word_1_595' title='bbox 2539 1956 2612 1987; x_wconf 78' lang='lat' dir='ltr'>rex</span> <span class='ocrx_word' id='word_1_596' title='bbox 2651 1955 2732 1999; x_wconf 89' lang='lat' dir='ltr'>pro</span> <span class='ocrx_word' id='word_1_597' title='bbox 2769 1954 2853 1986; x_wconf 71' lang='lat' dir='ltr'>mox</span> <span class='ocrx_word' id='word_1_598' title='bbox 2897 1972 2899 1975; x_wconf 76' lang='lat'><em>.</em></span> 
     </span>
     <span class='ocr_line' id='line_1_100' title="bbox 1650 2013 2859 2079; baseline -0.009 -13"><span class='ocrx_word' id='word_1_599' title='bbox 1650 2023 1790 2079; x_wconf 82' lang='lat' dir='ltr'>justi,</span> <span class='ocrx_word' id='word_1_600' title='bbox 1825 2022 2124 2066; x_wconf 83' lang='lat' dir='ltr'>Andronicum</span> <span class='ocrx_word' id='word_1_601' title='bbox 2166 2018 2287 2063; x_wconf 83' lang='lat' dir='ltr'>exuit</span> <span class='ocrx_word' id='word_1_602' title='bbox 2331 2027 2554 2074; x_wconf 86' lang='lat' dir='ltr'>purpura,</span> <span class='ocrx_word' id='word_1_603' title='bbox 2579 2021 2621 2059; x_wconf 85' lang='lat' dir='ltr'>et</span> <span class='ocrx_word' id='word_1_604' title='bbox 2645 2013 2859 2070; x_wconf 79' lang='lat' dir='ltr'>flagellato</span> 
     </span>
     <span class='ocr_line' id='line_1_101' title="bbox 1654 2085 2882 2151; baseline -0.01 -12"><span class='ocrx_word' id='word_1_605' title='bbox 1654 2106 1731 2151; x_wconf 82' lang='lat' dir='ltr'>per</span> <span class='ocrx_word' id='word_1_606' title='bbox 1745 2094 1984 2146; x_wconf 82' lang='lat' dir='ltr'>civitatem,</span> <span class='ocrx_word' id='word_1_607' title='bbox 2008 2094 2053 2137; x_wconf 88' lang='lat' dir='ltr'>in</span> <span class='ocrx_word' id='word_1_608' title='bbox 2091 2091 2243 2136; x_wconf 87' lang='lat' dir='ltr'>eodem</span> <span class='ocrx_word' id='word_1_609' title='bbox 2263 2091 2359 2133; x_wconf 90' lang='lat' dir='ltr'>loco</span> <span class='ocrx_word' id='word_1_610' title='bbox 2384 2089 2488 2134; x_wconf 76' lang='lat' dir='ltr'>tecit</span> <span class='ocrx_word' id='word_1_611' title='bbox 2520 2087 2722 2138; x_wconf 80' lang='lat' dir='ltr'>interfici,</span> <span class='ocrx_word' id='word_1_612' title='bbox 2747 2086 2819 2130; x_wconf 87' lang='lat' dir='ltr'>ubi</span> <span class='ocrx_word' id='word_1_613' title='bbox 2835 2085 2882 2128; x_wconf 54' lang='lat' dir='ltr'>il*</span> 
     </span>
     <span class='ocr_line' id='line_1_102' title="bbox 1654 2160 2908 2218; baseline -0.005 -7"><span class='ocrx_word' id='word_1_614' title='bbox 1654 2168 1873 2211; x_wconf 80' lang='lat' dir='ltr'>occiderat</span> <span class='ocrx_word' id='word_1_615' title='bbox 1889 2165 2211 2211; x_wconf 82' lang='lat' dir='ltr'>Ouiam.Pori·o</span> <span class='ocrx_word' id='word_1_616' title='bbox 2225 2163 2481 2214; x_wconf 78' lang='lat' dir='ltr'>Antiochus,</span> <span class='ocrx_word' id='word_1_617' title='bbox 2507 2174 2604 2206; x_wconf 84' lang='lat' dir='ltr'>eum</span> <span class='ocrx_word' id='word_1_618' title='bbox 2625 2160 2840 2218; x_wconf 79' lang='lat' dir='ltr'>percussis</span> <span class='ocrx_word' id='word_1_619' title='bbox 2875 2177 2908 2197; x_wconf 50' lang='grc' dir='ltr'>·-Ἰ</span> 
     </span>
     <span class='ocr_line' id='line_1_103' title="bbox 1654 2235 2873 2298; baseline -0.006 -14"><span class='ocrx_word' id='word_1_620' title='bbox 1654 2240 1906 2298; x_wconf 77' lang='lat' dir='ltr'>AEgypmm,</span> <span class='ocrx_word' id='word_1_621' title='bbox 1963 2239 2009 2283; x_wconf 91' lang='lat' dir='ltr'>ln</span> <span class='ocrx_word' id='word_1_622' title='bbox 2041 2240 2142 2284; x_wconf 89' lang='lat' dir='ltr'>dolo</span> <span class='ocrx_word' id='word_1_623' title='bbox 2182 2238 2376 2283; x_wconf 80' lang='lat' dir='ltr'>aseendit</span> <span class='ocrx_word' id='word_1_624' title='bbox 2414 2237 2457 2280; x_wconf 90' lang='lat' dir='ltr'>in</span> <span class='ocrx_word' id='word_1_625' title='bbox 2481 2235 2736 2286; x_wconf 83' lang='lat' dir='ltr'>Jerusalem,</span> <span class='ocrx_word' id='word_1_626' title='bbox 2763 2239 2807 2278; x_wconf 86' lang='lat' dir='ltr'>et</span> <span class='ocrx_word' id='word_1_627' title='bbox 2829 2246 2873 2290; x_wconf 87' lang='lat' dir='ltr'>p</span> 
     </span>
     <span class='ocr_line' id='line_1_104' title="bbox 1654 2307 2905 2366; baseline -0.008 -7"><span class='ocrx_word' id='word_1_628' title='bbox 1654 2315 1892 2366; x_wconf 86' lang='lat' dir='ltr'>divisione,</span> <span class='ocrx_word' id='word_1_629' title='bbox 1924 2313 1966 2358; x_wconf 89' lang='lat' dir='ltr'>id</span> <span class='ocrx_word' id='word_1_630' title='bbox 1990 2321 2058 2358; x_wconf 87' lang='lat' dir='ltr'>est</span> <span class='ocrx_word' id='word_1_631' title='bbox 2083 2314 2357 2358; x_wconf 85' lang='lat' dir='ltr'>dissensione</span> <span class='ocrx_word' id='word_1_632' title='bbox 2377 2311 2539 2356; x_wconf 77' lang='lat' dir='ltr'>civium</span> <span class='ocrx_word' id='word_1_633' title='bbox 2572 2309 2627 2354; x_wconf 90' lang='lat' dir='ltr'>ad</span> <span class='ocrx_word' id='word_1_634' title='bbox 2651 2309 2816 2354; x_wconf 87' lang='lat' dir='ltr'>libitum</span> <span class='ocrx_word' id='word_1_635' title='bbox 2847 2307 2878 2352; x_wconf 80' lang='lat' dir='ltr'>l&#39;·</span> <span class='ocrx_word' id='word_1_636' title='bbox 2900 2344 2905 2348; x_wconf 75' lang='grc'><strong>,</strong></span> 
     </span>
    </p>
   </div>
   <div class='ocr_carea' id='block_1_20' title="bbox 1655 2457 2910 3422">
    <p class='ocr_par' dir='ltr' id='par_1_20' title="bbox 1655 2457 2910 3395">
     <span class='ocr_line' id='line_1_105' title="bbox 1656 2457 2843 2517; baseline -0.004 -12"><span class='ocrx_word' id='word_1_637' title='bbox 1656 2463 1799 2506; x_wconf 87' lang='lat' dir='ltr'>omnis</span> <span class='ocrx_word' id='word_1_638' title='bbox 1821 2467 1954 2506; x_wconf 82' lang='lat' dir='ltr'>terra.</span> <span class='ocrx_word' id='word_1_639' title='bbox 1976 2462 2171 2517; x_wconf 83' lang='lat' dir='ltr'>Cumque</span> <span class='ocrx_word' id='word_1_640' title='bbox 2191 2460 2393 2505; x_wconf 83' lang='lat' dir='ltr'>rediisset</span> <span class='ocrx_word' id='word_1_641' title='bbox 2412 2460 2456 2503; x_wconf 89' lang='lat' dir='ltr'>in</span> <span class='ocrx_word' id='word_1_642' title='bbox 2472 2457 2705 2515; x_wconf 76' lang='lat' dir='ltr'>AEgyptum</span> <span class='ocrx_word' id='word_1_643' title='bbox 2726 2461 2772 2501; x_wconf 82' lang='lat' dir='ltr'>et</span> <span class='ocrx_word' id='word_1_644' title='bbox 2795 2469 2843 2501; x_wconf 86' lang='lat' dir='ltr'>es</span> 
     </span>
     <span class='ocr_line' id='line_1_106' title="bbox 1657 2531 2905 2592; baseline -0.004 -14"><span class='ocrx_word' id='word_1_645' title='bbox 1657 2536 1860 2592; x_wconf 84' lang='lat' dir='ltr'>repulsus</span> <span class='ocrx_word' id='word_1_646' title='bbox 1897 2548 1976 2591; x_wconf 85' lang='lat' dir='ltr'>per</span> <span class='ocrx_word' id='word_1_647' title='bbox 2007 2536 2185 2579; x_wconf 86' lang='lat' dir='ltr'>nuntios</span> <span class='ocrx_word' id='word_1_648' title='bbox 2210 2534 2523 2583; x_wconf 84' lang='lat' dir='ltr'>Romanorum,</span> <span class='ocrx_word' id='word_1_649' title='bbox 2565 2537 2664 2589; x_wconf 84' lang='lat' dir='ltr'>post</span> <span class='ocrx_word' id='word_1_650' title='bbox 2685 2531 2905 2575; x_wconf 87' lang='lat' dir='ltr'>bienniun</span> 
     </span>
     <span class='ocr_line' id='line_1_107' title="bbox 1655 2603 2895 2659; baseline -0.002 -11"><span class='ocrx_word' id='word_1_651' title='bbox 1655 2605 1785 2651; x_wconf 88' lang='lat' dir='ltr'>rediit</span> <span class='ocrx_word' id='word_1_652' title='bbox 1808 2606 1853 2650; x_wconf 90' lang='lat' dir='ltr'>in</span> <span class='ocrx_word' id='word_1_653' title='bbox 1884 2605 2122 2651; x_wconf 83' lang='lat' dir='ltr'>Jerusalem</span> <span class='ocrx_word' id='word_1_654' title='bbox 2147 2606 2190 2649; x_wconf 89' lang='lat' dir='ltr'>in</span> <span class='ocrx_word' id='word_1_655' title='bbox 2226 2605 2371 2650; x_wconf 73' lang='lat' dir='ltr'>surore</span> <span class='ocrx_word' id='word_1_656' title='bbox 2391 2608 2459 2650; x_wconf 81' lang='grc'>“·.</span> <span class='ocrx_word' id='word_1_657' title='bbox 2502 2603 2555 2647; x_wconf 87' lang='lat' dir='ltr'>Et</span> <span class='ocrx_word' id='word_1_658' title='bbox 2589 2608 2853 2659; x_wconf 82' lang='lat' dir='ltr'>aperuerunt</span> <span class='ocrx_word' id='word_1_659' title='bbox 2870 2614 2895 2646; x_wconf 93' lang='lat' dir='ltr'>e</span> 
     </span>
     <span class='ocr_line' id='line_1_108' title="bbox 1655 2671 2901 2738; baseline -0.005 -15"><span class='ocrx_word' id='word_1_660' title='bbox 1655 2688 1804 2738; x_wconf 83' lang='lat' dir='ltr'>portas</span> <span class='ocrx_word' id='word_1_661' title='bbox 1828 2680 2021 2725; x_wconf 69' lang='lat' dir='ltr'>faventes</span> <span class='ocrx_word' id='word_1_662' title='bbox 2038 2680 2139 2724; x_wconf 85' lang='lat' dir='ltr'>sibi.</span> <span class='ocrx_word' id='word_1_663' title='bbox 2168 2678 2220 2722; x_wconf 88' lang='lat' dir='ltr'>Et</span> <span class='ocrx_word' id='word_1_664' title='bbox 2245 2678 2461 2723; x_wconf 82' lang='lat' dir='ltr'>interemit</span> <span class='ocrx_word' id='word_1_665' title='bbox 2482 2677 2699 2725; x_wconf 68' lang='lat' dir='ltr'>couti-ania</span> <span class='ocrx_word' id='word_1_666' title='bbox 2721 2671 2901 2721; x_wconf 64' lang='lat' dir='ltr'>sentien&#39;</span> 
     </span>
     <span class='ocr_line' id='line_1_109' title="bbox 1658 2751 2873 2810; baseline -0.005 -12"><span class='ocrx_word' id='word_1_667' title='bbox 1658 2760 1741 2807; x_wconf 79' lang='lat' dir='ltr'>tes,</span> <span class='ocrx_word' id='word_1_668' title='bbox 1763 2759 1809 2798; x_wconf 87' lang='lat' dir='ltr'>et</span> <span class='ocrx_word' id='word_1_669' title='bbox 1832 2754 2093 2810; x_wconf 83' lang='lat' dir='ltr'>exspoliavit</span> <span class='ocrx_word' id='word_1_670' title='bbox 2128 2754 2355 2810; x_wconf 87' lang='lat' dir='ltr'>templum,</span> <span class='ocrx_word' id='word_1_671' title='bbox 2393 2751 2586 2797; x_wconf 81' lang='lat' dir='ltr'>Menelao</span> <span class='ocrx_word' id='word_1_672' title='bbox 2612 2751 2810 2802; x_wconf 78' lang='lat' dir='ltr'>ductore,</span> <span class='ocrx_word' id='word_1_673' title='bbox 2828 2756 2873 2792; x_wconf 85' lang='lat' dir='ltr'>to</span> 
     </span>
     <span class='ocr_line' id='line_1_110' title="bbox 1657 2825 2890 2878; baseline -0.002 -10"><span class='ocrx_word' id='word_1_674' title='bbox 1657 2826 1752 2874; x_wconf 83' lang='lat' dir='ltr'>lens</span> <span class='ocrx_word' id='word_1_675' title='bbox 1774 2837 1879 2871; x_wconf 82' lang='lat' dir='ltr'>vasa</span> <span class='ocrx_word' id='word_1_676' title='bbox 1903 2831 1947 2871; x_wconf 89' lang='lat' dir='ltr'>et</span> <span class='ocrx_word' id='word_1_677' title='bbox 1972 2827 2191 2878; x_wconf 84' lang='lat' dir='ltr'>lucernas,</span> <span class='ocrx_word' id='word_1_678' title='bbox 2213 2838 2408 2870; x_wconf 86' lang='lat' dir='ltr'>mensam</span> <span class='ocrx_word' id='word_1_679' title='bbox 2430 2833 2474 2870; x_wconf 89' lang='lat' dir='ltr'>et</span> <span class='ocrx_word' id='word_1_680' title='bbox 2495 2825 2754 2876; x_wconf 79' lang='lat' dir='ltr'>sacrariam,</span> <span class='ocrx_word' id='word_1_681' title='bbox 2778 2828 2890 2868; x_wconf 84' lang='lat' dir='ltr'>etur</span> 
     </span>
     <span class='ocr_line' id='line_1_111' title="bbox 1657 2888 2890 2958; baseline -0.004 -15"><span class='ocrx_word' id='word_1_682' title='bbox 1657 2911 1758 2943; x_wconf 86' lang='lat' dir='ltr'>nam</span> <span class='ocrx_word' id='word_1_683' title='bbox 1770 2911 1963 2945; x_wconf 83' lang='lat' dir='ltr'>auream.</span> <span class='ocrx_word' id='word_1_684' title='bbox 1983 2900 2322 2956; x_wconf 81' lang='lat' dir='ltr'>Avelisquoque</span> <span class='ocrx_word' id='word_1_685' title='bbox 2340 2910 2424 2942; x_wconf 87' lang='lat' dir='ltr'>non</span> <span class='ocrx_word' id='word_1_686' title='bbox 2446 2888 2740 2942; x_wconf 61' lang='lat' dir='ltr'>abstinuitss‘tit</span> <span class='ocrx_word' id='word_1_687' title='bbox 2767 2894 2890 2958; x_wconf 75' lang='lat' dir='ltr'>posui</span> 
     </span>
     <span class='ocr_line' id='line_1_112' title="bbox 1661 2968 2909 3031; baseline -0.004 -14"><span class='ocrx_word' id='word_1_688' title='bbox 1661 2973 1704 3018; x_wconf 85' lang='lat' dir='ltr'>in</span> <span class='ocrx_word' id='word_1_689' title='bbox 1750 2973 1914 3030; x_wconf 86' lang='lat' dir='ltr'>templo</span> <span class='ocrx_word' id='word_1_690' title='bbox 1941 2973 2105 3018; x_wconf 86' lang='lat' dir='ltr'>idolum</span> <span class='ocrx_word' id='word_1_691' title='bbox 2143 2972 2263 3018; x_wconf 82' lang='lat' dir='ltr'>Jovis</span> <span class='ocrx_word' id='word_1_692' title='bbox 2302 2971 2532 3030; x_wconf 79' lang='lat' dir='ltr'>Olympici,</span> <span class='ocrx_word' id='word_1_693' title='bbox 2555 2971 2625 3015; x_wconf 70' lang='lat' dir='ltr'>⁴vel</span> <span class='ocrx_word' id='word_1_694' title='bbox 2665 2968 2882 3026; x_wconf 85' lang='lat' dir='ltr'>hospitali</span> <span class='ocrx_word' id='word_1_695' title='bbox 2900 2982 2909 3031; x_wconf 72' lang='lat' dir='ltr'>j</span> 
     </span>
     <span class='ocr_line' id='line_1_113' title="bbox 1656 3042 2906 3105; baseline -0.003 -13"><span class='ocrx_word' id='word_1_696' title='bbox 1656 3047 1725 3092; x_wconf 85' lang='lat' dir='ltr'>vel</span> <span class='ocrx_word' id='word_1_697' title='bbox 1747 3047 1983 3105; x_wconf 76' lang='lat' dir='ltr'>peregrini.</span> <span class='ocrx_word' id='word_1_698' title='bbox 2022 3047 2279 3092; x_wconf 86' lang='lat' dir='ltr'>Oblationes</span> <span class='ocrx_word' id='word_1_699' title='bbox 2314 3045 2527 3092; x_wconf 75' lang='lat' dir='ltr'>Mosaicas</span> <span class='ocrx_word' id='word_1_700' title='bbox 2555 3044 2646 3089; x_wconf 81' lang='lat' dir='ltr'>lieri</span> <span class='ocrx_word' id='word_1_701' title='bbox 2670 3042 2906 3103; x_wconf 78' lang='lat' dir='ltr'>probibuit</span> 
     </span>
     <span class='ocr_line' id='line_1_114' title="bbox 1659 3117 2843 3171; baseline -0.001 -9"><span class='ocrx_word' id='word_1_702' title='bbox 1659 3120 1795 3165; x_wconf 86' lang='lat' dir='ltr'>altare</span> <span class='ocrx_word' id='word_1_703' title='bbox 1829 3132 1990 3164; x_wconf 66' lang='lat' dir='ltr'>cereum</span> <span class='ocrx_word' id='word_1_704' title='bbox 2013 3131 2239 3171; x_wconf 83' lang='lat' dir='ltr'>amovens,</span> <span class='ocrx_word' id='word_1_705' title='bbox 2254 3124 2483 3163; x_wconf 85' lang='lat' dir='ltr'>etcarnem</span> <span class='ocrx_word' id='word_1_706' title='bbox 2508 3117 2678 3162; x_wconf 83' lang='lat' dir='ltr'>suillam</span> <span class='ocrx_word' id='word_1_707' title='bbox 2699 3117 2843 3170; x_wconf 84' lang='lat' dir='ltr'>edere,</span> 
     </span>
     <span class='ocr_line' id='line_1_115' title="bbox 1661 3189 2879 3254; baseline 0.001 -20"><span class='ocrx_word' id='word_1_708' title='bbox 1661 3191 1778 3236; x_wconf 90' lang='lat' dir='ltr'>idolo</span> <span class='ocrx_word' id='word_1_709' title='bbox 1803 3194 2030 3238; x_wconf 83' lang='lat' dir='ltr'>immolare</span> <span class='ocrx_word' id='word_1_710' title='bbox 2054 3193 2194 3250; x_wconf 76' lang='lat' dir='ltr'>coegit</span> <span class='ocrx_word' id='word_1_711' title='bbox 2213 3192 2403 3243; x_wconf 83' lang='lat' dir='ltr'>Judaeos,</span> <span class='ocrx_word' id='word_1_712' title='bbox 2418 3202 2647 3247; x_wconf 79' lang='lat' dir='ltr'>arcemque</span> <span class='ocrx_word' id='word_1_713' title='bbox 2663 3189 2879 3254; x_wconf 57' lang='lat' dir='ltr'>muniviti</span> 
     </span>
     <span class='ocr_line' id='line_1_116' title="bbox 1659 3259 2903 3325; baseline -0.002 -15"><span class='ocrx_word' id='word_1_714' title='bbox 1659 3265 1997 3320; x_wconf 84' lang='lat' dir='ltr'>civitateDavid,</span> <span class='ocrx_word' id='word_1_715' title='bbox 2018 3268 2159 3324; x_wconf 87' lang='lat' dir='ltr'>inqua</span> <span class='ocrx_word' id='word_1_716' title='bbox 2185 3268 2329 3324; x_wconf 91' lang='lat' dir='ltr'>posuit</span> <span class='ocrx_word' id='word_1_717' title='bbox 2345 3266 2594 3324; x_wconf 77' lang='lat' dir='ltr'>praesidium</span> <span class='ocrx_word' id='word_1_718' title='bbox 2609 3263 2844 3325; x_wconf 70' lang='lat' dir='ltr'>Macedone</span> <span class='ocrx_word' id='word_1_719' title='bbox 2893 3259 2903 3274; x_wconf 66' lang='lat'><strong>²</strong></span> 
     </span>
     <span class='ocr_line' id='line_1_117' title="bbox 1659 3335 2910 3422; baseline 0.002 -43"><span class='ocrx_word' id='word_1_720' title='bbox 1659 3337 1733 3393; x_wconf 87' lang='lat' dir='ltr'>qui</span> <span class='ocrx_word' id='word_1_721' title='bbox 1756 3335 1918 3382; x_wconf 83' lang='lat' dir='ltr'>Judoeis</span> <span class='ocrx_word' id='word_1_722' title='bbox 1939 3345 2062 3382; x_wconf 83' lang='lat' dir='ltr'>erant</span> <span class='ocrx_word' id='word_1_723' title='bbox 2088 3339 2131 3382; x_wconf 89' lang='lat' dir='ltr'>in</span> <span class='ocrx_word' id='word_1_724' title='bbox 2152 3339 2358 3385; x_wconf 85' lang='lat' dir='ltr'>omnibus</span> <span class='ocrx_word' id='word_1_725' title='bbox 2375 3338 2620 3384; x_wconf 87' lang='lat' dir='ltr'>inhumani.</span> <span class='ocrx_word' id='word_1_726' title='bbox 2642 3336 2751 3382; x_wconf 88' lang='lat' dir='ltr'>Nam</span> <span class='ocrx_word' id='word_1_727' title='bbox 2775 3340 2910 3422; x_wconf 62' lang='lat' dir='ltr'>quos:</span> 
     </span>
    </p>
   </div>
   <div class='ocr_carea' id='block_1_21' title="bbox 1662 3470 2924 4488">
    <p class='ocr_par' dir='ltr' id='par_1_21' title="bbox 1662 3470 2924 4488">
     <span class='ocr_line' id='line_1_118' title="bbox 1662 3470 2911 3550; baseline 0.001 -23"><span class='ocrx_word' id='word_1_728' title='bbox 1662 3484 1838 3536; x_wconf 81' lang='lat' dir='ltr'>debant.</span> <span class='ocrx_word' id='word_1_729' title='bbox 1861 3491 1903 3529; x_wconf 86' lang='lat' dir='ltr'>et</span> <span class='ocrx_word' id='word_1_730' title='bbox 1920 3486 2121 3542; x_wconf 77' lang='lat' dir='ltr'>parvulos</span> <span class='ocrx_word' id='word_1_731' title='bbox 2147 3486 2200 3529; x_wconf 87' lang='lat' dir='ltr'>ad</span> <span class='ocrx_word' id='word_1_732' title='bbox 2218 3487 2327 3531; x_wconf 84' lang='lat' dir='ltr'>colla</span> <span class='ocrx_word' id='word_1_733' title='bbox 2353 3499 2503 3531; x_wconf 87' lang='lat' dir='ltr'>eorum</span> <span class='ocrx_word' id='word_1_734' title='bbox 2519 3484 2589 3542; x_wconf 76' lang='lat'>(11</span> <span class='ocrx_word' id='word_1_735' title='bbox 2608 3483 2804 3528; x_wconf 75' lang='lat' dir='ltr'>Hachab.</span> <span class='ocrx_word' id='word_1_736' title='bbox 2826 3470 2911 3550; x_wconf 52' lang='lat' dir='ltr'>vti}</span> 
     </span>
     <span class='ocr_line' id='line_1_119' title="bbox 1662 3548 2924 3622; baseline 0.002 -24"><span class='ocrx_word' id='word_1_737' title='bbox 1662 3553 1870 3600; x_wconf 75' lang='lat' dir='ltr'>videntes</span> <span class='ocrx_word' id='word_1_738' title='bbox 1893 3563 2038 3602; x_wconf 78' lang='lat' dir='ltr'>autem</span> <span class='ocrx_word' id='word_1_739' title='bbox 2055 3548 2280 3602; x_wconf 69' lang='lat' dir='ltr'>samarit-‘e</span> <span class='ocrx_word' id='word_1_740' title='bbox 2298 3557 2472 3602; x_wconf 70' lang='lat' dir='ltr'>ludaeos</span> <span class='ocrx_word' id='word_1_741' title='bbox 2499 3557 2592 3601; x_wconf 83' lang='lat' dir='ltr'>haec</span> <span class='ocrx_word' id='word_1_742' title='bbox 2609 3557 2715 3614; x_wconf 83' lang='lat' dir='ltr'>pati,</span> <span class='ocrx_word' id='word_1_743' title='bbox 2733 3556 2788 3600; x_wconf 89' lang='lat' dir='ltr'>de</span> <span class='ocrx_word' id='word_1_744' title='bbox 2801 3559 2924 3622; x_wconf 51' lang='lat' dir='ltr'>con}</span> 
     </span>
     <span class='ocr_line' id='line_1_120' title="bbox 1664 3627 2924 3687; baseline 0.002 -17"><span class='ocrx_word' id='word_1_745' title='bbox 1664 3629 1894 3673; x_wconf 83' lang='lat' dir='ltr'>suetudine</span> <span class='ocrx_word' id='word_1_746' title='bbox 1925 3636 2092 3674; x_wconf 68' lang='lat' dir='ltr'>naturae</span> <span class='ocrx_word' id='word_1_747' title='bbox 2124 3642 2214 3674; x_wconf 70' lang='lat' dir='ltr'>suae</span> <span class='ocrx_word' id='word_1_748' title='bbox 2253 3642 2303 3675; x_wconf 87' lang='lat' dir='ltr'>se</span> <span class='ocrx_word' id='word_1_749' title='bbox 2350 3643 2442 3675; x_wconf 84' lang='lat' dir='ltr'>non</span> <span class='ocrx_word' id='word_1_750' title='bbox 2465 3642 2562 3676; x_wconf 81' lang='lat' dir='ltr'>esse</span> <span class='ocrx_word' id='word_1_751' title='bbox 2593 3635 2803 3687; x_wconf 79' lang='lat' dir='ltr'>cognatos</span> <span class='ocrx_word' id='word_1_752' title='bbox 2827 3627 2924 3675; x_wconf 83' lang='lat' dir='ltr'>Ju</span> 
     </span>
     <span class='ocr_line' id='line_1_121' title="bbox 1663 3688 2924 3757; baseline 0.005 -15"><span class='ocrx_word' id='word_1_753' title='bbox 1663 3698 1856 3744; x_wconf 76' lang='lat' dir='ltr'>daeorum</span> <span class='ocrx_word' id='word_1_754' title='bbox 1891 3699 2154 3754; x_wconf 74' lang='lat' dir='ltr'>fatebantur,</span> <span class='ocrx_word' id='word_1_755' title='bbox 2185 3707 2227 3745; x_wconf 81' lang='lat' dir='ltr'>et</span> <span class='ocrx_word' id='word_1_756' title='bbox 2257 3702 2374 3757; x_wconf 89' lang='lat' dir='ltr'>quod</span> <span class='ocrx_word' id='word_1_757' title='bbox 2415 3702 2624 3747; x_wconf 82' lang='lat' dir='ltr'>hactenus</span> <span class='ocrx_word' id='word_1_758' title='bbox 2647 3701 2860 3757; x_wconf 64' lang='lat' dir='ltr'>praedicar</span> <span class='ocrx_word' id='word_1_759' title='bbox 2886 3688 2924 3754; x_wconf 71' lang='lat' dir='ltr'>,l</span> 
     </span>
     <span class='ocr_line' id='line_1_122' title="bbox 1666 3767 2910 3836; baseline 0.002 -21"><span class='ocrx_word' id='word_1_760' title='bbox 1666 3778 1780 3822; x_wconf 79' lang='lat' dir='ltr'>rant,</span> <span class='ocrx_word' id='word_1_761' title='bbox 1807 3773 2013 3829; x_wconf 86' lang='lat' dir='ltr'>templum</span> <span class='ocrx_word' id='word_1_762' title='bbox 2036 3787 2169 3831; x_wconf 84' lang='lat' dir='ltr'>super</span> <span class='ocrx_word' id='word_1_763' title='bbox 2191 3773 2380 3818; x_wconf 82' lang='lat' dir='ltr'>Garizim</span> <span class='ocrx_word' id='word_1_764' title='bbox 2404 3773 2478 3818; x_wconf 85' lang='lat' dir='ltr'>Del</span> <span class='ocrx_word' id='word_1_765' title='bbox 2493 3787 2590 3818; x_wconf 83' lang='lat' dir='ltr'>esse</span> <span class='ocrx_word' id='word_1_766' title='bbox 2612 3773 2805 3828; x_wconf 83' lang='lat' dir='ltr'>maximi,</span> <span class='ocrx_word' id='word_1_767' title='bbox 2832 3767 2910 3836; x_wconf 49' lang='lat' dir='ltr'>nef</span> 
     </span>
     <span class='ocr_line' id='line_1_123' title="bbox 1665 3838 2924 3902; baseline 0.003 -14"><span class='ocrx_word' id='word_1_768' title='bbox 1665 3852 1877 3902; x_wconf 56' lang='lat' dir='ltr'>gaserant</span> <span class='ocrx_word' id='word_1_769' title='bbox 1902 3847 2147 3892; x_wconf 84' lang='lat' dir='ltr'>scribentes</span> <span class='ocrx_word' id='word_1_770' title='bbox 2172 3847 2388 3891; x_wconf 82' lang='lat' dir='ltr'>Antiocho</span> <span class='ocrx_word' id='word_1_771' title='bbox 2406 3849 2447 3891; x_wconf 90' lang='lat' dir='ltr'>in</span> <span class='ocrx_word' id='word_1_772' title='bbox 2471 3848 2588 3892; x_wconf 85' lang='lat' dir='ltr'>hunc</span> <span class='ocrx_word' id='word_1_773' title='bbox 2604 3848 2780 3892; x_wconf 82' lang='lat' dir='ltr'>modum</span> <span class='ocrx_word' id='word_1_774' title='bbox 2807 3862 2820 3892; x_wconf 70' lang='grc' dir='ltr'><strong><em>ε</em></strong></span> <span class='ocrx_word' id='word_1_775' title='bbox 2898 3838 2924 3899; x_wconf 49' lang='lat' dir='ltr'>J</span> 
     </span>
     <span class='ocr_line' id='line_1_124' title="bbox 1722 3917 2902 3977; baseline 0.004 -17"><span class='ocrx_word' id='word_1_776' title='bbox 1722 3917 1810 3962; x_wconf 82' lang='lat' dir='ltr'>Deo</span> <span class='ocrx_word' id='word_1_777' title='bbox 1827 3917 2042 3975; x_wconf 80' lang='lat' dir='ltr'>Epiphani</span> <span class='ocrx_word' id='word_1_778' title='bbox 2071 3921 2224 3964; x_wconf 87' lang='lat' dir='ltr'>relatio</span> <span class='ocrx_word' id='word_1_779' title='bbox 2250 3933 2272 3962; x_wconf 86' lang='lat' dir='ltr'>a</span> <span class='ocrx_word' id='word_1_780' title='bbox 2293 3919 2535 3967; x_wconf 73' lang='lat' dir='ltr'>sichimitis</span> <span class='ocrx_word' id='word_1_781' title='bbox 2581 3919 2902 3977; x_wconf 52' lang='lat' dir='ltr'>&amp;coniurans</span> 
     </span>
     <span class='ocr_line' id='line_1_125' title="bbox 1723 3990 2907 4050; baseline 0.003 -16"><span class='ocrx_word' id='word_1_782' title='bbox 1723 3990 1906 4047; x_wconf 66' lang='lat' dir='ltr'>Maiores</span> <span class='ocrx_word' id='word_1_783' title='bbox 1927 3994 2065 4037; x_wconf 85' lang='lat' dir='ltr'>nostri</span> <span class='ocrx_word' id='word_1_784' title='bbox 2092 4001 2269 4049; x_wconf 79' lang='lat' dir='ltr'>propter</span> <span class='ocrx_word' id='word_1_785' title='bbox 2314 4000 2472 4049; x_wconf 86' lang='lat' dir='ltr'>pestes,</span> <span class='ocrx_word' id='word_1_786' title='bbox 2498 3993 2729 4048; x_wconf 78' lang='lat' dir='ltr'>quamdam</span> <span class='ocrx_word' id='word_1_787' title='bbox 2753 4004 2907 4050; x_wconf 56' lang='lat' dir='ltr'>supero</span> 
     </span>
     <span class='ocr_line' id='line_1_126' title="bbox 1665 4065 2920 4119; baseline 0.002 -11"><span class='ocrx_word' id='word_1_788' title='bbox 1665 4066 1883 4111; x_wconf 80' lang='lat' dir='ltr'>stitionem</span> <span class='ocrx_word' id='word_1_789' title='bbox 1923 4065 2214 4112; x_wconf 79' lang='lat' dir='ltr'>Sabbetorum</span> <span class='ocrx_word' id='word_1_790' title='bbox 2254 4069 2393 4112; x_wconf 81' lang='lat' dir='ltr'>secuti</span> <span class='ocrx_word' id='word_1_791' title='bbox 2428 4077 2547 4119; x_wconf 87' lang='lat' dir='ltr'>sunt,</span> <span class='ocrx_word' id='word_1_792' title='bbox 2571 4066 2837 4112; x_wconf 66' lang='lat' dir='ltr'>aedificantes</span> <span class='ocrx_word' id='word_1_793' title='bbox 2861 4065 2920 4112; x_wconf 63' lang='lat' dir='ltr'>le„</span> 
     </span>
     <span class='ocr_line' id='line_1_127' title="bbox 1666 4132 2909 4197; baseline 0.003 -15"><span class='ocrx_word' id='word_1_794' title='bbox 1666 4138 1853 4183; x_wconf 71' lang='lat' dir='ltr'>Gerizim</span> <span class='ocrx_word' id='word_1_795' title='bbox 1868 4141 2076 4196; x_wconf 83' lang='lat' dir='ltr'>templum</span> <span class='ocrx_word' id='word_1_796' title='bbox 2102 4141 2196 4184; x_wconf 87' lang='lat' dir='ltr'>sine</span> <span class='ocrx_word' id='word_1_797' title='bbox 2239 4141 2420 4185; x_wconf 78' lang='lat' dir='ltr'>numine</span> <span class='ocrx_word' id='word_1_798' title='bbox 2456 4132 2909 4197; x_wconf 66' lang='lat' dir='ltr'>veniuntquejmlicei</span> 
     </span>
     <span class='ocr_line' id='line_1_128' title="bbox 1666 4200 2914 4269; baseline 0.002 -15"><span class='ocrx_word' id='word_1_799' title='bbox 1666 4213 1797 4254; x_wconf 70' lang='lat' dir='ltr'>vestri</span> <span class='ocrx_word' id='word_1_800' title='bbox 1821 4212 1875 4255; x_wconf 85' lang='lat' dir='ltr'>ad</span> <span class='ocrx_word' id='word_1_801' title='bbox 1899 4225 1994 4263; x_wconf 89' lang='lat' dir='ltr'>nos,</span> <span class='ocrx_word' id='word_1_802' title='bbox 2020 4218 2063 4256; x_wconf 90' lang='lat' dir='ltr'>et</span> <span class='ocrx_word' id='word_1_803' title='bbox 2080 4213 2406 4257; x_wconf 83' lang='lat' dir='ltr'>similiaJudaeis</span> <span class='ocrx_word' id='word_1_804' title='bbox 2431 4214 2555 4258; x_wconf 88' lang='lat' dir='ltr'>nobis</span> <span class='ocrx_word' id='word_1_805' title='bbox 2578 4200 2783 4262; x_wconf 74' lang='lat' dir='ltr'>inferunt.</span> <span class='ocrx_word' id='word_1_806' title='bbox 2802 4213 2914 4269; x_wconf 36' lang='lat' dir='ltr'>dum„</span> 
     </span>
     <span class='ocr_line' id='line_1_129' title="bbox 1667 4276 2904 4341; baseline 0.002 -15"><span class='ocrx_word' id='word_1_807' title='bbox 1667 4284 1721 4327; x_wconf 90' lang='lat' dir='ltr'>ab</span> <span class='ocrx_word' id='word_1_808' title='bbox 1758 4284 1882 4327; x_wconf 88' lang='lat' dir='ltr'>initio</span> <span class='ocrx_word' id='word_1_809' title='bbox 1920 4282 2104 4329; x_wconf 74' lang='lat' dir='ltr'>Sidones</span> <span class='ocrx_word' id='word_1_810' title='bbox 2124 4297 2225 4329; x_wconf 86' lang='lat' dir='ltr'>esse</span> <span class='ocrx_word' id='word_1_811' title='bbox 2255 4298 2506 4331; x_wconf 84' lang='lat' dir='ltr'>noscamur.</span> <span class='ocrx_word' id='word_1_812' title='bbox 2545 4285 2710 4330; x_wconf 87' lang='lat' dir='ltr'>Cohibe</span> <span class='ocrx_word' id='word_1_813' title='bbox 2734 4276 2904 4341; x_wconf 63' lang='lat' dir='ltr'>judiees</span> 
     </span>
     <span class='ocr_line' id='line_1_130' title="bbox 1669 4355 2902 4414; baseline 0.001 -17"><span class='ocrx_word' id='word_1_814' title='bbox 1669 4361 1766 4398; x_wconf 88' lang='lat' dir='ltr'>tuos</span> <span class='ocrx_word' id='word_1_815' title='bbox 1788 4355 1843 4399; x_wconf 79' lang='lat' dir='ltr'>ab</span> <span class='ocrx_word' id='word_1_816' title='bbox 1863 4355 2093 4401; x_wconf 81' lang='lat' dir='ltr'>afflictione</span> <span class='ocrx_word' id='word_1_817' title='bbox 2105 4364 2269 4412; x_wconf 84' lang='lat' dir='ltr'>nostra,</span> <span class='ocrx_word' id='word_1_818' title='bbox 2285 4364 2328 4403; x_wconf 87' lang='lat' dir='ltr'>et</span> <span class='ocrx_word' id='word_1_819' title='bbox 2344 4358 2547 4414; x_wconf 87' lang='lat' dir='ltr'>templum</span> <span class='ocrx_word' id='word_1_820' title='bbox 2557 4364 2689 4414; x_wconf 70' lang='lat' dir='ltr'>super</span> <span class='ocrx_word' id='word_1_821' title='bbox 2699 4356 2902 4411; x_wconf 76' lang='lat' dir='ltr'>Garizim,</span> 
     </span>
     <span class='ocr_line' id='line_1_131' title="bbox 1667 4427 2900 4488; baseline 0 -14"><span class='ocrx_word' id='word_1_822' title='bbox 1667 4430 1842 4474; x_wconf 88' lang='lat' dir='ltr'>nomine</span> <span class='ocrx_word' id='word_1_823' title='bbox 1859 4427 1995 4474; x_wconf 78' lang='lat' dir='ltr'>Graeci</span> <span class='ocrx_word' id='word_1_824' title='bbox 2019 4428 2157 4483; x_wconf 68' lang='lat' dir='ltr'>lovis,</span> <span class='ocrx_word' id='word_1_825' title='bbox 2185 4431 2251 4475; x_wconf 79' lang='lat' dir='ltr'>vol</span> <span class='ocrx_word' id='word_1_826' title='bbox 2273 4430 2477 4483; x_wconf 72' lang='lat' dir='ltr'>Aiixuris,</span> <span class='ocrx_word' id='word_1_827' title='bbox 2505 4430 2545 4475; x_wconf 91' lang='lat' dir='ltr'>id</span> <span class='ocrx_word' id='word_1_828' title='bbox 2565 4436 2632 4477; x_wconf 83' lang='lat' dir='ltr'>est</span> <span class='ocrx_word' id='word_1_829' title='bbox 2657 4429 2900 4488; x_wconf 83' lang='lat' dir='ltr'>hospitalis.</span> 
     </span>
    </p>
   </div>
   <div class='ocr_carea' id='block_1_22' title="bbox 2918 3749 2924 3862">
    <p class='ocr_par' dir='ltr' id='par_1_22' title="bbox 2918 3749 2924 3862">
     <span class='ocr_line' id='line_1_132' title="bbox 2918 3749 2924 3862; baseline 0 726"><span class='ocrx_word' id='word_1_830' title='bbox 2918 3749 2924 3862; x_wconf 95' lang='lat' dir='ltr'> </span> 
     </span>
    </p>
   </div>
   <div class='ocr_carea' id='block_1_23' title="bbox 2914 3901 2924 4095">
    <p class='ocr_par' dir='ltr' id='par_1_23' title="bbox 2914 3901 2924 4095">
     <span class='ocr_line' id='line_1_133' title="bbox 2914 3901 2924 4095; baseline 0 493"><span class='ocrx_word' id='word_1_831' title='bbox 2914 3901 2924 4095; x_wconf 95' lang='lat' dir='ltr'> </span> 
     </span>
    </p>
   </div>
  </div>
 </body>
</html>
