2924 4588
236 119 318 188 ¹1}ss
556 170 586 206 0

1116 113 1285 158 Anam
1309 112 1378 157 PR
1384 106 1894 157 Emoasrtumnsts

2703 106 2787 155 'tu

236 220 328 264 quae
350 206 393 251 in
417 191 585 250 manna.
615 205 693 249 l‘er
720 205 815 248 illos
839 215 1007 260 quoque
1029 208 1147 255 tres,
1170 203 1242 258 qui
1274 203 1318 247 in
1343 208 1464 259 parte
1486 203 1521 250 λ
1546 204 1667 251 ιιιιιι,
1694 209 1773 255 pro
1790 196 1950 254 quibus
1974 204 2155 239 necesse
2176 194 2336 239 habent
2363 200 2412 238 ut
2452 194 2592 240 adime
2611 195 2786 243 enixius

235 283 331 334 eius
365 280 583 335 superiore
622 283 747 327 sunt,
769 254 879 320 ‘tres
910 265 1005 319 illas
1037 281 1268 331 personas,
1293 286 1387 330 quae
1420 274 1463 316 in

236 365 319 395 una
358 351 519 396 Deitate
551 350 800 394 ereduntur.
835 355 877 391 et
914 349 1163 396 adorantur,
1200 347 1462 402 accipimus:

236 424 374 488 primo
403 395 620 472 Patrem,
628 421 752 477 cujus
785 420 1018 477 potentiam
1047 421 1316 466 aestimamus
1344 430 1467 474 posse

237 495 448 551 designari
486 506 562 550 per
596 493 790 549 virgam3
830 491 1012 544 Filium,
1051 492 1177 547 euius
1214 491 1466 546 sapientam

238 582 315 625 per
334 568 531 621 tabulas;
557 564 763 622 Spiritum
793 571 988 609 sanctum
1006 596 1016 615 ‚
1044 564 1167 620 cujus
1199 561 1467 606 dulcedinem

237 654 310 697 per
332 651 503 683 manna.

640 709 771 767 428
799 707 979 753 CAPUT
1006 706 1060 751 X.

309 802 367 847 De
390 801 515 846 altori
540 801 849 854 tlnlmiamatis,
872 807 910 843 et
933 799 982 842 de
1003 799 1066 842 his
1087 810 1180 853 (1¹1ae
1202 795 1257 839 ad
1281 794 1391 839 idem

546 858 680 900 altare
700 856 905 911 pertinent
921 888 930 905 ,
956 855 1144 910 picturis.

279 928 453 974 CLvttt.
467 926 614 972 Restat
629 941 741 971 nune
754 939 938 984 quoque,
952 934 996 970 ut
1012 927 1064 970 de
1078 926 1200 968 altari
1214 925 1468 982 thymiama·

233 1002 291 1046 tis
316 1002 473 1056 aliquid
509 1002 772 1058 tropologice
805 1001 1062 1056 loquamur:
1090 1007 1137 1042 ιιι
1169 999 1276 1042 nihil
1298 1010 1349 1041 ex
1372 997 1439 1040 his
1456 1027 1467 1047 ‚

231 1087 324 1129 ‹311ae
340 1077 448 1117 intra
467 1076 605 1129 ipsum
625 1073 944 1117 tabernaculum
961 1080 1075 1123 sunt,
1097 1071 1185 1115 sive
1197 1083 1290 1127 quae
1303 1069 1346 1112 in
1361 1068 1471 1112 San-

230 1154 295 1188 cta
342 1152 584 1189 sanctorum
614 1145 937 1200 praetermisisse
959 1144 1191 1190 tideamnr.
1219 1143 1308 1186 Hoc
1330 1149 1470 1186 autem

233 1219 365 1261 attare
387 1223 506 1261 extra
530 1216 670 1260 velum
695 1217 737 1260 in
765 1215 923 1259 Sancta
952 1215 1093 1260 stabat
1115 1231 1125 1269 ;
1162 1227 1237 1271 per
1265 1214 1378 1271 quod
1403 1214 1469 1257 ni-

1543 276 1680 316 orent.
1706 267 1804 312 Haec
1828 270 1971 324 itaque
2004 267 2219 323 tripartita
2250 267 2454 323 cogitatio
2489 279 2585 321 nos,
2607 269 2686 326 qui
2721 270 2790 313 in·

1543 344 1654 388 firmi
1682 354 1831 386 sumus
1848 373 1859 393 ,
1887 342 1929 383 in
1953 340 2048 396 ipso
2071 340 2280 406 orationis
2302 346 2461 385 nostrae
2493 346 2684 398 tempore
2707 341 2788 385 mi-

1546 414 1786 459 serabiliter
1829 412 2025 462 devastat
2059 427 2068 455 :
2111 412 2316 467 cogitatio
2359 424 2541 458 onerosa
2560 445 2571 465 ,
2616 414 2786 466 otiosa,

1546 487 1793 531 affectuosa.
1840 483 2032 529 Onerosa
2076 483 2290 539 siquidem
2332 484 2538 540 cogitatio
2574 493 2668 537 est,
2711 498 2791 543 pet·

1546 565 1818 604 terrenarum
1866 556 2142 613 cogitatio-nis
2186 557 2393 613 strepitus
2433 563 2476 602 et
2519 558 2789 606 saecularium

1547 632 1878 688 occupationum
1903 629 2117 673 tumultus
2143 628 2186 672 in
2212 636 2356 674 mente
2386 631 2667 676 immoderate
2696 633 2791 677 dis·

1548 706 1714 762 sipari;
1750 706 1888 748 otiosa
1923 715 2028 747 vero
2064 702 2118 746 ad
2157 702 2412 748 irruentium
2446 705 2795 760 phantasmatum

1549 778 1732 834 pertinet
1770 776 2015 828 vanitates3

1549 855 1726 905 ptuosas
1750 848 2032 904 pristinarum
2047 845 2322 902 iniquitatum
2346 848 2686 894 recordationes.
2705 847 2789 894 Sed

1550 923 1585 965 si
1628 922 1824 965 volumus
1879 924 1926 962 ut
1964 917 2103 962 oratio
2154 925 2303 963 nostra
2340 933 2472 965 suave
2505 920 2667 984 aliquid
2703 920 2792 967 Deo

1552 994 1594 1035 in
1630 1005 1703 1035 ara
1740 991 1897 1036 mentis
1935 991 2158 1042 redoleat,
2221 998 2392 1048 oportet
2430 1006 2702 1051 summopere
2743 1001 2793 1038 ιιι

1550 1062 1723 1120 quando
1745 1063 1930 1106 orationi
1956 1062 2268 1114 incumbimus,
2296 1064 2385 1106 haec
2410 1064 2552 1107 omnia
2576 1071 2676 1122 post
2697 1065 2792 1109 dor-

1552 1149 1646 1180 sum
1674 1135 1846 1187 mentis,
1871 1141 2080 1192 quantum
2104 1134 2284 1181 Domino
2308 1137 2517 1194 largiente
2540 1150 2793 1194 possumust

1551 1223 1627 1266 per
1667 1199 1836 1265 plenam
1874 1208 2134 1253 oblivionem
2169 1209 2481 1266 projiciatnns;
2519 1217 2564 1256 et
2599 1213 2795 1268 ejusdem

233 1290 387 1332 mirum
425 1288 530 1331 nihil
570 1289 684 1331 aliud
720 1289 861 1343 juxta·
885 1301 1059 1332 sensum
1105 1288 1308 1333 moralem
1325 1319 1336 1338 ,
1383 1285 1468 1331 nisi
1496 1274 1525 1318 ὓ
1550 1282 1704 1326 faeiem
1730 1282 1784 1325 ad
1807 1293 1858 1326 ea
1881 1294 1976 1338 quae
1997 1280 2283 1338 proterimus,
2310 1289 2519 1339 quantum
2541 1296 2790 1342 possumus,

235 1375 354 1407 mens
378 1362 533 1406 mimda
561 1369 601 1405 et
624 1362 757 1405 divini
785 1363 944 1406 amoris
977 1361 1073 1418 igne
1103 1373 1312 1406 succensa
1344 1359 1470 1406 debet

233 1435 415 1491 intelligi
436 1451 445 1478 z
470 1435 511 1477 in
537 1447 619 1491 qua
644 1435 847 1478 nimirum
872 1435 1091 1479 orationes
1114 1441 1286 1479 nostras
1305 1466 1315 1484 ‚
1340 1433 1466 1489 quasi

233 1508 425 1563 quaedam
448 1508 545 1551 honi
568 1515 609 1553 et
629 1509 772 1554 suavis
793 1509 937 1552 odoris
957 1509 1259 1565 thymiamata,
1282 1509 1324 1555 in
1347 1508 1469 1550 altari

234 1581 457 1632 deaurato,
482 1582 566 1626 Deo
590 1582 824 1626 offerimus.
854 1581 1018 1627 Idcirco
1044 1582 1086 1626 in
1111 1583 1279 1638 pictura
1303 1586 1467 1632 nostra,

236 1661 333 1699 ante
363 1655 495 1698 altare
528 1654 834 1711 thymiamatis,
870 1662 991 1698 extra
1021 1655 1189 1704 velum,
1226 1653 1470 1710 pontificem

234 1726 460 1785 quemdam
482 1733 600 1771 veste
646 1726 878 1782 pontiticali
913 1726 1109 1772 indutum
1150 1734 1192 1773 et
1222 1728 1468 1779 incensum,

235 1787 279 1842 in
302 1798 449 1842 eodem
475 1799 595 1842 altari
618 1811 713 1842 cunt
739 1799 956 1842 thuribulo
975 1811 1105 1844 aureo
1129 1800 1373 1844 atterentem
1395 1801 1473 1845 de-

230 1871 364 1928 pingo
388 1903 399 1921 ,
441 1877 486 1913 ut
524 1883 626 1924 nos,
667 1873 739 1927 qui
778 1872 919 1927 regale
956 1871 1241 1917 sacerdotium
1283 1883 1432 1916 sumus
1455 1905 1465 1924 ,

235 1956 364 1987 suave
388 1943 471 1987 Deo
494 1945 698 1988 orationis
722 1945 944 1988 incensum
969 1950 1011 1988 in
1040 1958 1113 1988 ara
1136 1946 1291 1989 ruentis
1316 1945 1470 1991 offerre

237 2015 499 2065 studeamus,
527 2014 607 2059 Sed
635 2016 749 2059 omni
773 2017 897 2060 nohis
922 2018 1209 2063 sollicitudine
1236 2018 1469 2075 providen-

236 2086 335 2130 dum
375 2094 467 2137 est,
506 2094 550 2131 ιιι
585 2089 711 2139 tales,
750 2090 980 2134 auxiliante
1016 2090 1127 2142 Deo,
1170 2097 1268 2134 ante
1302 2096 1471 2146 tempus

236 2161 443 2206 orationis
478 2173 556 2205 nos
588 2174 874 2217 praeparemus
895 2197 905 2214 ‚
932 2165 1079 2219 «pudes
1104 2163 1147 2206 in
1178 2164 1273 2219 ipso
1305 2165 1469 2208 oratio·

238 2232 306 2275 nis
328 2238 518 2288 tempere
542 2239 638 2277 ante
661 2232 791 2277 Deum
810 2266 820 2285 ‚
849 2249 975 2291 quem
1008 2248 1207 2291 oramus,
1243 2250 1321 2283 nos
1354 2238 1471 2289 inve-

240 2305 320 2351 niri
347 2305 655 2355 desideramus.
682 2305 975 2351 indesinenter
999 2309 1125 2352 nobis
1143 2321 1327 2365 namque
1351 2311 1470 2366 cogi-

237 2377 412 2422 tandum
436 2384 501 2423 est
521 2393 531 2432 ;
557 2382 655 2434 quia
674 2381 792 2435 juxta
814 2380 1051 2425 Psalmistae
1072 2383 1324 2426 sententiam
1348 2415 1356 2434 ‚
1385 2381 1469 2425 lni-

236 2452 433 2507 quitatem
455 2452 492 2494 si
517 2454 752 2507 aspeximus
779 2454 819 2495 in
842 2452 962 2497 corde
987 2463 1145 2505 nostro,
1172 2468 1251 2498 non
1275 2455 1468 2498 exaudiet

240 2522 438 2583 Dominus
464 2522 608 2581 (Psal.
633 2538 731 2577 ιιι,
761 2526 857 2583 18).
885 2525 1005 2570 Unde
1027 2528 1127 2583 quia
1151 2527 1243 2584 ipse
1267 2527 1470 2583 iniquita-

237 2601 321 2639 tem
347 2608 430 2639 non
454 2597 619 2660 aspexit
650 2599 692 2641 in
727 2599 855 2642 corde
888 2610 998 2643 suo:
1027 2598 1275 2654 Propterea,
1302 2601 1467 2657 inquit,

239 2669 447 2719 exaudivit
485 2669 618 2721 Dens,
655 2678 692 2714 et
727 2671 902 2718 attendit
935 2672 1021 2715 voci
1051 2671 1348 2727 deprecationis
1370 2685 1470 2718 meoe

239 2738 252 2794 (
266 2739 383 2792 ibid..
405 2741 498 2799 19).
525 2741 688 2787 ideireo
711 2757 885 2789 necesse
908 2751 974 2790 est
1005 2752 1052 2788 ut
1097 2746 1150 2789 ab
1169 2745 1281 2790 omni
1305 2758 1381 2790 eor
1397 2758 1472 2796 no-

237 2818 372 2856 strum
405 2814 747 2870 phantasmatum
783 2810 1010 2870 inanitate,
1047 2825 1256 2875 quantum
1281 2819 1367 2864 Deo
1391 2808 1482 2864 do-.¹

237 2893 367 2934 nante
388 2899 639 2943 possumus,
668 2896 765 2934 ante
790 2890 929 2947 ipsum
953 2892 1159 2937 orationis
1181 2898 1340 2938 nostrae
1361 2899 1470 2937 tem-

238 2970 317 3014 pus
356 2970 668 3015 expurgemus3
714 2963 1147 3017 quatenus-liberam
1190 2963 1234 3007 in
1276 2966 1471 3010 oratione

238 3030 391 3075 inentis
419 3031 567 3079 faciem
592 3037 807 3090 passimus
831 3035 1021 3090 erigere.
1048 3042 1095 3080 ut
1128 3036 1252 3092 juxta
1287 3038 1403 3095 quod
1425 3038 1468 3082 in

238 3100 400 3160 Regula
438 3111 586 3152 nostra
629 3107 830 3151 admonet
865 3109 1166 3165 Augustinus:
1209 3110 1393 3155 Psalmis
1431 3119 1468 3155 et

238 3177 400 3231 taeymnts
423 3190 514 3220 cum
539 3180 888 3238 oremusDeum,
928 3181 1002 3224 hoc
1027 3196 1230 3227 versemus
1275 3185 1317 3227 in
1351 3184 1472 3228 corde

238 3249 346 3305 quod
384 3252 632 3307 proferimus
669 3253 711 3295 in
748 3266 831 3298 ore.
867 3254 1048 3306 Quidam
1081 3256 1266 3310 etenim,
1299 3257 1471 3313 quando

239 3322 422 3367 orationi
445 3325 644 3369 insistere
667 3324 821 3369 debent
837 3358 848 3377 ‚
871 3334 1141 3371 terrenorum
1166 3329 1210 3374 in
1232 3336 1374 3375 mente
1396 3343 1472 3375 ne-

1550 1365 1776 1412 ponatnus.
1813 1353 1912 1398 Ideo
1945 1360 2043 1411 post
2066 1354 2242 1399 dorsum
2277 1357 2492 1412 pontilicis
2523 1358 2714 1414 praedicti
2739 1357 2795 1407 ad

1551 1439 1667 1470 aram
1700 1425 2005 1477 consistentis,
2042 1432 2131 1470 tres
2160 1426 2320 1483 gradus
2354 1426 2660 1484 depinximus;
2693 1430 2792 1486 quia

1549 1498 1795 1555 quicunque
1839 1497 2106 1545 fructuosam
2144 1511 2271 1544 suam
2309 1512 2406 1544 esse
2446 1500 2662 1563 desiderat
2694 1514 2793 1547 ora-

1549 1573 1735 1625 tionem,
1795 1585 1975 1618 necesse
2000 1578 2069 1618 est
2110 1577 2158 1616 ιιι
2189 1572 2301 1617 lianc
2334 1574 2596 1632 tripartitam
2630 1576 2792 1633 cogita-

1550 1647 1735 1698 tionem,
1759 1646 1933 1702 quando
1953 1652 2049 1690 orat
2063 1677 2075 1698 ‚
2094 1652 2191 1702 post
2210 1647 2386 1692 dorsum
2407 1648 2565 1693 mentis
2580 1650 2798 1706 expellat·k

1549 1723 1763 1774 quatenus
1797 1718 1840 1762 in
1870 1718 1963 1774 ejus
1994 1724 2195 1775 pectore,
2220 1725 2349 1776 prout
2372 1720 2453 1764 sibi
2476 1719 2621 1765 divina
2651 1723 2793 1779 gratia

1550 1791 1860 1836 ministraverit
1877 1803 2004 1848 posse
2019 1823 2031 1844 ,
2056 1792 2265 1837 orationis
2291 1805 2380 1837 suae
2399 1797 2591 1850 tempore
2614 1806 2701 1838 non
2726 1795 2794 1839 in-

1549 1864 1852 1917 troducantur,
1875 1865 1942 1910 vel
1966 1877 2069 1910 cura
2094 1878 2315 1923 pungens,
2345 1867 2411 1912 vel
2444 1867 2707 1925 phantasma
2729 1869 2792 1914 it·-

1550 1951 1681 1984 ruens
1698 1971 1709 1991 ‚
1733 1939 1801 1988 vel
1825 1939 1951 1995 culpa
1975 1939 2220 1984 blandiens.

1605 2010 1747 2056 eux.
1782 2009 1865 2056 Sed
1890 2017 2119 2069 postquam
2141 2012 2232 2057 haee
2254 2025 2278 2056 a
2304 2025 2351 2059 se
2367 2013 2602 2071 expulerit,
2621 2019 2796 2072 oportet
2853 2067 2859 2072 ⁸

1548 2083 1831 2129 nihilominus
1877 2090 1925 2128 ut
1958 2085 2051 2129 haec
2084 2091 2272 2143 quatuor
2301 2085 2529 2144 diligenter
2565 2088 2611 2132 in
2652 2094 2796 2134 mente
2842 2090 2843 2094 ’

1552 2157 1759 2201 attendat.
1808 2156 1855 2201 In
1896 2158 2049 2215 primis
2095 2158 2318 2211 videlicet,
2359 2160 2458 2216 quis
2500 2166 2567 2207 est
2606 2160 2676 2205 ille
2718 2162 2801 2218 qui

1550 2238 1645 2275 orat
1667 2247 1677 2285 ;
1706 2233 1912 2285 seeundo,
1938 2233 2036 2290 quis
2059 2234 2129 2278 ille
2150 2247 2277 2291 quem
2299 2241 2421 2289 orat;
2447 2235 2591 2289 tertio,
2615 2235 2720 2293 quid
2739 2236 2797 2286 sit

1551 2305 1654 2350 illud
1684 2318 1759 2361 pro
1781 2318 1867 2363 quo
1890 2312 2015 2361 orat;
2041 2313 2197 2363 quarto
2219 2320 2405 2366 quoque,
2434 2307 2650 2365 quomodo
2680 2315 2792 2358 orat.

1549 2377 1838 2429 Considerans
1860 2379 2005 2436 itaque
2034 2381 2222 2436 seipsum
2244 2380 2319 2438 qui
2343 2387 2458 2432 orat,
2485 2381 2610 2426 talem
2632 2394 2680 2427 se
2699 2394 2803 2430 esse

1549 2452 1692 2496 videat
1709 2485 1722 2504 ‚,
1747 2458 1835 2496 tam
1859 2454 2026 2498 scilicet
2050 2455 2284 2510 proclivem
2309 2454 2362 2498 ad
2385 2455 2490 2500 vitia
2507 2487 2518 2507 ‚
2555 2462 2640 2499 tam
2673 2457 2798 2502 iuva-

1551 2526 1683 2570 lidum
1721 2528 1772 2570 ad
1811 2529 2018 2579 virtutes,
2061 2534 2148 2570 tam
2185 2528 2354 2583 pigrum
2392 2528 2445 2571 ad
2482 2529 2674 2582 bonum,
2705 2534 2797 2574 tam

1550 2598 1603 2642 ad
1643 2600 1802 2643 malum
1842 2605 2108 2656 promptum,
2146 2601 2281 2644 tantis
2318 2600 2447 2644 etiam
2486 2599 2677 2653 miseriis
2712 2600 2796 2646 im,

1549 2673 1780 2729 plicatum,
1812 2678 1875 2718 tot
1909 2673 2095 2730 denique
2145 2675 2366 2731 tantisque
2401 2679 2675 2731 peccatorum
2710 2685 2800 2720 nio...
2867 2695 2869 2698 ⁴

1550 2745 1662 2790 libus
1686 2752 1909 2798 oneratum
1934 2763 1942 2791 :
1979 2753 2024 2795 ιιι
2048 2758 2125 2803 pro
2150 2747 2242 2793 suis
2267 2747 2434 2791 meritis
2469 2747 2580 2791 nihil
2617 2749 2799 2794 omnino

1550 2820 1706 2864 debere
1727 2831 1774 2865 se
1806 2833 1828 2863 a
1863 2819 1949 2863 Deo
1987 2819 2218 2875 impetrare
2255 2819 2497 2864 certissime
2519 2818 2646 2877 429
2670 2821 2793 2875 sciat.

1550 2889 1669 2935 Illum
1680 2903 1796 2943 vero,
1811 2904 1937 2947 quem
1950 2897 2061 2942 orat,
2071 2898 2112 2936 et
2122 2898 2335 2948 potentem
2350 2891 2526 2948 aspiciat
2561 2898 2604 2936 et
2617 2892 2799 2939 clemen

1550 2971 1635 3011 tem
1650 2980 1659 3010 ε
1681 2963 1932 3015 elementem
1947 2963 2001 3015 ad
2013 2965 2317 3016 miserandum,
2327 2970 2542 3021 potentem
2556 2965 2607 3009 ad
2620 2976 2800 3011 succ-:tr-

1551 3038 1754 3093 rendum;
1776 3038 1849 3094 qui
1874 3038 2034 3083 electos
2052 3050 2156 3083 suos
2181 3037 2308 3095 digne
2325 3050 2372 3083 se
2394 3038 2647 3083 invocantes
2661 3050 2800 3084 exau·

1551 3109 1644 3154 dire
1654 3115 1697 3154 et
1709 3115 1920 3166 po.test‚et
1937 3110 2044 3162 vult,
2056 3111 2155 3167 quia
2166 3122 2315 3154 eorum
2333 3109 2653 3166 quodammodo
2667 3114 2800 3167 etper
2862 3165 2865 3170 ¹

1552 3183 1894 3240 compassionem
1920 3185 2052 3228 sentit
2073 3183 2337 3240 perieulum,
2363 3189 2407 3228 et
2448 3195 2526 3240 pet
2541 3188 2799 3241 potestatem
2834 3187 2862 3224 ,ἓ

1553 3255 1723 3300 confert
1742 3256 2000 3302 subsidium.
2031 3254 2103 3312 Sic
2130 3257 2274 3313 itaque
2297 3261 2341 3301 et
2364 3257 2558 3301 studiosa
2582 3256 2642 3301 tui
2660 3257 2800 3314 ipsius

1552 3330 1760 3386 inspectio
1782 3329 1862 3373 tibi
1900 3329 2091 3374 dolorem
2110 3361 2122 3381 ‚
2158 3335 2202 3373 et
2225 3329 2408 3386 diligens
2433 3328 2590 3373 divinae
2627 3329 2802 3373 miseri·

240 3395 449 3449 gotiorutn
474 3398 694 3454 strepitus,
720 3402 761 3441 et
783 3399 992 3444 tunniltus
1019 3400 1310 3445 indesinenter
1335 3403 1472 3446 revol-
1498 3410 1532 3453 D
1556 3402 1711 3447 cordiae
1731 3402 2022 3447 consideratio
2051 3400 2219 3446 confert
2243 3401 2320 3444 tibi
2355 3413 2497 3457 spem;
2525 3406 2575 3444 ut
2605 3400 2816 3447 obtinere⁴

240 3474 374 3524 vunt3
421 3475 463 3514 et
500 3470 599 3514 dum
638 3483 661 3514 a
700 3484 746 3516 se
784 3484 860 3528 per
893 3478 954 3516 tot
985 3478 1027 3518 et
1058 3479 1175 3516 tanta
1203 3473 1469 3527 dividuntur,

240 3544 353 3599 quod
387 3557 460 3589 ore
492 3546 738 3601 proterunt,
774 3559 851 3591 nee
885 3547 990 3604 ipsi,
1027 3548 1100 3604 qui
1126 3547 1374 3603 proterunt,
1399 3550 1475 3593 de-

241 3617 520 3672 prehendunt.
546 3617 742 3676 Plerique
765 3633 868 3664 vero
898 3621 978 3664 mei
1013 3622 1177 3665 similes
1208 3622 1473 3677 importunas

243 3691 583 3745 phantasmatum
620 3692 875 3737 irruentium
906 3706 1079 3739 muscas
1100 3726 1111 3746 ,
1143 3694 1354 3738 orationis
1385 3709 1474 3739 suae

241 3769 453 3817 tempore,
501 3764 650 3807 crebro
711 3766 823 3821 apud
866 3779 912 3810 se
966 3767 1008 3809 in
1046 3773 1188 3811 mente
1229 3768 1439 3822 rccipiunt
1461 3786 1471 3812 ε

242 3833 352 3877 unde
377 3834 439 3878 eis
461 3838 693 3892 contingit.
723 3845 768 3881 ut
798 3838 902 3894 quid
932 3832 1107 3890 dicant,
1139 3840 1315 3883 omnino
1347 3840 1473 3896 igno-

206 3918 210 3921 ·
245 3912 350 3948 rent.
377 3905 458 3950 Alii
481 3910 606 3951 etiam
633 3909 793 3964 majore
816 3910 1028 3954 dementia
1051 3909 1275 3962 infatuati,
1305 3913 1477 3968 quando

244 3978 374 4022 Deum
400 3987 548 4030 orant,
579 3981 714 4024 soealas
738 3982 1052 4026 transactarum
1082 3983 1355 4040 iniquitatum
1379 3997 1478 4028 sua-

245 4065 338 4099 rum
362 4052 471 4108 apud
498 4066 541 4096 se
565 4056 776 4098 introrsus
801 4056 1008 4111 imagines
1026 4063 1201 4101 versant
1220 4072 1231 4102 ε
1250 4070 1475 4113 personas,

247 4124 340 4167 loca
377 4132 418 4167 et
441 4131 655 4181 tempora,
701 4139 797 4172 cum
814 4128 971 4182 quibus
987 4159 998 4178 ‚
1019 4130 1191 4184 quando
1207 4162 1218 4180 ‚
1241 4136 1282 4174 et
1307 4130 1379 4173 uhi
1403 4143 1479 4174 ne-

251 4195 355 4237 taria
390 4209 466 4240 sua
498 4197 657 4250 secere,
684 4189 994 4244 delectabiliter
1016 4202 1059 4243 in
1083 4203 1226 4245 animo
1251 4203 1476 4257 replicant.

249 4264 300 4307 Et
322 4267 392 4321 qui
428 4267 524 4311 ideo
547 4269 598 4312 ad
620 4269 856 4313 orationem
884 4271 1058 4315 veniunt
1075 4304 1086 4323 ,
1112 4278 1159 4315 ut
1182 4285 1328 4316 eorum
1349 4306 1360 4326 ,
1385 4287 1480 4330 quae

250 4338 395 4382 illicite
413 4347 616 4396 egerunt,
638 4342 806 4386 veniam
828 4341 1081 4399 implorent,
1103 4344 1146 4388 in
1170 4346 1261 4402 ipsa
1285 4348 1480 4391 oratione

254 4422 328 4465 per
350 4412 533 4456 sordidae
551 4414 821 4470 cogitationis
844 4414 1194 4461 delectactionem
1213 4431 1261 4462 ea
1283 4420 1479 4463 routmit-

1555 3481 1730 3532 propter
1761 3475 1856 3531 ejus
1893 3475 2165 3520 elementiam
2210 3474 2391 3518 tirmiter
2424 3473 2643 3527 confidas,
2683 3473 2799 3530 quod

1556 3553 1731 3604 propter
1764 3547 2040 3603 fragilitatem
2076 3558 2335 3602 praesumere
2370 3557 2455 3589 non
2485 3546 2690 3591 audebas.
2717 3544 2812 3591 Se-

1554 3622 1701 3677 quitur
1732 3627 1829 3678 post
1852 3621 1958 3671 baec.
1986 3625 2033 3664 ut
2053 3621 2181 3665 etiam
2225 3619 2373 3664 videas
2408 3619 2510 3675 quid
2540 3626 2674 3674 pet-as.
2695 3617 2802 3672 Qum
2844 3607 2852 3622 ’

1555 3693 1637 3736 alia
1658 3692 1862 3736 dehemus
1881 3698 2042 3748 petere,
2060 3691 2143 3736 nisi
2165 3691 2252 3734 haec
2271 3691 2351 3733 tria
2377 3706 2386 3734 :
2411 3690 2596 3742 veniam,
2615 3690 2799 3748 gratiam

1555 3770 1596 3807 ct
1621 3764 1828 3820 gloriam?
1858 3762 2036 3806 Veniam
2066 3768 2343 3819 peecatorum
2363 3792 2375 3813 ,
2403 3761 2584 3817 gratiam
2622 3762 2800 3804 merito·

1557 3850 1669 3887 rum,
1690 3837 1869 3893 gloriam
1893 3836 2184 3893 praemiorum.
2210 3834 2293 3879 Per
2315 3835 2486 3879 veniam
2503 3839 2798 3891 peccatorum.

1556 3911 1772 3954 mediante
1803 3910 1939 3967 gratia
1970 3905 2238 3960 meritorum,
2260 3908 2508 3964 pervenitur
2532 3906 2583 3949 ad
2617 3906 2822 3963 gloriam'

1558 3981 1849 4037 praemiorum.
1881 3979 1963 4024 Per
1980 3980 2161 4037 primam
2199 3978 2505 4030 eruundamur:
2531 3989 2608 4033 per
2642 3988 2801 4022 secun·-

1558 4053 1654 4097 dam
1679 4065 1940 4097 exornamur
1957 4067 1968 4107 3
1988 4065 2063 4109 per
2101 4052 2272 4096 tertiam
2297 4051 2609 4096 beatificamur.
2634 4048 2800 4094 idcirco
2850 4050 2855 4065 ‘

1558 4126 1647 4168 brec
1673 4125 1755 4168 tria
1774 4125 1913 4169 soient
1937 4130 2080 4182 petere
2101 4137 2200 4169 cum
2219 4123 2337 4169 omni
2358 4124 2600 4175 devotione,
2621 4122 2800 4179 quicun-

1559 4211 1641 4255 que
1651 4204 1800 4255 petunt
1816 4198 1858 4242 in
1877 4198 2050 4243 nomine
2067 4197 2192 4243 Jesu:
2221 4197 2388 4242 reniam
2409 4195 2592 4248 scilicet,
2617 4195 2798 4252 gratiam

1558 4278 1601 4317 et
1624 4273 1827 4329 gloriam3
1848 4278 1890 4316 et
1915 4284 2010 4328 quae
2032 4271 2075 4315 in
2098 4271 2161 4315 eis
2183 4276 2284 4315 sunt
2301 4269 2414 4314 mala
2435 4269 2710 4325 omnipotens
2753 4272 2798 4310 et

1561 4343 1808 4388 misericors
1830 4342 1943 4389 Deus
1965 4344 2034 4399 pie
2050 4343 2202 4395 diluat,
2221 4347 2264 4387 et
2280 4341 2410 4388 bona.
2433 4352 2527 4398 quae
2541 4340 2605 4385 eis
2622 4339 2796 4389 desunt.

1561 4416 1727 4463 abunde
1750 4415 1957 4470 conterat,
1974 4416 2128 4460 collata
2153 4415 2322 4460 sortiter
2342 4413 2575 4467 custodiat,
2590 4412 2693 4458 etin
2716 4411 2798 4467 fine

2078 773 2313 819 affectuosa
2352 787 2524 833 quoque
2574 776 2628 820 ad
2668 779 2792 822 volu·
