2924 4588
51 135 139 179 '137

827 128 1218 180 summulis„-
1246 129 1299 172 ΙΝ
1328 129 1586 174 ADVENTU
1620 129 1822 174 DOMINI.

2548 144 2624 186 158

0 227 17 284 ’ἶ
53 225 167 279 Quia
188 223 361 267 Iaedetur
390 223 511 279 quasi
548 223 666 266 uinea
687 223 730 264 in
751 223 884 276 primo
913 222 1016 277 flore
1037 221 1181 264 botrus
1205 221 1295 277 ejus
1319 214 1433 273 A'ad
1457 224 1688 278 perfectos.
1716 221 1800 267 Sed
1817 229 1861 267 et
1883 223 1969 266 duo
1993 223 2273 271 Testamenta
2314 238 2483 275 montes
2507 242 2625 290 sunt,

13 288 18 357 i
46 297 158 357 (Iob
184 310 255 348 xv,
280 296 376 354 53).
404 295 487 339 Pro
504 307 556 339 eo
578 295 693 351 quod
717 294 832 338 actio
854 295 1088 352 hypocritae
1109 307 1187 351 per
1202 295 1298 338 lau-

52 371 121 415 dis
157 370 355 413 humanae
393 369 599 418 savorem,
634 368 930 424 corrumpitur
963 368 1006 410 in
1039 369 1178 424 prima
1216 379 1296 412 sua

49 442 315 487 ostensione.
335 439 494 484 Verum
533 441 695 484 nullam
718 441 899 485 istarum
921 441 1146 484 vinearum
1173 441 1296 496 plan-

50 519 115 558 tat
131 513 175 556 in
193 513 408 556 montibus
437 514 528 556 suis
550 511 805 564 Jerusalem,
827 511 930 567 quia
953 524 1034 556 nee
1059 511 1297 568 Synagogae

49 585 397 636 amaritudinem,
420 597 498 629 nec
522 585 789 642 negligentiae
812 593 1024 643 teporem,
1062 598 1142 629 nec
1163 586 1298 643 hypo·

50 658 178 702 crisis
199 658 495 715 duplicitatem
522 664 673 701 sancta
689 657 882 701 Ecclesia
907 658 1168 703 sublimibus
1191 659 1296 703 viris

51 731 144 775 suis
161 730 404 774 committit.
640 721 643 724 ⁴

106 801 179 846 Vt.
207 800 293 846 Sed
315 807 383 846 est
398 802 540 852 vinea,
559 811 687 858 quam
714 802 909 846 studiose
937 802 1104 858 plantat
1123 801 1299 848 Jerusa-

50 873 149 927 lem,
192 873 308 916 illam
341 873 559 924 videlicet,
592 886 689 930 quae
715 873 916 918 Christus
939 880 1022 919 est.
1050 874 1109 918 De
1135 888 1221 931 qua
1253 876 1298 919 in

48 944 240 990 canticis
261 944 436 996 dicitur,
462 945 702 999 Videamus,
722 947 758 989 si
774 947 920 1001 slot-uit
940 949 1057 990 vinea
1076 946 1218 1004 (Cant.
1234 962 1295 1000 vt,

42 1017 138 1075 42),
162 1018 206 1062 id
226 1022 310 1070 est,
333 1018 557 1075 explorent
582 1019 864 1063 ecclesiastici
892 1020 992 1071 viri,
1029 1019 1069 1063 si
1091 1021 1136 1062 in
1160 1020 1299 1064 homi-

40 1089 178 1135 nibus
200 1103 276 1146 per
294 1090 419 1135 tidem
444 1090 588 1134 floruit
612 1091 829 1137 Christus.
867 1091 1039 1135 Plantat
1063 1099 1105 1136 et
1128 1094 1297 1137 vineam

38 1161 165 1215 fidei,
191 1165 244 1207 de
262 1175 347 1219 qua
368 1163 508 1220 legitis
525 1164 569 1206 in
595 1163 750 1207 Genesi
769 1164 931 1208 dictum
961 1164 1012 1208 de
1035 1163 1170 1207 Juda:
1197 1164 1298 1220 quia

49 1236 252 1294 &valerus
283 1243 374 1280 erat
404 1236 459 1278 ad
485 1237 646 1279 vineam
672 1237 834 1291 pullum
869 1249 991 1278 suum
1015 1235 1133 1293 (Gen.
1173 1248 1294 1285 xux,

1379 299 1424 336 ut
1449 295 1507 355 ait
1524 294 1751 338 Psalmista
1781 309 1792 338 ε
1821 295 1921 350 quia
1955 297 2062 340 iuter
2093 298 2274 341 medium
2304 304 2507 345 montium
2530 317 2626 357 per-

1376 366 1614 411 transibunt
1647 379 1766 422 aqum
1797 365 1946 422 (Ibid.,
1983 371 2026 423 5)
2050 402 2061 421 ,
2105 371 2149 414 in
2183 383 2399 416 consensu
2424 376 2625 421 videlicet

1375 439 1560 482 duorum
1582 439 2230 487 Testamentorum.discurrent
2264 445 2422 488 fluenta
2460 438 2624 491 doctri-

1378 523 1456 553 nae.
1499 509 1814 558 Praedieatores
1838 515 2122 559 nibilominus
2157 523 2327 562 montes
2366 527 2484 571 sunt,
2521 523 2622 577 quia

1373 583 1497 637 Juxta
1518 587 1777 629 sententiam
1816 586 2073 637 Psalmistae,
2113 591 2344 645 suscipiunt
2369 601 2525 636 montes
2548 606 2622 648 pa-

1374 669 1460 698 cem
1481 657 1632 711 populo
1657 657 1795 713 (Psat.
1823 671 1941 710 cxxi,
1975 659 2035 715 5).
2061 659 2183 712 Quod
2226 674 2313 705 non
2340 669 2407 707 est
2439 663 2620 713 dictum,

1376 729 1462 772 nisi
1479 730 1579 785 quia
1603 731 1899 786 poenitentiam
1924 733 2129 775 nuntiant
2147 736 2452 789 praedicatores
2478 737 2624 791 subje-

1377 803 1474 846 ctis.
1499 802 1625 854 Quod
1648 804 1683 847 si
1707 811 1751 847 et
1773 805 1966 848 internas
1989 809 2380 863 contemplationes
2401 823 2478 865 per
2495 824 2622 854 mon-

1377 879 1444 916 tes
1467 875 1731 928 accepimus,
1757 888 1841 918 non
1866 876 1947 919 crit
1972 878 2045 932 qui
2071 879 2189 932 juste
2213 891 2292 923 nos
2321 882 2624 936 reprehendat,

1377 957 1454 1000 pro
1478 957 1529 989 eo
1555 947 1670 1001 quod
1692 947 1874 1002 legimus
1896 949 1939 990 in
1957 948 2039 992 Job
2064 949 2224 994 dictum
2240 950 2293 994 de
2316 963 2495 1007 onagro,
2523 955 2626 1008 quia

1375 1018 1656 1073 circumspicit
1676 1027 1835 1062 montes
1857 1033 2023 1075 pascum
2040 1022 2151 1076 succ(
2166 1021 2246 1064 Iob
2258 1036 2404 1075 xxxix,
2425 1025 2491 1081 8).
2510 1026 2623 1078 Quia

1377 1090 1624 1134 considerat
1662 1091 1880 1145 perfectus
1920 1094 2100 1147 quilibet
2132 1095 2399 1139 altitudinem
2433 1097 2625 1141 interna-

1379 1175 1472 1206 rum
1511 1164 1944 1218 contemplationum,
1987 1166 2031 1208 in
2074 1167 2229 1220 quibus
2271 1168 2434 1212 devotae
2472 1171 2625 1213 aninue

1378 1240 1547 1288 pastus,
1587 1241 1630 1278 et
1667 1234 1847 1279 resectio
1870 1241 1952 1279 est.
2000 1235 2152 1292 Populi
2194 1239 2324 1281 ctiam
2363 1230 2546 1295 {gentiles
2570 1243 2621 1284 ad

49 1302 134 1371 Η).
169 1308 254 1353 Pro
279 1321 331 1353 eo
363 1308 478 1364 quod
506 1303 689 1353 vinculis
725 1308 821 1353 fidei
845 1309 1055 1366 ligaturus
1086 1309 1170 1352 sibi
1202 1314 1296 1352 erat
1321 1299 1355 1341 Β
1379 1305 1504 1348 fidem
1528 1307 1670 1349 vocati
1691 1314 1858 1351 montes
1876 1315 1992 1360 sunt,
2014 1310 2128 1352 sieut
2143 1311 2324 1366 legimus
2347 1312 2391 1354 in
2410 1313 2522 1356 libro
2541 1313 2625 1356 Ma-

45 1380 246 1427 Ghristus
270 1382 477 1436 populum
500 1381 710 1437 gentium.
736 1379 881 1424 Sacrae
911 1380 1040 1424 etiam
1063 1379 1298 1436 Scripturae

43 1453 212 1499 vineam
222 1454 402 1510 plantat,
422 1455 475 1498 de
491 1466 578 1510 qua
599 1454 808 1509 scriptum
827 1454 994 1497 habetis
1012 1453 1056 1496 in
1078 1452 1185 1497 Job:
1213 1454 1293 1508 31

37 1525 162 1583 quod
184 1526 353 1569 vineam
376 1525 486 1579 ejus,
503 1537 631 1582 quem
655 1526 697 1568 vi
720 1531 1044 1582 oppresserunt,
1058 1525 1298 1568 vindemia-

45 1597 105 1640 vit
123 1595 229 1654 (lot
253 1609 370 1648 xxiv,
388 1598 414 1642 6
428 1597 458 1654 ).
479 1597 589 1650 Quia
610 1598 816 1650 haeretici,
845 1599 1106 1656 scripturam
1126 1599 1206 1641 viri
1224 1611 1297 1642 ca·

43 1668 209 1721 melici,
234 1684 364 1727 quem
389 1671 650 1723 afflixerunt,
677 1672 759 1715 sibi
775 1671 1015 1715 vindicant.
1040 1670 1140 1715 Haec
1155 1672 1298 1728 itaque

43 1743 198 1799 triplex
217 1744 344 1788 vinea
366 1751 448 1795 est,
473 1758 605 1802 quam
628 1744 868 1789 Jerusalem
892 1745 1058 1800 plantat
1079 1745 1124 1787 in
1137 1746 1299 1788 monti-

0 1823 1 1828 ’
43 1814 126 1863 bus
146 1818 254 1868 suis,
280 1818 497 1873 quoddam
517 1817 718 1862 videlieet
736 1817 920 1873 triplicis
938 1818 1085 1874 gratiae
1106 1818 1294 1873 insigne,

38 1889 319 1946 „qucdsaneta
336 1878 565 1934 committit
579 1891 770 1934 Ecclesia
785 1891 1044 1934 sublimibus
1058 1892 1163 1934 viris
1185 1890 1293 1940 suis,

42 1957 270 2019 Scriptura
293 1972 456 2015 sancta,
505 1964 611 2008 fides
648 1971 780 2014 recta,
812 1963 997 2007 imitatio
1037 1963 1218 2015 Christi,
1251 1969 1297 2007 ut

43 2031 310 2097 Scripturam
333 2049 502 2080 sacram
523 2037 831 2092 praedicatores
856 2037 1034 2080 audiant
1058 2037 1110 2079 ad
1135 2038 1300 2082 insu-u.

39 2108 244 2160 ctionem,
273 2110 399 2154 iidem
431 2111 670 2166 suscipiant
689 2110 743 2152 ad
762 2109 1150 2160 confirmationem,
1176 2110 1298 2157 Chri-

43 2188 159 2237 stum
177 2182 400 2226 imitentur
421 2182 475 2226 ad
499 2182 823 2238 perfectionem.

38 2285 46 2308 ⁶:
65 2295 67 2298 Α
99 2253 185 2298 vlt.
204 2254 490 2310 Prophetatur
528 2256 659 2312 igitur
705 2255 807 2298 huie
851 2259 1011 2298 nostrae
1051 2254 1298 2299 Jerusalem

1376 1378 1650 1422 chabaeorum
1688 1380 1804 1436 quod
1840 1381 2004 1435 refulsit
2028 1382 2097 1425 sol
2124 1383 2167 1425 in
2205 1382 2368 1438 clypeos
2394 1399 2557 1436 aureos,
2584 1396 2621 1429 ct

1378 1451 1718 1506 resplenduerunt
1743 1461 1900 1496 utentes
1930 1452 1980 1495 ab
1999 1455 2058 1498 eis
2082 1453 2126 1511 (1
2146 1454 2287 1498 Maeli.
2327 1468 2394 1508 vt,
2428 1458 2486 1514 9).
2514 1458 2623 1511 Quia

1377 1524 1487 1567 luxit
1503 1526 1717 1582 cognitio,
1740 1532 1785 1570 et
1803 1527 1910 1570 arsit
1934 1527 2108 1571 dilectio
2137 1529 2316 1583 spiritus
2346 1529 2389 1572 in
2415 1533 2623 1585 apostolis

1375 1599 1558 1650 sanctis,
1585 1606 1627 1643 et
1645 1612 1722 1655 per
1745 1600 1844 1644 illos
1870 1601 2099 1644 clarificati
2124 1609 2226 1646 sunt
2246 1603 2391 1659 populi
2410 1604 2462 1646 de
2484 1607 2624 1661 genti-

1378 1673 1498 1716 litate
1519 1674 1660 1718 electi.

1433 1743 1503 1788 tx.
1530 1743 1621 1796 isti,
1643 1760 1752 1802 quos
1782 1747 1910 1791 modo
1948 1748 2136 1792 breviter
2169 1750 2621 1801 commemoravimus,

1377 1823 1547 1862 montes
1579 1826 1683 1862 sunt
1715 1819 1971 1871 Jerusalem,
1994 1820 2037 1863 in
2061 1820 2219 1875 quibus
2242 1821 2411 1865 vineam
2438 1823 2619 1876 plantat,

1377 1889 1479 1932 dum
1498 1891 1605 1946 ipsis
1629 1893 1853 1935 confertur
1878 1893 2103 1947 apostolis,
2137 1894 2261 1948 plena
2291 1894 2475 1937 imitatio
2497 1893 2624 1937 Chri-

1383 1963 1455 2014 sti,
1480 1964 1638 2020 quibus
1663 1965 1768 2008 dicit
1793 1981 1804 2009 ;
1840 1965 1934 2015 Vos,
1970 1966 2042 2021 qui
2059 1967 2304 2008 secutiestis
2323 1979 2403 2018 me,
2427 1965 2620 2009 sedebitis

1377 2050 1500 2091 super
1521 2036 1635 2079 sedes
1667 2037 1882 2079 duodecim
1903 2036 2072 2094 (Manli.
2099 2050 2192 2089 xtx,
2218 2037 2308 2093 28).
2335 2037 2443 2080 Dum
2469 2039 2597 2094 praedi
2614 2062 2624 2070 π

1378 2108 1598 2166 (tatoribus
1622 2108 1825 2152 tribuitur
1843 2110 1980 2163 gratia
2004 2108 2224 2159 doctrinae,
2242 2109 2398 2164 quihus
2416 2109 2622 2153 Doninus

1378 2179 1451 2222 dat
1487 2182 1668 2224 verbum
1707 2181 2103 2236 evangelizantibus
2128 2181 2285 2225 rirtute
2325 2182 2458 2225 multa
2481 2182 2620 2239 (Psoi.

1378 2265 1512 2304 txvtt,
1541 2253 1638 2310 te);
1664 2254 1765 2297 dum
1805 2255 1986 2297 summis
2021 2253 2074 2298 de
2108 2254 2346 2309 gentilitate
2366 2254 2471 2298 viris
2494 2254 2623 2297 datur

42 2327 159 2384 qnod
187 2329 354 2372 vineam
391 2329 602 2385 plantabit
633 2329 677 2372 in
711 2329 930 2372 montibus
968 2330 1079 2372 suis.
1107 2328 1158 2371 Et
1181 2329 1290 2373 bene
1310 2359 1344 2405 C
1383 2326 1516 2370 robur
1538 2326 1651 2386 fidei,
1672 2329 1796 2383 quasi
1816 2328 2013 2383 quaedam
2030 2326 2152 2370 firma
2168 2328 2396 2378 stabilitas,
2422 2340 2517 2382 quae
2536 2328 2621 2371 iliis

39 2402 88 2452 ju
109 2403 333 2447 montibus
355 2403 446 2448 suis
468 2418 479 2456 ς
503 2409 607 2447 sunt
625 2404 742 2449 enim
765 2410 936 2447 montes
963 2403 1155 2458 quidam,
1174 2415 1288 2458 quos
1343 2418 1346 2420 ’
1370 2400 1484 2455 inest
1506 2401 1683 2456 quadris
1702 2402 1937 2457 lapidibus,
1957 2401 2010 2444 de
2033 2402 2191 2455 quibus
2219 2401 2418 2456 superius
2435 2400 2619 2446 fecimus

43 2473 268 2530 alloquens
312 2474 357 2518 in
399 2475 508 2519 libro
538 2474 701 2531 Regum
737 2476 961 2532 propheta.
1008 2475 1188 2527 Montes,
1210 2476 1286 2528 ait,

46 2544 207 2600 Galbae,
246 2561 318 2591 neo
351 2560 438 2599 ros,
476 2562 548 2591 nec
579 2548 720 2604 pluvia
762 2548 927 2592 veniant
961 2561 1082 2604 super
1123 2562 1192 2592 vos
1218 2547 1286 2605 (ΙΙ

45 2618 139 2678 neq.
167 2633 198 2673 t,
237 2620 326 2677 21).
373 2619 486 2673 Quia
527 2620 763 2665 infidelium
805 2621 1051 2665 Judaeorum
1093 2621 1289 2677 superbae

44 2698 224 2749 mentes,
276 2693 350 2749 qui
387 2692 608 2736 Christum
634 2694 902 2744 occiderunt,
937 2693 1288 2749 praedicationem

44 2765 236 2809 veritatis
258 2777 348 2818 non
372 2767 628 2822 suscipiunt.
656 2765 764 2810 Sunt
787 2773 972 2820 montes,
999 2767 1195 2809 homines
1214 2778 1289 2809 su-

39 2838 180 2893 perbi,
205 2837 259 2882 de
275 2838 432 2895 quibus
458 2838 626 2882 habetis
652 2838 695 2882 in
726 2838 806 2883 Job
834 2839 949 2894 quod
978 2837 1171 2880 Beemotlz
1194 2837 1287 2879 her·-

44 2909 116 2963 buz
153 2912 293 2967 ferunt
332 2911 439 2969 (tob
484 2926 554 2964 xe,
603 2913 714 2969 15);
754 2925 833 2968 pro
860 2925 912 2956 eo
953 2912 1066 2968 quod
1111 2912 1287 2968 superbi

43 2984 203 3041 ,quique
225 2985 444 3029 diabolum
483 2997 560 3042 per
598 2985 830 3028 elationem
865 2990 1066 3041 pascunt.
1099 2983 1211 3027 Sunt
1245 2990 1287 3029 et

45 3063 211 3111 montes
230 3058 407 3114 spiritus
428 3058 621 3114 maligni,
654 3060 766 3101 sicut
811 3059 951 3114 legitis
992 3057 1106 3114 apud
1143 3057 1286 3101 Haba-

40 3141 124 3182 „cuc
159 3131 274 3187 quod
314 3132 486 3181 ,contriti
502 3140 598 3176 sum
635 3138 794 3175 montes
835 3132 978 3174 soeculi
1003 3130 1185 3188 (Habac.
1214 3143 1282 3183 ιιι,

43 3202 105 3259 6),
129 3204 227 3260 quia
262 3217 338 3260 per
370 3204 589 3248 Christum
618 3204 829 3248 destructi
857 3209 958 3248 sunt
983 3205 1163 3259 spiritus
1187 3216 1282 3246 ma·-

45 3275 163 3332 ligni,
203 3279 278 3332 qui
303 3283 404 3322 sunt
427 3277 645 3333 principes
669 3276 836 3332 mundi.
873 3276 1008 3332 igitur
1030 3276 1167 3321 Judaei
1187 3289 1286 3333 per·

47 3347 145 3401 ndi,
170 3351 347 3407 spiritus
377 3351 584 3407 maligni,-
627 3351 825 3404 homines
868 3350 1075 3405 superbi,
1114 3356 1284 3394 montes

1337 2471 1339 2473 ’
1368 2474 1650 2530 mentionem,
1671 2474 1744 2530 qui
1771 2474 2030 2517 cadentibus
2057 2473 2267 2517 lateribus
2301 2475 2344 2516 in
2366 2472 2620 2516 {edificatio-

1368 2558 1466 2589 nem
1483 2547 1694 2601 assumpti
1713 2553 1812 2591 sunt
1839 2545 1957 2601 (1³11.
1987 2558 2046 2597 tx,
2075 2545 2175 2598 to).
2206 2545 2271 2588 Ab
2295 2546 2363 2588 his
2395 2546 2618 2590 montibus

1368 2616 1609 2662 derivatum
1635 2625 1702 2663 est
1742 2619 1989 2663 sanctitatis
2028 2619 2231 2662 meritum
2273 2618 2326 2660 ad
2368 2618 2614 2668 inferiores.

1354 2691 1468 2746 *quia
1504 2691 1843 2746 suscipientibus
1876 2692 1940 2735 eis
1973 2691 2133 2747 populo
2166 2690 2280 2732 hanc
2295 2691 2506 2746 triplicem
2533 2703 2617 2745 pa·

1367 2776 1477 2823 cem,
1503 2764 1610 2820 ipsis
1634 2764 1927 2809 mediantibus
1945 2764 2106 2810 donum
2135 2768 2419 2818 susceperunt
2444 2765 2610 2818 gratiae,

1367 2849 1455 2880 non
1478 2838 1620 2880 solum
1645 2837 1719 2892 qui
1743 2837 1787 2878 in
1826 2837 1937 2879 clivo
1969 2836 2210 2879 ascendunt
2233 2835 2513 2878 consiliorum
2538 2848 2616 2891 per
2662 2882 2665 2884 ,

1363 2910 1658 2968 iustitiam,et
1681 2910 1813 2952 colles
1843 2915 1974 2952 sunt:
2013 2908 2089 2952 sed
2127 2915 2169 2953 et
2204 2910 2279 2964 qui
2313 2916 2538 2962 emergunt
2560 2910 2617 2952 ab

1365 2983 1453 3027 imo
1492 2988 1764 3039 peccatorum
1802 2995 1878 3038 per
1911 2983 2230 3038 paenitentiam,
2258 2987 2298 3024 et
2334 2982 2467 3024 valles
2490 2988 2614 3030 sunt,

1365 3055 1505 3112 etqui
1540 3055 1585 3098 in
1614 3056 1742 3111 plano
1776 3055 1997 3098 ambulant
2037 3060 2366 3111 praeceptorum,
2400 3059 2443 3097 et
2471 3054 2613 3108 campi

1366 3128 1550 3174 sunt.Et
1570 3129 1711 3172 videte
1732 3128 1950 3184 quomodo
1976 3134 2146 3189 montes
2164 3127 2234 3170 isti
2258 3127 2302 3169 in
2323 3127 2480 3169 robore
2495 3125 2610 3175 fidei,

1365 3203 1500 3247 sobrii
1522 3202 1698 3247 suntad
1721 3203 1888 3257 seipsos
1910 3217 1919 3253 3
1956 3201 2000 3243 in
2036 3200 2234 3243 doctrina
2267 3199 2407 3250 verbi,
2429 3197 2535 3253 iusti
2556 3199 2611 3241 ad

1365 3276 1587 3331 proximos
1608 3291 1619 3327 ;
1640 3275 1684 3318 in
1718 3274 1956 3317 imitatione
1980 3272 2162 3322 Christi,
2200 3272 2260 3327 pii
2297 3272 2349 3314 ad
2383 3270 2533 3319 Deum,
2562 3277 2612 3311 ut

1365 3361 1519 3393 secure
1540 3348 1718 3404 perinde
1741 3353 1994 3402 exspectare
2021 3345 2191 3401 possint
2213 3345 2380 3387 beatam
2419 3355 2539 3397 spem
2566 3348 2609 3386 et

45 3419 215 3477 quidem
238 3430 356 3475 sunt,
375 3424 450 3468 sed
467 3431 636 3469 montes
648 3423 901 3480 Babylonis,
920 3436 1006 3466 non
1026 3429 1192 3475 montes
1213 3422 1283 3468 Je·
1308 3429 1344 3476 ὓ
1366 3423 1597 3465 adventum
1621 3421 1769 3476 gloriae
1791 3419 1935 3474 magni
1966 3418 2039 3461 Dei
2074 3417 2176 3474 (Tit.
2200 3429 2249 3467 n,
2268 3416 2356 3471 15).
2383 3416 2605 3466 Quatenus

46 3497 246 3541 rusalem.

52 3618 56 3622 ⁴
99 3566 203 3613 vlu.
238 3569 347 3613 Sunt
385 3570 457 3611 alii
495 3578 683 3621 montes,
712 3569 913 3613 videlicet
944 3567 1094 3623 Angeli
1125 3568 1280 3611 saneti.

45 3635 103 3682 Dc
123 3640 280 3696 quibus
311 3640 542 3685 Psalmista
568 3657 578 3683 z
612 3639 868 3697 Priusquam
890 3669 916 3690 ,¹
942 3639 1097 3693 inquit,
1124 3646 1282 3682 montes

47 3709 203 3763 fierent,
231 3713 271 3754 id
296 3718 378 3763 est,
412 3718 641 3767 antequam
670 3711 821 3767 Angeli
858 3716 1136 3761 crearentur,
1172 3718 1216 3752 tu
1238 3723 1282 3752 es

47 3780 155 3838 Deus
174 3783 309 3845 (Psal.
320 3785 802 3842 cxxxix,.2).Pi-0phetae
819 3797 990 3840 quoque
1007 3783 1144 3827 sancti
1164 3795 1282 3825 mon-

45 3860 110 3902 tes
131 3846 245 3910 sunt,
270 3863 319 3901 ut
338 3858 499 3913 legitis,
510 3858 625 3914 quod
649 3857 919 3912 fundamenta
948 3856 1054 3910 ejus,
1076 3856 1187 3898 haud
1202 3856 1282 3898 du-

45 3926 176 3980 bium,
216 3930 321 3985 quin
352 3929 570 3980 Ecclesiae,
617 3931 661 3972 t‘n
698 3930 904 3973 inentibus
945 3929 1099 3971 sanctia
1142 3922 1281 3982 (Psal.

47 4001 297 4059 Luxus-l),
321 4003 424 4058 quia
463 4003 556 4058 ipsa
589 4007 737 4046 saneta
780 4001 969 4044 Ecclesia
1005 4001 1207 4043 fundatur
1237 4000 1283 4042 in·

49 4074 276 4130 prophetis.
299 4075 450 4118 Nonne
479 4081 521 4118 et
546 4075 727 4130 apostoli
753 4081 922 4117 montes
947 4079 1065 4122 sunt,
1097 4072 1149 4114 ad
1171 4082 1280 4127 quos

49 4144 148 4188 dicit
163 4145 404 4198 Psalmista‚
431 4147 596 4197 levasse
618 4158 664 4190 se
694 4147 844 4189 oculos
869 4158 971 4188 suos
1014 4144 1152 4197 (Psal.
1179 4156 1278 4192 cxx,

51 4216 91 4273 t)
112 4231 188 4274 pro
210 4231 261 4262 eo
282 4218 396 4275 quod
435 4218 579 4262 cordis
609 4218 676 4260 sui
717 4218 920 4260 intuitum
951 4217 1004 4258 ad
1037 4215 1279 4259 doctrinam

49 4291 180 4334 erexit
198 4291 523 4347 apostolorum?
558 4290 723 4333 Montes
747 4291 876 4332 etiam
909 4293 1121 4344 praecepta
1144 4287 1276 4330 subli-

50 4362 133 4412 mia
151 4369 267 4414 sunt,
293 4369 339 4406 ut
362 4363 465 4406 dicit
487 4361 636 4413 David,
662 4361 775 4415 quod
806 4369 961 4403 monle-s
983 4359 1134 4401 excelsi
1151 4359 1278 4400 cervis

55 4432 185 4489 (Psal.
213 4448 305 4487 cm,
327 4435 412 4492 18).
433 4435 542 4485 Quia
582 4439 795 4487 praecepta
833 4433 1032 4476 sublimia
1061 4431 1278 4486 pertinent

418 4510 630 4555 Parnm..
682 4509 941 4558 exemi.

1365 3493 1609 3548 impleatur,
1637 3491 1753 3547 quod
1787 3494 1947 3533 nostrae
1988 3494 2086 3544 post
2124 3489 2213 3530 haec
2238 3488 2519 3543 prophetatur
2536 3485 2606 3528 Je-

1364 3564 1582 3607 rusalem:
1619 3562 1736 3617 quod
1754 3561 2034 3605 exsultabunt
2069 3560 2263 3604 videlicet
2302 3560 2432 3612 ligna,
2463 3557 2605 3599 veniet

1363 3637 1455 3680 dies
1478 3619 1664 3678 Domini.
1691 3633 1743 3676 Et
1767 3634 1848 3676 hoc
1869 3643 1968 3675 reor
1995 3644 2091 3675 esse
2121 3630 2235 3688 quod
2262 3630 2320 3671 ait
2345 3629 2601 3672 Psalmista:

1365 3709 1647 3752 Exsuuatam
1684 3707 1827 3750 omnia
1862 3706 1976 3761 liqna
2006 3705 2205 3747 silvarum
2239 3716 2265 3743 α
2296 3702 2402 3756 facie
2419 3700 2601 3749 Domini,

1362 3782 1559 3836 quoniam
1581 3781 1687 3822 venit
1712 3778 1848 3834 (Psal.
1876 3791 1977 3828 xxv,
1998 3775 2084 3832 iffi).
2112 3775 2244 3831 Ligna
2270 3774 2475 3817 silvarum
2501 3778 2603 3815 sunt

1363 3854 1559 3908 gentiles,
1586 3852 1677 3907 qui,
1702 3852 1802 3893 dum
1827 3850 1967 3892 adhuc
1984 3862 2059 3904 per
2086 3848 2210 3892 fidem
2233 3848 2338 3889 culti
2360 3858 2444 3888 non
2458 3853 2599 3895 erant,

1361 3927 1585 3970 silvestres
1609 3924 1785 3966 omnino
1808 3922 2002 3965 suerunt.

1417 3996 1470 4039 X.
1493 3995 1538 4038 Si
1560 4002 1700 4037 autem
1742 3995 1852 4037 scire
1896 3992 2086 4035 volueris
2120 3991 2337 4047 quomodo
2362 3990 2452 4032 haec
2486 3989 2600 4042 ligna

1360 4068 1566 4111 silvarum
1593 4066 1915 4107 exsultaverunt
1948 4069 2046 4105 ante
2080 4061 2230 4104 faciem
2264 4060 2460 4110 Domini,
2492 4071 2603 4115 quo·-

1360 4141 1476 4182 niam
1494 4138 1627 4187 venit,
1662 4141 1708 4178 ut
1748 4136 1861 4178 scias
1888 4139 2201 4189 consequenter
2227 4133 2440 4190 quomodo
2465 4135 2601 4172 mater

1360 4218 1433 4254 tua
1456 4210 1693 4253 Jerusalem
1719 4207 2017 4257 exsultaverit,
2038 4206 2136 4261 quia
2160 4205 2252 4248 dies
2269 4204 2438 4245 Domini
2463 4201 2595 4246 venit,

1359 4284 1452 4338 lege
1476 4282 1635 4323 librum
1658 4279 1842 4322 Actuunt
1867 4278 2179 4333 apostolorum.
2213 4275 2291 4317 Ubi
2319 4286 2395 4328 pro
2411 4285 2461 4315 eo
2483 4270 2596 4325 quod

1358 4354 1493 4397 Judaei
1518 4354 1766 4404 repulerunt
1791 4351 1966 4393 verbum
1997 4349 2073 4392 Dei
2108 4348 2306 4402 indIgnos
2332 4357 2376 4387 se
2396 4345 2594 4398 judican-

1359 4432 1424 4470 tes
1441 4432 1612 4469 aeternae
1636 4424 1718 4482 32
1744 4425 1865 4472 vitae,
1907 4421 2089 4476 apostoli
2125 4433 2170 4462 se
2203 4416 2510 4461 convertebant
2541 4413 2594 4455 ad

2348 4489 2376 4533 ὃ
