2924 4588
275 140 388 186 ¹475

1276 129 1439 175 emm
1469 127 1815 176 coMESToms

2721 133 2831 178 ssffl

275 242 400 278 catur
421 228 863 274 Nabuchodonosor.
879 226 1000 269 Tunc
1030 223 1248 279 principes
1269 229 1411 273 terrae,
1441 221 1512 276 qui
1537 224 1572 267 Α
1595 220 1869 266 immemores
1889 222 2009 274 salis,
2035 220 2078 264 id
2102 227 2168 268 est
2186 222 2328 268 omnis
2345 224 2625 277 condimenti,
2647 226 2760 282 quod
2781 227 2826 270 in

250 302 567 363 'impediebam
587 303 802 352 llebraeos,
830 302 995 346 seilicet
1022 298 1353 347 Reudethleem‚
1381 308 1508 352 quem

277 379 489 434 Josephus
532 377 638 420 dicit
673 377 927 428 scr'mtorem
968 373 1160 418 omnium
1188 370 1507 427 accidentium.

277 449 329 491 Et
345 449 415 492 alii
436 449 507 504 qui
528 446 779 502 iudicabant
804 443 989 500 Syriam,
1015 449 1058 487 et
1074 442 1339 491 Phoenicem,
1362 445 1402 483 et
1425 450 1514 482 om-

276 535 354 566 nes
387 521 601 576 regione·
620 519 730 561 ultra
767 516 1040 572 Euphraten,
1081 515 1351 570 scripserunt
1384 511 1513 555 Cam-

276 593 370 648 bysi
396 592 503 648 regi,
519 589 638 646 quod
659 587 793 632 Judaei
831 585 1149 631 reaedificabant
1170 581 1409 626 Jerusalem
1437 590 1512 622 ur·-

276 664 373 706 bem
403 662 653 718 pessimam,
678 666 724 704 ct
755 670 926 713 semper
961 657 1137 713 regibus
1172 653 1403 698 Persarum
1438 662 1511 694 re-

273 735 450 791 bellem,
484 739 526 777 et
558 733 768 788 templum
792 731 846 774 ad
871 728 1198 775 similitudinem
1224 725 1374 775 castri,
1416 734 1513 779 quae

276 808 332 850 oh
368 807 643 851 rebellionem
687 804 854 860 pridem
895 803 1117 847 destructa
1153 799 1314 850 (uerat,
1350 797 1512 854 quibus

275 877 564 931 rcaedilicatis,
593 877 739 920 statim
766 882 970 930 negarent
994 873 1081 928 regi
1099 871 1288 924 itributa,
1311 875 1355 914 et
1378 880 1517 919 anno·-

275 964 372 1003 nas‚
394 964 473 994 nec
495 951 626 995 etiam
662 955 825 1007 pateret
857 949 946 1005 regi
989 949 1200 992 transitus
1238 947 1282 990 in
1318 943 1509 1002 Syriam.

272 1024 375 1068 Haec
399 1031 541 1068 autem
564 1023 763 1068 dicebant
789 1035 835 1067 se
860 1031 1198 1067 commemorare
1218 1019 1274 1072 ei,
1295 1023 1397 1075 quta
1420 1028 1508 1061 non

1596 291 1757 346 palatio
1775 291 1870 346 eius
1887 293 2181 348 comederant,
2201 296 2326 351 quasi
2347 303 2524 352 propter
2539 298 2746 343 beneficia
2764 300 2829 344 eis

1595 362 1752 405 collata
1776 364 2071 419 consulentes,
2095 371 2146 408 ut
2168 366 2445 412 interdiceret
2468 368 2660 415 llehraeis
2684 372 2832 416 reaedi-

1595 435 1858 480 ficationem.
1879 435 2044 489 Quibus
2067 439 2349 494 acquiescens
2376 439 2610 499 Cambyses
2635 449 2831 500 potenter

1586 507 1824 553 interdixit
1858 508 1954 554 eam
1991 522 2069 566 per
2107 511 2330 567 epistolas.
2377 512 2501 558 Tunc
2534 514 2830 561 intermissum

1595 585 1664 625 est
1689 593 1799 638 opus
1821 580 1897 626 Dei
1922 582 1966 625 in
1979 580 2238 635 Jerusalem,
2259 595 2395 640 usque
2422 584 2475 628 ad
2490 587 2724 630 secundum
2748 598 2830 632 an-

1594 666 1698 698 num
1723 653 1858 699 Darii.
1883 653 2020 698 Porro
2039 656 2121 700 sub
2135 654 2353 714 Cambyse
2374 657 2533 701 sactum
2555 665 2622 704 est
2646 659 2762 716 quod
2784 661 2833 708 in
2887 682 2890 685 ·

1594 728 1776 773 historia
1797 726 1947 772 ¹Iudith
1965 728 2138 786 legitur.

1646 799 1902 844 Ἀάάέιίοἱ.
1917 799 2172 859 Cambyses,
2196 801 2339 848 adbuc
2361 803 2531 850 vivente
2554 810 2699 861 patre,
2722 804 2832 851 duo-

1594 874 1736 919 decim
1783 875 1909 918 annis
1958 876 2099 919 tenuit
2147 888 2327 933 regnum
2375 877 2652 934 Assyriorum
2697 877 2833 937 Nini3

1575 948 1730 1004 vunde,
1746 959 1799 993 eo
1821 953 2012 1003 mortuo,
2032 950 2327 994 monarchiam
2353 957 2516 1008 septem
2535 952 2662 997 annis
2676 953 2832 1000 tenuit.

917 1455 1381 1530 HISTORIA
1447 1458 1708 1530 LIBRI
1764 1454 2158 1528 JUDITH.

686 1827 848 1875 Cim.
875 1829 1096 1884 Praefatio,
1539 1833 1726 1886 Bmiam
1747 1840 1792 1878 et
1813 1831 2090 1883 Madianitas,
2133 1833 2348 1878 miserunt
2392 1831 2444 1876 ad
2481 1843 2577 1876 cum
2614 1831 2836 1895 principes

328 1900 450 1945 lianc
467 1900 692 1946 historiam
715 1902 938 1946 transtulit
961 1902 1252 1961 Hieronymus
1276 1899 1327 1947 ad
1342 1905 1514 1961 petitio·-

272 1987 373 2019 nem
398 1974 542 2020 Paulae
579 1982 623 2020 ct
654 1974 878 2020 Eustochii
915 1977 968 2021 de
989 1976 1192 2021 Chaldaeo
1225 1977 1267 2021 in
1292 1977 1514 2023 Latinum.

274 2049 353 2095 llic
376 2051 485 2096 liber
500 2050 611 2108 apud
632 2050 835 2095 Hebraeos
855 2051 967 2097 inter
995 2052 1198 2097 historias
1222 2057 1514 2108 computatur,

272 2131 319 2169 et
334 2125 447 2169 inter
467 2125 744 2181 agiographa,
771 2124 887 2182 quod
909 2125 1014 2169 dicit
1032 2124 1321 2182 Hieronymus
1343 2124 1389 2168 in
1415 2138 1516 2181 pro-

275 2198 390 2255 logo,
419 2197 493 2253 qui
525 2198 596 2243 ‘sic
631 2197 835 2241 inchoat:
874 2212 889 2238 ‹
913 2196 1077 2253 Viginti
1100 2203 1143 2242 et
1167 2197 1276 2242 duas
1300 2198 1511 2253 litteras,»

272 2279 360 2316 etc.
389 2270 436 2314 Si
460 2283 563 2328 ergo
586 2272 630 2315 in
655 2271 836 2328 prologo
860 2282 990 2327 super
1012 2269 1177 2323 Judiih,
1220 2271 1378 2316 alicubi
1409 2273 1516 2330 legi·

276 2351 348 2388 tur
367 2345 479 2389 inter
501 2345 765 2402 apocrypha,
791 2343 944 2388 vitium
970 2350 1036 2389 cst
1061 2346 1304 2402 scriptoris,
1329 2346 1444 2404 quod
1469 2348 1514 2391 in

275 2419 372 2475 ipso
394 2419 517 2463 titulo
535 2419 796 2476 deprehendi
814 2424 972 2474 potest,
992 2431 1118 2475 quem
1137 2419 1328 2477 synodus
1342 2419 1516 2465 Nicaena

276 2491 525 2535 innumero
549 2497 797 2536 sanctarum
813 2490 1133 2548 Scripturarum
1159 2494 1336 2550 recepit.
1352 2492 1514 2539 Trans-

282 2563 384 2607 tulit
422 2569 566 2608 autem
588 2576 688 2608 eum
712 2572 888 2621 propter
909 2566 1071 2617 varias,
1101 2574 1143 2610 et
1175 2574 1402 2622 corruptas
1426 2568 1518 2613 edi-

277 2636 419 2683 tiones
442 2637 580 2695 magis
617 2650 793 2682 sensum
827 2650 879 2683 ex
913 2651 1061 2691 sensu,
1091 2651 1222 2696 quam
1257 2641 1437 2684 verbum
1463 2653 1516 2686 ex

277 2711 411 2756 verbo
430 2724 631 2767 sequens.
658 2710 825 2755 Mortuo
845 2711 991 2769 itaque
1013 2711 1144 2769 Cyro,
1164 2713 1339 2770 quidam
1351 2713 1519 2770 Arpha-

279 2781 364 2827 xad
411 2782 561 2828 Medus
598 2784 641 2827 in
682 2782 915 2828 Ecbatanis
958 2785 1166 2837 surrexit,
1203 2791 1245 2830 et
1288 2789 1507 2843 raparavit

274 2867 390 2907 eam,
422 2861 464 2900 et
501 2857 685 2900 munivit
723 2868 818 2901 eam
858 2857 1265 2915 inexpugnabiliter,
1306 2861 1514 2917 quasdam

279 2936 423 2986 partes
449 2929 596 2973 Mediae
621 2931 702 2975 sibi
727 2931 983 2982 concilians.
1003 2936 1050 2975 ut
1072 2932 1247 2977 tandem
1272 2934 1351 2977 toti
1369 2933 1518 2979 Mediae
1540 2918 1574 2964 C

280 3002 510 3059 imperaret
538 3001 702 3059 (ludim
725 3005 774 3059 ι).
800 3003 1202 3050 Nabuchodonosor
1218 3018 1321 3050 vero
1342 3019 1415 3052 rex
1436 3008 1518 3053 As-

278 3075 514 3131 syriorum,
535 3078 606 3134 qui
630 3077 827 3133 regnavit
857 3079 901 3122 in
923 3077 1095 3131 Ninive,
1125 3091 1240 3125 anno
1262 3081 1518 3127 duodecimo

279 3148 402 3204 regni
423 3150 491 3193 sui
513 3150 698 3194 obtinuit
726 3150 956 3207 Arphaxad
990 3153 1034 3197 in
1057 3165 1212 3209 campo
1239 3153 1404 3211 Ragau,
1443 3156 1517 3213 qui

280 3229 348 3267 est
371 3223 486 3267 inter
508 3223 755 3280 Euphraten
780 3231 822 3268 et
840 3224 1017 3282 Tigrim.
1056 3225 1136 3270 Hie
1171 3234 1238 3271 est
1266 3227 1517 3286 Cambyses,

281 3299 355 3342 cui
378 3299 521 3342 adhue
541 3305 663 3356 pater
684 3299 835 3344 vivens
869 3298 1065 3345 Ninivcm
1090 3307 1132 3347 et
1170 3315 1350 3359 regnum
1381 3304 1518 3362 Assy-

282 3373 445 3416 riorum
464 3373 696 3423 concessit,
711 3378 754 3415 et
770 3372 1168 3419 Nabuchodonosor
1181 3378 1517 3434 cognominavit.

283 3442 364 3487 Hic
383 3451 557 3487 mortuo
582 3451 701 3501 patre
734 3445 1037 3490 duodecimum
1065 3449 1178 3492 illius
1216 3450 1336 3506 regni
1360 3461 1519 3495 annum

284 3518 452 3573 agebat.
478 3518 582 3561 Nam
603 3519 646 3562 in
667 3530 798 3576 regno
821 3522 1097 3573 monarchiae,
1118 3535 1203 3567 non
1229 3525 1313 3568 nisi
1334 3531 1432 3568 octo
1449 3537 1523 3568 an-

285 3591 355 3635 nis
379 3594 589 3647 regnavit.
615 3592 697 3644 Qui
715 3600 943 3649 postquam
970 3594 1110 3640 sactus
1141 3603 1208 3642 est
1240 3599 1519 3651 monarchus,

285 3665 520 3708 exaltatum
543 3670 609 3709 est
631 3677 706 3709 cor
730 3666 862 3722 cius·.
881 3666 932 3711 Et
958 3668 1075 3711 misit
1099 3669 1151 3712 ad
1167 3682 1330 3724 omnes,
1350 3672 1423 3727 qui
1445 3672 1524 3716 ba·

287 3737 482 3781 bitabant
515 3738 557 3780 in
584 3737 754 3790 Cilicia,
779 3745 822 3782 et
839 3738 1067 3793 Damasco,
1092 3749 1134 3787 et
1155 3742 1334 3795 Libano,
1360 3751 1402 3789 et
1416 3744 1523 3789 Car-

288 3811 419 3863 melo,
445 3811 618 3855 Galilaea
656 3818 698 3856 et
735 3812 948 3867 Samaria,
987 3821 1028 3860 et
1051 3829 1189 3873 usque
1214 3818 1257 3860 in
1284 3817 1521 3863 Jerusalem

287 3883 463 3940 exigens
489 3885 543 3928 ab
565 3884 626 3928 eis
650 3886 809 3930 tributa
835 3886 961 3944 longe
985 3891 1183 3945 graviora
1220 3903 1348 3946 qnam
1378 3899 1524 3948 patres

290 3957 376 4003 sui.
399 3957 479 4010 Qui
518 3969 668 4003 omnes
711 3973 796 4004 uno
832 3961 981 4005 animo
1003 3963 1373 4008 contradixerunt.
1401 3964 1523 4010 Tunc

291 4031 429 4074 iratus
455 4043 531 4074 rex
552 4031 715 4086 Juravit
739 4046 815 4089 per
835 4034 1038 4079 thronum
1066 4049 1208 4088 snum,
1233 4038 1347 4094 quod
1372 4037 1525 4082 desen-

291 4102 412 4147 derct
435 4115 480 4146 se
504 4102 556 4147 de
578 4106 795 4150 omnihus.
817 4104 953 4162 Igitur
976 4119 1089 4151 anno
1113 4109 1281 4153 decimo
1306 4112 1434 4153 tertio
1455 4123 1524 4154 rc·

292 4176 365 4232 gni
388 4175 455 4220 sui
474 4177 675 4233 praecepit
698 4175 921 4223 llolol‘erni
938 4180 1122 4235 principi
1144 4181 1323 4232 militine,
1340 4188 1386 4225 ut
1409 4195 1527 4239 egre-

293 4249 468 4294 deretur
500 4250 553 4294 ad
591 4252 792 4307 regiones
830 4251 942 4304 illas,
978 4258 1021 4296 et
1054 4253 1162 4296 nulli
1194 4255 1437 4307 hominum,
1459 4257 1527 4300 vel

297 4322 582 4366 munitionum
601 4330 792 4379 parceret
814 4325 969 4370 oculus
994 4325 1107 4382 ejus.
1141 4326 1222 4380 Qui
1240 4340 1439 4383 egressus
1460 4334 1527 4373 cst

296 4406 395 4438 cum
433 4396 666 4447 exercitu,
689 4403 733 4442 et
771 4405 1033 4454 operuerunt
1071 4398 1224 4444 faciem
1255 4406 1382 4445 terrae
1413 4401 1526 4446 sieut

1595 1906 1918 1963 provinciarum
1958 1906 2183 1950 dicentes:
2229 1922 2244 1947 ι
2267 1905 2443 1950 Desinat
2479 1906 2721 1962 indignatio
2758 1913 2835 1951 tua

1596 1979 1716 2022 circa
1754 1989 1850 2022 nos.
1888 1976 1994 2022 Veni
2027 1978 2154 2022 nobis
2181 1977 2406 2034 pacificus,
2445 1983 2488 2022 et
2517 1986 2637 2022 utere
2656 1978 2834 2023 servitio

1597 2057 1769 2101 nostro.
1806 2051 1922 2096 sicut
1946 2050 2158 2108 placuerit
2199 2051 2277 2095 tibi
2308 2050 2473 2108 (ludim
2511 2050 2598 2108 m).
2626 2066 2640 2093 t
2682 2050 2735 2094 Et
2759 2052 2837 2095 de·-

1598 2124 1767 2169 scendit
1783 2124 1837 2169 de
1855 2125 2078 2169 montibus
2097 2138 2194 2169 cum
2218 2127 2375 2170 virtute
2389 2137 2560 2183 magna,
2586 2131 2627 2168 et
2648 2124 2836 2169 obtinuit

1597 2210 1750 2243 omnes
1775 2197 1993 2251 civitates,
2021 2203 2063 2242 et
2101 2199 2315 2243 destruxit
2350 2211 2443 2251 eas,
2475 2203 2517 2243 et
2541 2210 2692 2242 omnes
2729 2196 2835 2242 deos

1598 2274 1726 2316 terrae
1748 2272 2067 2321 exterminavit,
2093 2272 2156 2315 sie
2183 2271 2297 2315 enim
2326 2280 2586 2328 praeceperat
2607 2269 2836 2314 Naliucho·
2861 2281 2866 2285 ·

1598 2346 1807 2399 donosor,
1840 2354 1889 2390 ut
1907 2346 1999 2403 ipse
2013 2347 2132 2391 solus
2162 2345 2274 2390 Deus
2298 2346 2515 2390 diceretur
2533 2344 2587 2388 ab
2612 2343 2678 2389 his
2700 2343 2836 2388 natio-

1599 2421 1746 2474 nibus,
1775 2432 1872 2478 quae
1907 2421 2153 2478 potuissent
2191 2419 2437 2464 llolosernis
2466 2418 2657 2476 potentia
2685 2417 2836 2475 subju·

1599 2496 1708 2553 gari.

1654 2569 1708 2614 Et
1732 2569 1956 2615 audientes
1982 2569 2054 2614 lilii
2080 2568 2207 2615 lsrael
2225 2603 2235 2620 ,
2260 2570 2495 2614 timuerunt
2518 2568 2656 2628 valde,
2691 2579 2745 2613 ne
2775 2569 2835 2613 si-

1599 2644 1718 2688 milia
1745 2644 1906 2689 faceret
1925 2645 1968 2688 in
1993 2643 2255 2695 Jerusalem,
2274 2644 2379 2688 etin
2405 2645 2652 2687 sanctuario
2674 2641 2767 2695 Dei,
2793 2648 2836 2688 et

1600 2718 1814 2763 miserunt
1848 2718 1891 2761 in
1915 2718 2122 2763 terminos
2147 2723 2286 2771 terrae,
2321 2730 2397 2774 per
2427 2729 2536 2774 quos
2565 2722 2732 2774 poterat
2754 2716 2836 2761 iter

1600 2805 1696 2838 esse
1719 2792 1764 2837 in
1793 2790 2059 2843 Jerusalem,
2093 2798 2134 2837 et
2166 2792 2414 2836 munierunt
2446 2796 2627 2850 angusta
2650 2792 2834 2840 viarum,

1601 2871 1644 2908 ct
1660 2863 1998 2907 humiliaverunt
2026 2875 2072 2906 se
2095 2874 2240 2907 coram
2262 2861 2460 2914 Domino,
2486 2862 2538 2906 ad
2573 2859 2838 2908 exhortatio-

1600 2949 1697 2982 nem
1737 2935 1946 2981 Eliachim
1972 2935 2227 2988 sacerdotis,
2253 2934 2327 2978 filii
2359 2933 2478 2990 Jesu,
2502 2933 2578 2979 lilii
2607 2933 2835 2988 Josedech,

1598 3011 1665 3055 vel
1686 3010 1794 3055 forte
1817 3010 2011 3062 alterius,
2039 3021 2166 3066 quem
2192 3008 2284 3066 ipse
2319 3007 2445 3054 lesus
2477 3009 2837 3054 circummittebat

1600 3082 1650 3126 ad
1703 3082 2046 3127 exhortationem
2100 3080 2284 3125 liliorum
2339 3079 2468 3126 lsrael
2519 3081 2564 3125 in
2619 3079 2837 3126 montibus

1601 3153 1766 3206 (Iudith
1805 3154 1879 3210 iv).
1916 3153 1970 3196 Et
1993 3159 2265 3210 ‘operuerunt
2298 3152 2548 3198 sacerdotes
2578 3153 2713 3197 altare
2747 3151 2836 3196 Do-

1599 3229 1883 3279 minicilich),
1912 3233 1956 3273 et
1976 3227 2058 3284 ipsi
2092 3227 2137 3270 in
2172 3227 2333 3279 cinere,
2359 3232 2400 3270 et
2437 3225 2581 3270 cilicio
2600 3225 2838 3272 offerebant

1602 3306 1874 3355 hoiocausta,
1899 3308 1943 3346 et
1974 3301 2222 3346 clamabant
2255 3301 2306 3345 ad
2344 3299 2586 3348 Dominum.
2617 3315 2631 3341 ι
2659 3299 2839 3344 Nuntia·

1601 3384 1780 3434 tumque
1805 3383 1870 3421 est
1891 3374 2115 3420 iloloi'erni
2150 3374 2264 3432 quod
2286 3375 2358 3418 lilii
2386 3374 2516 3419 lsrael
2549 3382 2839 3433 parassentse

1602 3450 1661 3494 ad¹
1685 3449 1991 3499 resistendum,
2015 3454 2058 3493 et
2093 3449 2302 3491 montium
2340 3448 2496 3492 itinera
2525 3449 2840 3494 conclusissent

1603 3523 1767 3579 (ludim
1788 3520 1850 3578 v),
1884 3537 1897 3563 ι
1925 3528 1968 3566 et
1996 3522 2164 3566 vocavit
2194 3521 2328 3566 duces
2358 3523 2539 3566 Ammon
2566 3527 2609 3566 et
2633 3521 2757 3566 Moab
2779 3521 2825 3566 di

1603 3609 1738 3641 cens:
1764 3610 1778 3636 ε
1808 3595 1913 3649 Quis
1948 3600 2014 3640 est
2046 3595 2233 3652 populus
2257 3595 2361 3643 iste,
2391 3595 2464 3652 qui
2497 3602 2700 3640 montana
2725 3595 2842 3640 obsi—

1602 3670 1691 3722 det,
1718 3675 1791 3713 aut
1815 3681 1911 3727 quae
1928 3675 1995 3713 est
2015 3670 2153 3714 virtus
2176 3669 2358 3714 eorum?
2383 3685 2399 3712 ι
2427 3668 2550 3714 Tunc
2572 3668 2732 3714 Achior
2753 3669 2840 3714 dux
2871 3728 2873 3732 ι

1605 3744 1789 3787 liliorum
1825 3745 2009 3786 Ammon
2043 3742 2288 3798 respondit,
2322 3743 2536 3798 replicans
2561 3742 2602 3788 ei
2625 3742 2841 3800 quomodo

1605 3817 1744 3872 primo
1762 3817 1951 3860 venisset
1975 3815 2158 3872 populus
2183 3815 2263 3858 iste
2283 3814 2336 3858 de
2364 3813 2586 3866 Chaldaea,
2611 3826 2687 3871 per
2702 3813 2842 3860 neso-

1603 3890 1851 3947 pntamiam,
1891 3888 1934 3931 in
1952 3893 2110 3932 terram
2134 3887 2355 3930 Chanaan.
2379 3885 2574 3944 Cumque
2593 3887 2841 3934 descendis·
2869 3912 2872 3926 ‹

1605 3966 1703 4007 sent
1739 3961 1783 4005 in
1809 3958 2061 4016 AEgyptum,
2088 3959 2317 4003 reduxerat
2356 3970 2431 4003 eos
2465 3958 2580 4004 Deua
2614 3970 2766 4004 eorum
2796 3962 2839 4006 in

1604 4042 1762 4079 terram
1787 4032 2169 4086 promissam,cum
2192 4030 2385 4085 placatus
2408 4035 2500 4074 erat
2520 4030 2740 4084 eis,nemo
2765 4043 2842 4088 po-

1603 4113 1716 4151 terat
1733 4119 1764 4147 e—

1606 4255 1755 4312 Nuper
1776 4261 1920 4299 autem
1949 4253 2184 4298 reduxerat
2210 4264 2286 4296 eoa
2308 4251 2351 4295 in
2378 4249 2615 4295 Jerusalem
2632 4250 2686 4293 de
2705 4249 2843 4293 servi·
2889 4275 2901 4293 »,,

1609 4334 1703 4372 tute
1725 4326 2147 4376 Nabuchodonosor,
2184 4324 2254 4368 cui
2286 4322 2522 4367 tradiderat
2557 4334 2634 4366 eos
2667 4325 2842 4378 propter

1842 4105 2048 4159 esistere;
2069 4114 2167 4147 cum
2186 4114 2289 4147 vero
2307 4102 2538 4147 irritabant
2557 4115 2675 4157 eum,
2698 4101 2842 4160 ssagel-
2894 4095 2899 4099 ’

1604 4181 1720 4225 labat
1743 4191 1836 4232 eos,
1855 4178 1958 4237 quia
1975 4175 2089 4223 Deus
2109 4189 2257 4223 eorum
2273 4182 2367 4222 erat
2383 4176 2534 4221 odiens
2551 4177 2837 4232 iniquitatem.
2881 4165 2902 4172 '⁴

2889 4217 2900 4258 l,

1610 4408 1784 4458 peccata
1804 4411 1900 4451 sua,
1921 4403 1964 4442 et
1981 4409 2097 4442 nunc
2125 4396 2322 4440 obtinent
2340 4400 2543 4438 montana
2564 4394 2670 4438 baec.
2690 4392 2744 4436 Et
2765 4393 2818 4435 ad
2889 4402 2897 4459 ῖς

297 4467 476 4513 locustae
519 4469 600 4520 Qui
623 4482 722 4515 cum
743 4476 958 4517 vastasset
982 4470 1195 4526 Ciliciam,
1222 4478 1263 4517 et
1290 4472 1530 4531 Mesopota-
1610 4473 1718 4518 didit
1737 4473 1893 4518 Achior
1917 4485 1928 4516 :
1952 4486 1967 4513 ι
1996 4471 2274 4517 l‘erserutare
2294 4468 2331 4515 si
2349 4467 2462 4515 Deus
2486 4479 2633 4513 corum
2653 4465 2840 4511 offensus
2882 4469 2902 4588 Ι·
