2924 4588
139 170 251 220 {275

807 170 1064 217 ntsTomA
1095 168 1488 219 scuoLASTtCA.
1518 198 1572 207 -—
1595 175 1751 219 LlBER
1781 176 2029 225 Juozcmt.

2584 196 2689 239 1271

140 279 235 313 mea
254 248 448 311 ciborum
470 265 692 322 reliquias.
719 280 734 307 ›
759 263 814 308 Et
831 263 1113 308 ascendentes
1138 264 1179 305 iu
1201 262 1375 307 let-usa-
1397 270 1436 314 Α
1456 271 1498 307 et
1517 267 1768 310 reservastis
1793 281 1891 313 aras
1907 283 2072 323 eorum,
2099 281 2140 317 ct
2157 276 2355 322 uoluistis
2375 281 2521 328 audire
2545 298 2703 335 vocem,

138 341 551 395 lem'percnsserunt
569 350 684 389 eam,
709 338 928 380 tradentes
963 336 1181 387 incendio,
1201 342 1245 379 et
1275 336 1378 378 reli-

139 415 327 466 querunt
349 409 408 453 ibi
430 409 720 460 Adouihcsec,
743 415 796 452 et·
814 417 1011 450 mortuus
1037 414 1117 451 est.
1142 406 1229 450 Nec
1251 408 1378 450 iutel-

111 470 116 474 ⁵
137 482 355 541 ligendum
379 491 462 535 est,
481 483 596 539 quod
624 484 695 527 tilii
717 483 850 527 lsrael
874 490 974 527 tunc
995 484 1238 526 habueruut
1256 482 1381 526 Jeru-

63 580 65 586 ι
103 615 107 617 ‚
137 543 270 603 salem
306 556 347 598 in
371 555 536 601 ditione
574 568 671 610 sua,
694 556 874 611 expulso
907 554 1120 598 tebusaem
1147 554 1239 598 Hoc
1261 555 1376 598 enim

11 620 66 676 ’.3
99 679 103 692 f
138 628 298 672 factum
339 641 423 672 uon
456 636 522 673 cst
549 642 686 686 usque
723 630 778 673 ad
804 637 997 684 tempora
1022 628 1171 680 David,
1205 630 1278 683 qui
1302 641 1378 672 ex-

140 700 278 757 pulsis
317 699 526 746 Jebusaeis
567 703 676 747 sedit
708 702 750 745 in
784 714 850 752 ca,
888 709 931 746 et
969 701 1188 745 transtulit
1207 713 1299 744 eam
1326 702 1378 744 de

59 803 63 812 .
135 772 357 827 Beniamin
381 773 421 815 in
446 780 606 817 sortem
631 785 796 828 regum.
819 772 908 816 Hoc
926 773 1096 817 videtur
1118 773 1377 829 quibusdam

58 856 61 865 ¹
136 841 458 900 recapitulando
486 847 667 899 dictum,
691 854 732 890 et
755 846 917 890 sactum
940 858 1036 890 esse
1056 847 1225 891 vivente
1244 847 1375 890 Josue

13 977 16 985 Ι
56 936 60 948 »
95 903 103 959 s
136 924 237 962 ante
259 918 608 965 distributionem
638 922 839 974 sortium,
869 922 1042 976 quando
1067 933 1271 965 concessa
1293 922 1375 966 sibi

136 988 272 1035 Judas
297 993 478 1037 habebat
507 993 747 1038 Jerusalem
768 1027 779 1047 ‚
818 1002 859 1038 et
889 1002 1025 1038 totum
1053 995 1375 1051 recapitulando

87 1097 107 1106 ..
137 1063 319 1118 dietum,
344 1078 482 1121 usque
505 1066 566 1109 ibi
589 1081 598 1110 :
627 1082 645 1108 ι
674 1067 726 1109 Et
747 1075 1028 1111 surrexerunt
1046 1069 1117 1111 alii
1139 1101 1150 1121 ,
1189 1068 1263 1124 qui
1289 1080 1373 1111 non

93 1153 99 1190 -ς
135 1145 347 1181 noverant
370 1132 594 1182 Dominum
622 1139 742 1194 (lud.
771 1140 835 1196 u).
865 1156 880 1181 ι
902 1142 986 1184 Alii
1021 1141 1195 1184 tradunt
1229 1153 1281 1185 eo
1301 1154 1373 1184 or-

94 1235 99 1237 -
135 1209 238 1253 dine
261 1209 424 1254 dietum
465 1224 561 1256 esse
591 1225 680 1268 quo
723 1213 901 1266 factum,
944 1221 986 1257 et
1024 1213 1082 1257 ibi
1104 1215 1276 1258 demum
1305 1215 1372 1256 in-

21 1291 26 1308 ·
88 1314 90 1317 -
134 1281 295 1326 choant
317 1285 736 1340 recapitulationem,
767 1301 782 1326 ι
806 1286 969 1330 dimisit
1006 1299 1110 1342 ergo
1146 1288 1368 1341 populum,

19 1404 25 1421 ¹
97 1385 102 1390 ψ
135 1363 216 1401 cte.
247 1356 353 1413 (Ios.
376 1358 467 1413 xv.)
487 1359 712 1402 *Ascendit
733 1367 774 1402 et
793 1359 922 1403 Caleb
943 1361 984 1403 in
1013 1360 1370 1416 llcbronterram,

132 1430 298 1475 §cilicet
318 1432 556 1487 gigantum,
596 1439 636 1475 et
675 1434 894 1488 percussis
927 1435 1157 1489 hostibus,
1202 1436 1371 1492 plenius

134 1505 326 1562 possedit
359 1517 470 1548 eam.
507 1505 558 1548 Et
599 1507 856 1561 recapitulat
877 1508 949 1551 hie
977 1508 1220 1561 historiam.
1259 1511 1373 1566 quod

76 1627 77 1634 ἵ
136 1578 475 1632 supradiximus
510 1578 673 1624 sactum
721 1581 764 1623 in
806 1581 1130 1639 Ariathsephcr.
1167 1583 1377 1640 Cepitque

0 1634 6 1723 Γ
133 1649 267 1694 Judas
312 1650 489 1703 Gazam,
517 1658 559 1695 et
573 1652 784 1705 Ascalon,
818 1661 859 1696 et
878 1653 1073 1698 Aee-aron
1095 1668 1194 1699 eum
1216 1656 1374 1701 linibus

0 1727 2 1738 '
76 1732 77 1735 ’
133 1723 243 1780 suis.
270 1723 356 1768 Nec
376 1726 516 1780 pot-uit
535 1726 682 1770 delere
702 1727 968 1772 habitatores
991 1728 1146 1781 vallis,
1175 1730 1276 1786 quia
1295 1730 1375 1779 sal-

135 1798 243 1843 catis
262 1800 463 1844 curribus
483 1801 779 1847 abundabant.

185 1872 397 1917 'Addicto
421 1874 460 1919 1.
483 1872 574 1918 Hoc
609 1876 739 1918 etiam
775 1875 866 1919 vult
899 1876 1182 1934 Augustinus,
1222 1880 1375 1927 ordine

72 1975 74 1977 -
133 1956 212 1988 suo
230 1945 394 2007 dictum
414 1946 456 1990 in
483 1945 614 1991 losue
639 1953 1017 2005 praeoccupatum..

74 2005 79 2008 ”
210 2017 313 2062 Car.
339 2017 409 2062 tlt.
430 2018 492 2062 De
523 2018 694 2072 Cinneis,
721 2027 762 2063 et
781 2024 1113 2078 trausyressione
1135 2027 1296 2080 populi.

192 2106 208 2133 ι
225 2090 324 2135 Filii
345 2098 488 2136 autem
509 2092 656 2137 Jetlu‘o
674 2092 822 2148 Cinaei,
847 2098 1012 2150 cognati
1045 2094 1197 2155 Moysi,
1224 2112 1375 2144 aseen-

130 2164 287 2209 derunt
307 2164 359 2210 de
393 2166 568 2210 civitate
593 2165 838 2210 Palinurum
860 2181 958 2211 eum
985 2170 1082 2214 filiis
1106 2170 1214 2214 Juda
1237 2173 1281 2216 in
1297 2173 1373 2217 de·-

132 2246 292 2283 sertum
314 2240 448 2284 sortis
467 2226 579 2294 ejus,
608 2241 722 2296 quod
747 2248 812 2285 est
833 2243 887 2285 ad
913 2243 1132 2288 meridiem
1159 2245 1368 2303 (Jud.1).2

131 2310 204 2355 lsti
225 2320 325 2355 sunt
351 2299 425 2368 lilii
453 2311 580 2357 Jobal
613 2313 761 2357 fratris
792 2313 1010 2370 Septim-ae,
1031 2319 1188 2360 -uxoris
1222 2318 1370 2375 Moysi,

130 2386 221 2441 qui,
248 2387 400 2429 rel-icto
422 2392 542 2441 patre
566 2393 608 2431 et
639 2387 794 2443 patria,
821 2394 996 2434 secutus
1023 2396 1088 2433 est
1109 2390 1299 2448 Moysen,
1331 2401 1372 2435 et
1395 2406 1426 2451 C

70 2459 81 2518 J
130 2451 335 2516 deinceps
353 2459 561 2505 habitavit
588 2459 631 2502 in
654 2460 796 2504 medio
823 2461 1008 2504 liliorum
1032 2462 1179 2508 lsrael.
1210 2465 1371 2510 Civitas

131 2538 271 2576 autem
293 2523 539 2575 Palm-‘trum
561 2532 720 2575 dicitur
739 2533 808 2576 hic
832 2533 1041 2590 Engmtdi.
1062 2535 1136 2580 Vel
1153 2538 1225 2592 qui
1250 2550 1273 2580 a
1303 2538 1374 2583 Je-

130 2605 253 2648 richo
277 2606 339 2648 sic
367 2606 474 2649 solet
507 2605 733 2662 appellari,
773 2617 815 2651 ct
845 2606 957 2651 sorte
980 2597 1372 2666 deeampestribns

73 2678 76 2679 ⁷
129 2679 238 2732 ejus,
261 2679 332 2721 ubi
346 2683 469 2722 erant
485 2690 580 2721 cum
600 2678 805 2733 Bejamin,
830 2681 1146 2730 transtulerunt
1165 2694 1213 2726 se
1227 2682 1278 2724 ad
1297 2682 1372 2734 Juw

129 2751 243 2795 dam.
263 2750 487 2806 Beniamin
509 2757 650 2795 autem
677 2758 772 2808 post
795 2751 950 2796 Iudam
976 2754 1170 2798 aseendit
1191 2756 1235 2802 in
1254 2754 1374 2799 Jeru-

128 2824 277 2868 talem.
301 2823 411 2868 ilinc
433 2829 582 2879 putant
605 2825 779 2881 quidam
811 2837 905 2870 eam
931 2826 1064 2872 fuisse
1082 2839 1367 2872 communem.

127 2894 216 2939 Nec
245 2897 384 2952 potuit
421 2897 578 2952 ejicere
611 2897 871 2948 Jehusaeum,
927 2899 1000 2944 sed
1038 2901 1234 2956 permisit
1269 2914 1366 2945 eum

55 2953 63 2979 ²
127 2966 326 3015 babitare
351 2980 496 3011 secum
521 2969 771 3023 intributo.
792 2969 1194 3029 Eph1·aitit.quoque
1219 2986 1371 3017 ascen-

52 3064 62 3087 ,
127 3039 191 3082 dit
209 3040 253 3084 iu
281 3039 447 3092 Bethel,
483 3053 579 3097 quae
602 3042 724 3098 prius
741 3044 978 3088 vocabatur
1000 3044 1369 3090 anaNidentes-

51 3099 66 3134 2
127 3123 211 3166 que
245 3111 462 3156 hominem
486 3114 775 3169 egredientem
806 3114 859 3159 de
895 3117 1074 3162 obsessa
1104 3120 1279 3161 civitate
1302 3119 1372 3162 dia.

129 3191 286 3240 xerunt
315 3186 371 3229 ei.
411 3202 425 3227 ‹
461 3184 652 3231 Ostende
689 3189 818 3233 nobis
844 3190 1067 3233 introitum
1099 3192 1301 3242 ciritatis,
1327 3198 1369 3235 et

126 3256 339 3301 faciemus
377 3264 520 3302 tecum
551 3260 913 3306 misericordiam.
948 3279 962 3304 ›
990 3263 1086 3316 Quo
1114 3265 1367 3309 ostendente

75 3378 78 3380 ,
131 3337 449 3383 percusserunt
479 3343 592 3384 eam,
619 3333 838 3378 hominem
864 3348 969 3380 vero
1003 3343 1047 3380 et.
1079 3337 1250 3381 domum
1273 3341 1386 3395 ejus'

125 3401 390 3450 ditaverunt.
418 3403 500 3456 Qui
526 3407 743 3453 transiens
778 3409 821 3451 in
858 3415 1016 3452 terram
1042 3411 1217 3463 Etthim,
1247 3413 1367 3456 edili·

1459 349 1616 382 meam.
1655 338 1941 392 Quamobrem
1971 345 2030 387 dii
2054 357 2201 391 eorum
2234 359 2360 395 erunt
2384 356 2505 401 vobis
2531 359 2572 402 in
2600 362 2691 405 rui·

1463 421 1581 453 nam.
1622 424 1638 451 ι
1671 408 1772 455 llaec
1801 415 1955 469 angelo
1991 417 2208 473 loquente,
2243 424 2514 472 elevaverunt
2542 444 2690 480 vocem
2722 477 2724 480 ,

1459 492 1598 532 suam,
1619 488 1662 526 et
1679 482 1904 537 fleverunt,
1933 495 1973 531 et
1987 498 2182 535 vocatum
2196 503 2262 538 cst
2286 509 2436 542 nomen
2459 502 2537 546 loci
2557 506 2689 560 illius,

1458 554 1581 598 locus
1602 553 1834 609 Flentium,
1854 563 2181 616 cognominatus
2203 570 2255 611 ab
2274 581 2444 623 eventu,
2464 577 2689 623 sicutGal—

1455 625 1551 679 gala
1579 624 1710 670 Collis
1758 633 2075 686 proeputiorum.
2124 653 2139 677 ι
2180 639 2591 705 lmmolaveruntque
2630 655 2688 698 ibi

1458 694 1623 741 hostias
1643 698 1841 746 Domino.
1875 719 1889 745 ι
1922 704 2058 750 Porro
2082 708 2150 752 hic
2191 716 2444 769 recapitulat
2466 721 2688 770 historiam

1455 768 1510 812 de
1524 769 1655 814 Josue
1677 773 1729 815 ad
1751 777 2087 822 continuandam
2109 782 2273 829 ordinis
2311 791 2462 833 seriem
2496 795 2647 841 dicens
2674 812 2687 844 ε

1458 839 1629 887 Dimisit
1666 858 1767 900 ergo
1793 845 1926 893 Josuc
1961 855 2183 908 populum,
2220 865 2262 900 et
2287 861 2486 906 abierunt
2520 867 2592 910 tilii
2624 869 2684 916 ts-

1458 918 1543 958 rael
1561 919 1855 974 unusquisque
1872 922 1913 963 iu
1930 926 2241 977 possessionem
2263 943 2400 984 suam,
2426 940 2678 987 servierunt-

1456 998 1539 1041 que
1563 987 1740 1035 Domino
1765 997 1935 1039 cunetis
1971 997 2121 1043 diebus
2141 1001 2270 1046 Josue
2291 1012 2332 1048 ct
2358 1011 2588 1065 seniorum,
2612 1028 2684 1070 quc

1456 1067 1667 1114 postcunt
1689 1066 1905 1118 vixerunt,
1929 1076 1972 1114 et
1995 1083 2208 1118 noverunt
2230 1091 2358 1133 opera
2383 1081 2564 1138 Domini,
2592 1100 2673 1143 qua

1458 1132 1616 1178 fecerat
1657 1150 1754 1181 eum
1796 1140 1944 1186 lsrael.
1988 1144 2181 1191 Mortuus
2212 1157 2277 1193 est
2303 1161 2444 1197 antem
2470 1156 2614 1209 Josue‚
2644 1174 2682 1204 e<

1454 1209 1595 1252 omnis
1614 1213 1830 1265 generatio
1871 1216 2087 1261 seniorum
2111 1232 2367 1278 (origi-egam
2386 1235 2451 1271 est
2474 1230 2524 1273 ad
2544 1238 2678 1286 patre.

1455 1292 1572 1323 suos.
1603 1297 1618 1322 ι

1457 1350 1560 1396 Car.
1578 1352 1628 1397 V.
1649 1354 1708 1398 De
1724 1355 1935 1403 othoniele
1954 1364 2091 1417 pepuli
2105 1365 2338 1422 liberatore,
2370 1379 2409 1414 et
2434 1373 2522 1428 ejus
2539 1386 2682 1423 morte.

1515 1439 1529 1464 ι
1557 1423 1902 1473 Etsurrexerunt
1926 1434 2014 1484 alii,
2034 1438 2104 1490 qui
2128 1451 2213 1481 non
2233 1451 2442 1487 noverunt
2460 1446 2682 1492 Dominum

1456 1491 1573 1553 (Ina.
1597 1498 1662 1555 lt),
1699 1516 1714 1542 ι
1743 1500 1784 1545 id
1807 1510 1873 1548 est
1915 1519 2001 1549 non
2026 1510 2221 1554 viderant
2247 1515 2425 1560 virtutes
2442 1518 2550 1572 ejus,
2576 1534 2684 1577 quas

1455 1571 1614 1613 fecerat
1637 1574 1700 1616 eis
1720 1573 1763 1616 iu
1781 1576 1899 1619 exitu
1924 1578 1977 1622 de
1999 1580 2183 1638 AEgypto
2212 1585 2254 1628 in
2279 1588 2465 1642 deserto,
2485 1598 2526 1635 ct
2550 1594 2590 1636 in
2616 1595 2685 1639 in-

1454 1656 1603 1700 gressu
1628 1653 1750 1691 terrae
1773 1652 2090 1704 promissionis.
2117 1672 2130 1696 ι
2159 1656 2620 1718 Fet-eruntquemalrm
2641 1670 2684 1713 in

1455 1726 1689 1774 conspectu
1710 1721 1897 1776 Domini,
1922 1731 2222 1775 etscrvierunt
2239 1733 2339 1778 Baal
2366 1743 2407 1780 et
2431 1739 2681 1796 Astharoth,

1454 1798 1495 1834 et
1525 1790 1610 1836 diis
1640 1801 1779 1845 terrae,
1804 1804 2196 1858 contraxeruntque
2221 1809 2419 1865 conjugia
2445 1823 2541 1855 cum
2577 1817 2683 1860 alie-

1454 1864 1624 1921 nigenis
1650 1864 1809 1924 (Judic.
1826 1871 1909 1926 ιιι).
1932 1887 1948 1913 ι
1968 1873 2257 1926 Quamobrem
2282 1882 2499 1938 indignata
2523 1887 2683 1931 diviui-

1454 1945 1538 1990 tas,
1564 1952 1648 1983 non
1677 1941 1831 1986 delevit
1851 1951 2001 1999 gentes
2025 1948 2076 1990 de
2113 1951 2253 1993 medio
2277 1965 2441 2006 corum,
2462 1964 2508 2000 ut
2540 1968 2686 2004 essent

1453 2013 1517 2056 cis
1538 2010 1580 2055 in
1600 2012 1796 2059 aculeum
1817 2024 1859 2061 et
1885 2019 2090 2065 lahorem.
2122 2037 2136 2062 c
2169 2024 2218 2066 Et
2245 2027 2420 2070 tradidit
2444 2042 2518 2074 eos
2541 2031 2685 2076 Domi-

1453 2099 1536 2132 nus
1564 2088 1606 2130 in
1635 2087 1836 2133 manibus
1859 2089 2033 2135 Chusan
2059 2093 2305 2141 Rasathaim
2345 2102 2458 2156 regis
2492 2102 2685 2160 Mesopo-

1454 2160 1595 2203 tamiae
1626 2166 1667 2203 et
1700 2158 1849 2216 Syriae.
1889 2162 2223 2221 Servieruntune
2257 2170 2320 2214 eis
2344 2178 2441 2214 octo
2466 2176 2607 2228 aunis,
2634 2184 2677 2220 ct

1453 2233 1749 2275 clamaverunt
1765 2234 1819 2276 ad
1843 2233 2086 2287 Dominum,
2107 2240 2177 2294 qui
2205 2243 2427 2287 suscitavit
2448 2247 2508 2290 eis
2530 2248 2684 2292 libera-

1455 2308 1590 2347 torem
1629 2303 1854 2357 Othoniel,
1897 2307 2072 2353 fratrem
2104 2311 2265 2364 caleb,
2313 2328 2437 2370 quem
2472 2317 2683 2375 Josephus

1456 2377 1613 2420 Cenem
1643 2384 1781 2430 vocat,
1824 2381 1948 2436 quasi
1987 2384 2243 2437 equivocum
2271 2391 2400 2443 patri.
2438 2390 2489 2433 Et
2527 2393 2684 2437 d-icltur

1453 2440 1627 2502 Cenem,
1662 2453 1783 2506 quasi
1817 2452 2050 2498 Ceneza'rus
2085 2469 2107 2498 a
2145 2458 2253 2503 loco.
2281 2459 2330 2502 Et
2365 2462 2440 2505 suit
2476 2463 2682 2511 Dominus

1453 2536 1549 2566 cum
1567 2526 1639 2577 eo,
1654 2534 1694 2568 ct
1717 2529 1920 2582 pugnavit
1942 2529 2147 2574 adversus
2167 2531 2340 2577 Chusau
2356 2534 2619 2588 Rasathaim,
2639 2547 2682 2584 et

1452 2598 1670 2652 oppressit
1692 2611 1810 2650 eum,
1838 2606 1881 2642 et
1900 2602 2060 2655 quievit
2089 2608 2202 2645 terra
2225 2606 2506 2662 quadraginta
2538 2612 2678 2657 antitis.

1450 2668 1503 2711 Et
1527 2678 1726 2715 mortuus
1751 2679 1816 2715 est
1842 2673 2058 2718 Othoniei.
2087 2692 2101 2717 ›
2127 2676 2204 2720 llic
2227 2680 2329 2721 dicit
2350 2679 2575 2737 Josepltus,
2607 2697 2681 2728 oc·

1451 2743 1657 2786 cisionem
1696 2743 1738 2787 in
1773 2745 1992 2799 Beniamin
2023 2746 2180 2791 factam
2216 2763 2294 2806 pro
2326 2765 2459 2797 uxore
2492 2755 2675 2811 Levitae3

1450 2814 1563 2869 quod
1590 2828 1667 2859 nos
1703 2816 1815 2860 infra
1847 2830 2071 2872 ponemus,
2103 2830 2328 2876 sequentes
2343 2825 2531 2869 ordinem
2551 2829 2676 2881 hujus

1451 2888 1564 2930 libri.
1592 2887 1642 2929 Et
1678 2895 1778 2930 nota
1814 2891 1927 2944 quod
1960 2891 2126 2934 llebraei
2153 2895 2234 2935 sub
2261 2895 2339 2937 hoe
2364 2909 2541 2940 numero
2561 2910 2679 2941 com-0

1448 2962 1765 3015 prehenderunt
1783 2975 1919 3007 annos
1936 2965 2156 3010 servitutis
2174 2973 2214 3009 et
2233 2969 2404 3023 quietis,
2425 2977 2466 3013 et
2484 2972 2678 3015 similiter

1449 3034 1529 3078 sub
1556 3035 1650 3078 aliis
1666 3034 1902 3090 judicibus.
1927 3036 2063 3080 Aliter
2085 3052 2170 3082 non
2195 3046 2327 3085 staret
2345 3043 2540 3088 historia.

1939 3107 2189 3162 incidentia.

1504 3178 1548 3221 ln
1573 3178 1725 3223 diebus
1758 3179 1954 3225 Othoniel
1987 3182 2181 3234 ,Cadmus
2213 3185 2405 3239 regnavit
2437 3183 2593 3229 Thebis
2624 3199 2673 3230 ez

1447 3253 1570 3308 cuius
1601 3253 1684 3296 iilia
1720 3255 1883 3299 Semele
1897 3263 2025 3299 natus
2045 3262 2111 3299 est
2138 3255 2368 3313 Dionysius
2391 3258 2517 3301 Liber
2539 3266 2675 3313 pater.

1446 3327 1642 3384 Bithynia
1688 3328 1861 3371 condita
1899 3337 1965 3372 est.
2001 3343 2022 3371 a
2060 3329 2274 3383 Pltoeuice,
2309 3334 2378 3386 qui
2403 3332 2679 3376 Phoenicibus

1447 3402 1654 3455 quasdam
1690 3402 1866 3444 tradidit
1897 3403 2074 3452 litteras,
2097 3413 2136 3446 et
2156 3403 2208 3445 ad
2233 3405 2503 3447 scribendum
2523 3406 2676 3449 vermi-

125 3475 239 3518 cavit
267 3476 325 3520 ibi
348 3479 581 3531 civitatem,
608 3487 650 3524 et
675 3484 847 3525 vocavit
864 3495 957 3535 εἴλῃ]
984 3482 1158 3529 Lnga-m·
1184 3487 1270 3530 Nec
1288 3487 1363 3531 de,
1389 3483 1421 3525 1)
1446 3473 1587 3515 culum
1614 3473 1815 3517 instituit.
1855 3473 1992 3524 Unde,
2019 3483 2060 3518 et
2082 3476 2200 3518 color
2225 3477 2295 3519 ille
2330 3476 2580 3520 Phoeniceus
2609 3480 2676 3520 di-

131 3546 235 3591 levit
253 3548 456 3605 Ephraim
476 3550 787 3610 Chananaeum,
807 3554 881 3598 sed
909 3567 1064 3609 passus
1090 3563 1154 3599 est
1180 3570 1274 3600 cum
1295 3558 1362 3599 ri-

42 3624 55 3628 *
123 3629 224 3663 vcro
254 3621 336 3664 sub
364 3621 546 3666 tributo.
575 3624 801 3678 Similiter.
827 3631 868 3667 et
894 3626 1071 3682 reliqua:
1099 3628 1237 3671 tribus
1263 3640 1361 3670 cum

123 3698 268 3737 essent
282 3691 551 3747 confortatae,
579 3697 822 3741 maluerunt
844 3710 920 3741 eos
941 3702 1096 3740 nabere
1115 3699 1363 3742 tributarios

122 3777 252 3821 quam
279 3767 439 3819 delere,
463 3771 829 3826 transgredientes
855 3778 1101 3816 mandatum
1119 3772 1302 3821 Domini,
1321 3778 1363 3814 et

124 3845 433 3884 converterunt
457 3853 504 3886 se
527 3842 580 3885 ad
597 3843 916 3899 agriculturas.
941 3843 1021 3898 Qui
1046 3844 1099 3886 ad
1124 3843 1295 3899 divitias
1318 3855 1363 3886 se

124 3910 344 3956 trudentes
378 3925 454 3968 per
500 3915 650 3968 epulas
695 3921 738 3958 et
774 3915 1014 3966 libidinem,
1048 3917 1136 3970 jam
1171 3917 1363 3959 imbelles

122 3981 313 4044 lieth-in
336 3973 664 4039 conversatione
691 3988 828 4043 legum
854 3989 1008 4046 integri
1027 4001 1111 4030 uon
1138 3994 1277 4030 erant.

276 4056 378 4107 Car,
399 4048 477 4109 lv.
503 4059 563 4102 De
584 4060 681 4103 >loco
699 4058 912 4103 Flentium
933 4060 975 4101 in
1002 4056 1206 4113 Galqalis.

186 4138 202 4165 c
223 4125 412 4189 Angelus
433 4135 583 4173 autem.
605 4129 773 4173 Domini
800 4131 997 4186 apparuit
1029 4130 1072 4171 in
1103 4129 1296 4184 Galga'ta,
1322 4134 1364 4171 et

121 4209 219 4242 cum
256 4203 564 4246 convenissent
593 4189 669 4245 lilii
700 4202 834 4247 Israel
867 4203 921 4246 ad
960 4215 1076 4251 eum,
1111 4193 1163 4245 dc
1186 4202 1359 4251 tinibus,

122 4272 420 4317 transtulit—se
443 4274 497 4317 ad
528 4274 659 4317 alium
685 4274 844 4325 locum,
873 4281 913 4317 et
939 4272 1119 4329 insecuti
1140 4277 1239 4316 sunt
1264 4285 1362 4315 eum

129 4340 250 4397 (Iud.
278 4344 345 4401 ιι).
368 4361 383 4388 »
414 4346 608 4403 Cumque
627 4348 960 4406 improperasset
980 4347 1046 4391 eis
1061 4345 1269 4388 Dominus
1287 4357 1363 4401 per

58 4419 59 4422 ’
119 4419 317 4473 angelum
362 4420 587 4472 beneficia,
630 4434 726 4476 quae
767 4423 831 4465 eis
870 4421 1126 4470 contulerat,
1180 4419 1359 4462 addidit.

127 4506 141 4528 ι
169 4489 256 4533 Cin·
274 4491 415 4536 inistis
442 4492 578 4538 soedus
605 4505 702 4537 cum
726 4493 1042 4538 habitatoribus
1066 4498 1191 4537 terrae
1215 4491 1358 4547 hujus,

1444 3553 1539 3588 ctus
1564 3552 1629 3588 est
1650 3558 1734 3600 quo
1748 3554 1895 3601 postea
1920 3548 2058 3589 littera
2085 3554 2245 3591 mutata
2270 3547 2480 3592 Puniceus
2499 3551 2672 3594 dicitur.

1446 3618 1620 3673 lippira.
1655 3632 1750 3674 quae
1788 3633 1900 3662 nunc
1940 3620 2173 3664 Corinthus
2218 3621 2392 3672 dieitur,
2435 3634 2457 3663 a
2491 3622 2672 3679 Sysiplto

1442 3691 1613 3734 condita
1637 3699 1717 3734 est.
1745 3690 1883 3735 Minos
1912 3690 2023 3735 filius
2049 3692 2227 3747 Europae
2250 3695 2440 3747 regnavit
2467 3694 2508 3735 in
2528 3695 2670 3749 Creta.
2698 3738 2701 3740 ,

1481 3762 1581 3806 Cu».
1612 3763 1680 3806 Vt.
1707 3763 1769 3805 De
1791 3762 1898 3813 Aod,
1922 3770 1961 3805 et
1986 3763 2148 3818 Sauqar
2166 3764 2452 3807 liberatoribus
2477 3765 2628 3810 lsraet.

1503 3850 1518 3875 ‹
1548 3834 1818 3878 Addiderunt
1845 3843 1986 3878 autem
2022 3837 2094 3878 tilii
2127 3836 2256 3879 lsrael
2285 3838 2425 3880 facere
2449 3840 2606 3880 malum
2627 3840 2669 3881 in

1442 3917 1675 3966 conspeetu
1721 3910 1904 3952 Domini.
1946 3908 2027 3961 Qui
2074 3911 2295 3953 suscitavit
2347 3912 2551 3954 adversus
2596 3926 2669 3956 cos

1441 3984 1574 4040 Eglon
1597 3996 1737 4038 regem
1781 3984 1919 4033 Moab,
1940 3991 1981 4027 et
2001 3985 2216 4039 copulavit
2240 3986 2276 4028 ei
2298 3986 2405 4028 lilios
2430 3986 2607 4030 Animum
2629 3996 2668 4031 et

1441 4058 1615 4100 Amalec
1650 4055 1820 4112 (Judic.
1868 4058 1957 4113 tn).
2002 4071 2016 4097 i
2047 4057 2127 4109 Qui
2178 4059 2395 4101 transiens
2439 4057 2667 4103 Jordauem

1441 4128 1654 4183 percussit
1689 4126 1835 4177 lsrael,
1863 4136 1906 4170 et
1942 4129 2084 4183 posuit
2104 4128 2216 4171 idola
2244 4141 2321 4172 sua
2348 4130 2390 4171 in
2410 4128 2599 4184 Galgala‚
2627 4140 2669 4174 et

1443 4201 1542 4244 fecit
1560 4200 1642 4244 sibi
1660 4199 1831 4242 domum
1857 4199 1901 4241 in
1919 4200 2023 4242 urbe
2040 4199 2298 4252 Palmarum,
2326 4200 2368 4243 id
2390 4208 2456 4244 est
2477 4199 2663 4250 ierit-lto,

1441 4280 1483 4316 et
1505 4272 1743 4316 servierunt
1774 4272 1811 4314 ei
1836 4270 1910 4314 tilii
1942 4270 2071 4315 lsrael
2095 4272 2240 4315 decem
2277 4279 2318 4315 et
2343 4279 2439 4315 octo
2461 4275 2600 4321 aunis.
2625 4280 2665 4316 et

1442 4345 1733 4387 clamaverunt
1756 4343 1809 4385 ad
1836 4342 2172 4406 Domintun30111
2188 4344 2407 4386 suscitavit
2442 4345 2504 4387 cis
2526 4345 2661 4386 satva-

1442 4423 1594 4467 torem,
1625 4414 1734 4466 Aod,
1769 4414 1899 4457 filium
1923 4414 2031 4458 Gera
2066 4415 2137 4456 11111
2173 4414 2356 4460 Gemini.
2385 4416 2464 4467 Qui
2484 4422 2662 4470 utraque

1442 4502 1571 4532 manu
1595 4489 1794 4531 utebatur
1821 4499 1897 4542 pro
1917 4486 2108 4531 dextera.
2136 4486 2385 4531 Geminum·
2411 4487 2661 4544 quidamdi-
