2924 4588
252 102 359 147 ⁴2³1

1261 89 1358 134 rm
1369 89 1438 145 nt
1453 85 1806 133 conssroms

2851 0 2867 42 i

2713 89 2826 134 iasa
2844 53 2868 145 ἐξ

233 185 429 238 'censum
452 185 647 243 nomino,
666 200 720 232 ne
738 187 895 232 similia
917 193 1154 243 pateretur.
1185 183 1349 228 Tamen
1377 181 1501 227 etsie
1523 185 1560 230 A
1582 178 1686 224 Car.
1718 177 1866 225 xxttt.
1895 178 1958 221 De
1997 177 2134 224 reditu
2172 178 2216 222 in
2253 177 2387 223 Gades
2426 179 2472 222 in
2511 179 2827 236 quadrupe-simo
2859 197 2868 228 -ς

252 263 496 312 fabrefactae
519 267 641 322 erant
655 292 667 312 ,
693 259 809 314 qood
832 258 889 301 ibi
915 258 1086 300 stabant
1109 255 1400 300 addecorem.
1441 295 1444 297 Α

308 340 323 356 ·
351 335 523 378 Additio
548 334 588 376 l.
614 331 723 374 Nota
765 330 1026 386 quod'lsaar
1069 338 1112 373 et
1142 329 1316 372 Amram
1342 329 1500 370 fratres

253 415 390 460 erant,
416 411 599 461 quornm
629 405 752 455 alter,
775 403 940 447 seilicet
977 402 1111 450 lsaar‚
1146 402 1246 457 quia
1281 412 1496 456 primoge-

254 480 370 522 nitus
391 486 498 528 erat,
527 478 666 519 visum
693 475 776 518 suit
811 475 899 520 filio
923 475 1088 518 scilicet
1117 473 1245 525 Cure,
1271 473 1386 528 quod
1409 473 1500 527 ipse

255 552 398 606 potius
413 550 588 593 haberet
610 561 829 591 summum
849 548 1138 592 sacerdotium
1178 557 1308 602 quam
1332 545 1501 601 Moyses

255 623 369 665 lilius
391 622 582 671 Amram,
623 626 666 662 et
697 620 779 663 boc
813 620 927 662 idem
961 619 1099 661 voluit
1133 618 1393 674 persuadere
1417 617 1501 660 Da—

254 694 373 743 tban,
396 698 438 734 ct
457 690 635 742 Abii-ou,
657 690 712 734 de
732 689 939 746 dignitate
968 688 1169 741 ducatus,
1196 688 1296 744 quia
1313 688 1505 746 potiores·

251 773 374 808 erant
397 761 640 805 llubenitis.

337 867 438 912 Car.
469 866 578 911 XXl.
613 867 675 910 De
711 869 931 911 exustione
947 865 1093 924 populi
1120 868 1325 912 exste'ncta
1345 879 1424 925 per·

801 926 962 968 Aaron.

307 1017 464 1065 lterum
491 1017 686 1076 sequenti
712 1017 797 1067 die,
831 1032 845 1059 ι
871 1016 1160 1061 murmuravit
1192 1015 1335 1060 omnis
1357 1014 1503 1059 multi-

255 1094 356 1136 tudo
380 1102 528 1136 contra
562 1090 736 1147 Moysen
769 1095 814 1132 et
850 1089 993 1131 Aaron
1026 1087 1176 1131 dicens
1205 1103 1215 1131 ;
1247 1086 1329 1147 Vos
1372 1087 1504 1131 inter-

255 1166 417 1211 fecistis
451 1165 654 1222 populum
699 1161 869 1205 Domini
910 1159 1076 1216 (Num.
1101 1162 1228 1216 xvi).'
1251 1174 1266 1201 ι
1307 1160 1509 1215 Cumque

255 1239 409 1282 vellent
443 1250 519 1282 eos
556 1239 736 1281 obruere
770 1235 1000 1291 lapidibus,
1042 1234 1243 1292 sugerunt
1276 1235 1329 1282 ad
1362 1228 1504 1278 taber-
1527 1249 1560 1294 B

253 1312 472 1362 naculum,
497 1318 538 1354 et
562 1310 732 1366 operuit
755 1321 829 1352 eos
850 1307 987 1350 nubes
1006 1341 1016 1358 ‚
1044 1307 1326 1363 apparuitque
1366 1306 1500 1362 gloria

254 1385 440 1436 Domini.
469 1384 521 1428 Et
545 1394 746 1440 egressus
771 1381 887 1437 ignis
910 1392 933 1422 a
964 1379 1148 1423 Domino
1173 1380 1395 1423 devoravit
1419 1390 1501 1435 po-

253 1460 419 1515 pulum.
442 1457 644 1514 Dixitque
678 1456 848 1513 Moyses
882 1455 935 1498 ad
957 1456 1101 1498 Aaron
1123 1470 1134 1498 :
1159 1454 1278 1498 Tolle
1303 1454 1503 1498 thuribu-

255 1533 361 1585 lum,
386 1532 598 1575 etbausto
622 1531 718 1587 igne
742 1531 795 1575 de
818 1530 960 1582 altari,
980 1533 1230 1584 ponensque
1247 1529 1501 1585 tbymiama,

190 1602 194 1605 ’
258 1617 389 1660 perge
411 1603 573 1648 citoad
611 1603 834 1658 populum,
866 1610 912 1646 ut
946 1612 1072 1658 roges
1108 1613 1187 1656 pro
1219 1600 1299 1643 eis.
1328 1597 1504 1644 Accele-

255 1689 444 1733 ransque
460 1675 605 1719 Aaron
628 1687 727 1720 cum
752 1674 992 1727 thuribulo,
1017 1683 1060 1718 et
1082 1679 1204 1718 stans
1229 1673 1340 1715 inter
1361 1672 1501 1724 rivos,

258 1757 301 1793 et
326 1755 548 1802 mortuos,
575 1748 714 1792 oravit
758 1740 991 1790 Dominum
1013 1781 1024 1800 ,
1065 1753 1108 1790 et
1141 1746 1265 1802 plaga
1300 1745 1501 1789 cessavit.

256 1822 450 1866 Fuerunt
470 1828 614 1864 autem
630 1820 822 1876 percussi
843 1831 901 1864 ex
917 1820 982 1864 eis
1002 1817 1331 1876 quatuordecim
1353 1817 1502 1870 millia,

256 1903 299 1938 et
338 1892 625 1949 septuaginta.
664 1891 776 1935 Alibi
817 1891 999 1935 habetur
1032 1889 1307 1945 septingenti,
1351 1893 1507 1944 praeter

256 1966 338 2010 hos
361 1965 435 2021 qui
453 1964 671 2021 perierant
692 1964 736 2007 in
768 1964 978 2009 seditione
997 1961 1123 2006 Coro.

311 2037 484 2082 Additio
533 2037 574 2081 l.
625 2035 760 2093 Signo
800 2034 1024 2091 praemisso
1062 2033 1380 2077 confirmatum
1426 2029 1508 2076 suit

257 2108 545 2153 sacerdotium
573 2107 735 2152 Aaron.
754 2107 906 2151 Adbuc
929 2107 1015 2151 duo
1038 2112 1295 2163 sequuntur,
1319 2104 1505 2162 quorum

258 2182 439 2226 alterum
466 2181 537 2225 bic
558 2181 833 2237 supponitur.

2144 248 2270 279 011110.

1634 324 1827 369 Fuerunt
1851 327 1997 382 itaquo
2018 326 2094 370 filii
2119 323 2252 368 lsrael
2272 323 2401 380 longo
2426 331 2616 379 tempore
2637 324 2680 368 in
2717 325 2822 368 soli·
2855 330 2869 358 *s

1578 398 1754 451 tudine;
1777 399 1912 441 multo
1932 388 2137 443 sederunt¹
2173 403 2367 452 tempore
2390 397 2434 439 in
2454 396 2758 448 Gadesbarne,
2779 405 2825 442 et

1578 471 1652 515 diu
1688 471 2003 514 circumierunt
2041 477 2234 516 montem
2281 468 2406 522 Seir,
2452 469 2672 515 redierunt
2721 469 2853 523 seres

1580 555 1719 599 usque
1746 545 1799 587 ad
1821 557 1957 589 ·mare
1993 544 2207 596 Rubrum,
2241 549 2285 586 et
2318 543 2433 585 circa
2472 542 2583 585 lines
2617 542 2870 598 sinuum..

1579 622 1793 671 prostrata
1817 622 1920 660 sunt
1938 617 2150 659 cadavera
2174 626 2327 658 eorum
2353 613 2398 656 in
2424 613 2612 656 deserto.
2635 611 2827 657 Tandem

1580 697 1679 746 post
1701 690 1863 735 multos
1880 690 2066 739 labores,
2088 697 2130 733 et
2149 700 2291 732 annos
2308 689 2486 743 triginta
2500 695 2600 732 octo
2611 689 2835 736 redierunt

1581 759 1636 804 ad
1659 760 1815 812 Gades,
1839 759 1955 804 unde
1984 760 2193 803 miserant
2214 761 2536 815 exploratores,
2564 760 2632 803 vri
2674 759 2716 802 in
2746 772 2870 816 qna--

1582 833 1802 878 redierunt
1830 832 1890 883 ad,
1907 844 1999 886 eos,
2027 838 2073 876 ut
2090 831 2254 885 dictum
2289 841 2371 884 cst,
2394 843 2491 887 quae
2507 838 2570 875 est
2595 831 2644 875 in
2662 832 2832 882 deserto

1584 907 1661 953 Sin
1683 910 1714 961 -·‚
1737 920 1817 951 neo
1858 906 1965 950 illud
2006 914 2072 951 est
2109 907 2348 959 desertum,
2379 907 2433 949 ad
2469 906 2585 962 qnod
2619 911 2858 949 venerunt·

1582 989 1733 1025 octava
1753 979 1996 1031 mansione,
2023 987 2070 1022 ut
2102 980 2209 1023 dicit
2238 979 2542 1032 Hieronymus.
2569 976 2694 1023 Prior
2711 978 2832 1021 enirn

1584 1055 1787 1100 scribitur
1824 1053 1900 1097 Sin
1937 1066 2015 1109 per
2043 1054 2239 1106 samech,
2270 1061 2311 1096 et
2350 1053 2659 1107 interpretatur
2684 1052 2830 1104 rubus,

1583 1130 1649 1173 vel
1680 1128 1840 1172 odiam.
1884 1126 1960 1170 Sin
2000 1139 2104 1171 vero
2138 1128 2178 1169 in
2220 1140 2308 1181 quo
2337 1126 2491 1179 Gades,
2529 1125 2597 1172 vei
2633 1135 2730 1180 quae
2766 1131 2833 1169 est

1584 1202 1739 1254 Gades,
1766 1200 1973 1245 scribitur
1993 1213 2070 1257 per
2111 1201 2229 1251 sade,
2254 1208 2297 1243 et
2321 1201 2626 1255 interpretatur
2652 1197 2832 1242 uuanda-

1583 1284 1688 1329 tum,
1703 1275 1769 1319 vel
1785 1282 1950 1327 uincta,
1973 1282 2015 1319 et
2036 1285 2102 1318 est
2121 1282 2167 1318 ut
2186 1274 2363 1329 qnidam
2384 1274 2527 1323 volunt
2554 1284 2657 1328 pars
2671 1271 2830 1315 deserti

1580 1349 1783 1392 Pharam.
1809 1347 1854 1391 lu
1887 1347 1971 1391 line
1995 1348 2124 1403 igitur
2155 1347 2366 1402 trigesimi
2392 1346 2492 1390 noni
2539 1345 2640 1388 anni
2666 1356 2688 1386 a
2734 1344 2833 1389 fini·

1580 1421 1663 1465 bus
1690 1421 1811 1464 Sinai
1850 1426 2063 1463 venerunt
2099 1420 2143 1462 in
2184 1419 2324 1466 Gades
2362 1418 2562 1462 undecim
2602 1418 2768 1467 diebus.
2790 1422 2850 1465 et,

1581 1498 1721 1554 potuit
1756 1509 1856 1543 esse
1898 1496 2015 1551 quod
2071 1501 2238 1538 tantum
2276 1494 2393 1537 irent
2429 1492 2627 1535 undecim
2662 1493 2832 1544 diebus,

1582 1568 1756 1613 concito
1770 1566 2146 1623 gradu,q11a11tum
2173 1564 2625 1620 ierantvigintictuna
2641 1564 2837 1607 mansio·
2866 1603 2868 1606 ,

1582 1640 1891 1697 οἱὼς-[πόᾳ
1928 1639 1996 1683 vel
2022 1652 2098 1694 per
2122 1639 2252 1682 aliam
2294 1638 2426 1682 viam.
2463 1636 2698 1685 Redierunt
2732 1647 2837 1690 ergo

1583 1714 1659 1758 tilii
1696 1711 1830 1764 lsrael
1866 1711 2201 1767 quadragesimo
2227 1722 2369 1761 anno,
2397 1721 2546 1753 mense
2581 1708 2749 1763 primo.
2792 1708 2836 1751 in

1584 1785 1803 1840 desertum
1835 1781 1911 1838 Sin
1950 1790 1995 1828 et
2018 1783 2176 1827 mansit
2206 1782 2394 1840 populus
2419 1782 2462 1824 in
2498 1781 2671 1832 deserto
2699 1780 2839 1825 Cadus

1586 1858 1740 1917 (Num.
1763 1859 1856 1911 xx).
1877 1857 1932 1902 Et
1961 1857 2026 1902 sie
2067 1857 2353 1913 quadraginta
2390 1863 2434 1901 et
2457 1854 2554 1898 duae
2584 1855 2841 1900 'mansiones

1586 1934 1776 1989 tiliorum
1795 1930 1945 1983 Israel,
1966 1931 2126 1987 quibus
2145 1930 2349 1986 leguntur
2364 1929 2544 1985 profecti
2561 1928 2620 1971 ab
2631 1926 2838 1989 AEgypto,

1586 2017 1727 2063 usque
1745 2006 1800 2058 ad
1822 2004 2104 2061 campestrias
2122 2002 2265 2055 Moab,
2287 2003 2411 2058 iuxta
2432 2000 2680 2053 Iordanem,
2700 1999 2840 2046 tribus

1586 2084 1753 2122 tantum
1767 2077 1894 2133 annis
1908 2075 2130 2131 completae
2141 2074 2159 2117 s
2160 2083 2316 2118 uerunt
2327 2074 2554 2117 duodecim
2567 2074 2622 2116 ab
2634 2071 2837 2129 AEgypto,

1587 2163 1726 2208 usque
1746 2150 1800 2195 ad
1819 2157 2010 2194 montem
2031 2149 2151 2192 Sinai
2176 2160 2291 2192 anno
2307 2148 2485 2203 primoa
2502 2146 2666 2190 decima
2685 2154 2858 2203 quarta.

1587 2226 1658 2269 die
1696 2224 1860 2269 mensis
1891 2222 2019 2279 primi
2058 2234 2194 2278 usque
2233 2221 2286 2266 ad
2323 2221 2435 2264 diem
2465 2219 2650 2276 primam
2679 2221 2839 2266 mensis

313 2291 414 2334 CAP·
439 2288 570 2333 ΧΧΠ·
598 2287 656 2331 Dss
677 2289 791 2344 m‘rqa
815 2287 974 2340 As‘wn»
996 2298 1089 2343 q-“ae
1112 2291 1230 2328 ΜΗΘ
1246 2297 1329 2327 '‘²²‘'
1343 2283 1506 2339 flffl'm'lv
1529 2317 1562 2363 C
1590 2298 1721 2346 tertii.
1746 2296 1906 2341 Deinde
1943 2309 2059 2339 anno
2102 2294 2294 2339 secundo
2325 2293 2534 2347 vigesima
2573 2281 2650 2340 die·
2676 2291 2840 2339 tnensis

537 2353 575 2390 et
602 2346 807 2401 fronduit,
830 2345 1047 2398 et·peperit
1070 2355 1211 2384 tzuces.

315 2438 515 2481 Attamen
541 2435 732 2480 nondum
768 2439 1011 2477 cessaverat
1031 2432 1244 2476 tumultus
1268 2443 1400 2487 super
1437 2443 1509 2475 sa-

260 2510 453 2555 cerdotio
474 2508 636 2551 Aaron.
665 2506 875 2550 Dicebant
895 2505 1011 2549 enim
1037 2504 1138 2560 quia
1159 2503 1242 2547 etsi
1277 2515 1365 2546 non
1398 2515 1509 2561 prae-

261 2582 400 2627 dictos
424 2580 595 2624 Levitas
615 2579 791 2635 clegerit
812 2577 1040 2629 Dominus,
1067 2584 1236 2632 poterat
1261 2588 1358 2620 esse
1393 2574 1507 2632 quod

262 2655 397 2709 aliqui
418 2654 471 2698 de
496 2653 642 2708 aliqua
681 2652 945 2707 reliquarum
978 2650 1172 2693 tribuum
1209 2649 1327 2704 digni
1364 2653 1511 2691 essent

263 2729 520 2780 sacerdotio,
562 2733 604 2769 ct
645 2725 757 2771 sorte
789 2726 843 2769 de
883 2724 1086 2768 omuibus
1111 2723 1310 2766 tribubus
1348 2723 1512 2779 aliquot

265 2800 616 2845 vellet-Dominus
640 2800 797 2842 habere
835 2798 1100 2851 sacerdotes,
1136 2809 1190 2841 nc
1223 2791 1342 2840 tanta
1382 2796 1512 2840 inini-

264 2873 382 2919 stcrii
403 2874 589 2931 dignitas
618 2872 691 2916 uni
716 2871 882 2923 domui,
906 2878 947 2914 et
972 2877 1060 2914 tam
1083 2869 1234 2925 paucis
1263 2868 1511 2914 crederetur

264 2946 475 2990 ministris
511 2944 663 3000 (Num.
691 2932 816 3001 xvii).
857 2943 1220 2999 Accusabantque
1244 2941 1419 2998 Moysen
1459 2939 1513 2986 de

264 3020 422 3063 deserti
465 3019 628 3073 inopia,
669 3030 721 3061 eo
756 3016 872 3074 quod
910 3029 1062 3060 eorum
1103 3016 1397 3072 negotiaretur
1442 3014 1512 3056 in·-

266 3094 426 3154 op'tatn,
454 3094 513 3140 nt’
526 3105 696 3151 semper
735 3092 831 3153 ejus
853 3091 1100 3134 viderentur
1131 3101 1257 3144 egere
1293 3087 1455 3131 auxilio
1479 3087 1512 3130 ‘.

267 3174 384 3217 Tulit
406 3184 509 3229 crgo
530 3171 697 3227 Moyses
727 3180 780 3213 ex
800 3173 1014 3224 pra-cepto
1036 3164 1208 3217 Domini
1233 3162 1376 3218 virgas
1406 3162 1514 3205 duo-

269 3250 408 3294 decim
438 3247 700 3303 principum,
724 3250 767 3287 et
795 3242 969 3297 scripsit
994 3240 1036 3283 in
1058 3250 1319 3296 unaquaque
1355 3249 1511 3279 nomeu

271 3320 410 3365 tribus
434 3331 539 3370 suae,
565 3317 630 3360 vel
666 3315 812 3372 potius
839 3314 1059 3370 print-ipis.
1095 3310 1278 3366 Scripsit
1301 3316 1445 3353 autem
1471 3309 1512 3351 in

1590 2368 1717 2426 primi
1754 2369 1934 2426 profecti
1965 2382 1987 2413 a
2033 2367 2187 2419 Sinai,
2227 2378 2369 2422 usquc
2415 2367 2469 2410 ad
2510 2363 2652 2419 Gades
2691 2364 2839 2421 viginti

1590 2438 1841 2482 mansiones
1875 2445 1919 2482 et
1953 2450 2083 2482 unam
2107 2437 2403 2492 expleverunt,
2439 2423 2547 2479 inl'ra
2571 2448 2732 2481 annum
2773 2447 2840 2479 se-

1590 2511 1802 2564 cundum,
1824 2518 1967 2555 tamen
1990 2519 2122 2567 quoto
2145 2509 2283 2565 spatio
2308 2510 2411 2552 anni
2437 2521 2522 2553 non
2545 2509 2839 2563 esyiietcriui-

1591 2590 1761 2634 natum,
1786 2576 1901 2626 sicut
1920 2583 1964 2627 in
1991 2583 2148 2638 primo,
2182 2594 2258 2636 per
2282 2582 2458 2637 triginta
2494 2574 2592 2623 octo
2621 2591 2760 2627 annos

1590 2656 1695 2701 Post
1713 2663 1928 2710 errantes,
1963 2664 2007 2700 et
2042 2657 2247 2711 prostrati
2281 2655 2615 2711 quadragesimo
2636 2665 2751 2697 anno
2770 2665 2841 2696 re-

1592 2731 1768 2784 dierunt
1790 2730 1848 2774 ad
1867 2732 2062 2775 eamdem
2087 2730 2241 2775 Gades.
2257 2729 2318 2782 Eo
2337 2740 2455 2773 anno
2478 2729 2667 2784 reliquas
2685 2739 2837 2779 norem

1593 2804 1841 2848 mansiones
1864 2809 2182 2856 transegerunt.
2220 2800 2343 2854 Quod
2382 2800 2418 2844 si
2457 2800 2675 2851 invenires
2692 2799 2838 2843 decem

1594 2874 1844 2931 liujusanni
1876 2874 2012 2918 fuisse
2037 2874 2302 2927 mansiones,
2345 2874 2457 2916 scito
2482 2872 2600 2929 quod
2627 2872 2737 2916 inter
2761 2873 2840 2916 bas

1596 2950 1751 2991 iterum
1779 2957 2030 2990 numeratur
2051 2946 2192 2990 Cades
2223 2946 2418 2998 repetita.

1652 3022 1667 3037 *
1688 3019 1864 3063 Additio
1898 3019 1936 3061 1.
1958 3019 2053 3071 Sin,
2068 3020 2121 3062 de
2137 3030 2224 3073 quo
2243 3018 2314 3062 bic
2335 3019 2494 3073 agitur,
2517 3018 2583 3062 rel
2601 3024 2666 3067 est
2685 3017 2837 3071 Gades,

1596 3094 1661 3138 vel
1699 3093 1741 3137 in
1782 3105 1834 3137 eo
1869 3099 1935 3136 cst
1973 3091 2130 3136 Gades.
2178 3090 2299 3135 Unde
2337 3091 2512 3145 dicitur,
2558 3088 2635 3134 Sin
2674 3092 2718 3134 in
2755 3104 2841 3149 quo

1594 3168 1748 3220 Gades,
1775 3174 1857 3212 etc.

1652 3243 1852 3285 ‘Additio
1885 3243 1925 3285 l.
1946 3242 2079 3295 Quasi
2105 3242 2266 3286 diceret
2286 3256 2297 3285 ;
2319 3240 2411 3284 Non
2427 3249 2491 3286 est
2511 3242 2568 3285 ita
2593 3238 2840 3286 distinctum

1597 3319 1638 3361 in
1680 3319 1979 3362 mansionibus
2024 3318 2199 3361 secundi
2242 3317 2344 3359 anni
2388 3324 2595 3372 quantum
2635 3316 2841 3371 temporis

271 3394 391 3448 Virga
415 3392 560 3434 Affl'ffl!
583 3401 742 3434 nomen
765 3386 886 3439 Levi,
921 3394 963 3429 0²
990 3391 1145 3440 Psaelffl‘
1163 3385 1243 3428 ΜΒ
1283 3383 1511 3427 (Μθίῖθῢῑῑΰ
1541 3394 1579 3440 D
1597 3391 1748 3436 [lucret
1780 3393 1890 3434 inter
1921 3405 2050 3437 tinam
2093 3392 2362 3434 uiaiisionem
2407 3398 2449 3432 et
2484 3389 2629 3442 aliam,
2654 3389 2766 3433 sicut
2795 3389 2841 3430 in

182 3455 194 3470 ’
273 3465 458 3519 sumpsit
482 3474 613 3506 unam
636 3471 849 3510 seorsum,
874 3467 1052 3501 cunctas
1076 3455 1265 3500 familias
1286 3455 1516 3498 continen-

275 3543 376 3588 tem,
402 3536 443 3577 in
468 3545 552 3590 qua
577 3532 831 3588 probaretur
857 3536 999 3572 utrum
1024 3529 1076 3572 de
1097 3527 1300 3572 omnibus
1320 3526 1518 3570 tribubus

274 3609 399 3652 vellet
419 3607 533 3650 Deus
559 3605 719 3649 babere
755 3603 1024 3647 sacerdotes.
1064 3600 1110 3644 ln
1134 3598 1336 3644 Numeris
1372 3605 1517 3645 tamen

276 3681 430 3737 legitur
457 3692 543 3722 non
567 3677 702 3721 tuisse
738 3677 881 3733 virgas
919 3674 1003 3718 nisi
1041 3672 1268 3718 duodecim
1300 3669 1416 3727 quod
1448 3667 1518 3714 in-

278 3753 551 3809 telligendum
590 3756 673 3802 est,
712 3749 766 3794 de
803 3747 1099 3804 singularibus
1135 3748 1298 3790 scilicet
1340 3751 1518 3800 excepta

280 3825 484 3880 generali.
509 3823 626 3875 Quas
647 3834 743 3865 curn
768 3822 984 3876 posuisset
1008 3820 1051 3863 in
1078 3820 1355 3864 tabernaculo
1374 3829 1519 3862 coram

280 3898 480 3948 Domino,
507 3895 703 3951 sequenti
721 3895 791 3937 die
810 3906 1046 3949 regressus,
1074 3892 1237 3936 invenit
1256 3893 1522 3949 germinasse

282 3970 447 4026 virgam
464 3969 626 4017 Aaron,
640 3975 680 4010 et
694 3966 807 4009 soliis
820 3965 1258 4023 dilatatis,amygdala
1271 3966 1533 4021 protulisse.⁴

285 4039 398 4084 Sane
419 4040 490 4083 nic
510 4038 650 4091 tertii),
679 4038 766 4082 Deo
788 4040 1033 4090 ordinante,
1058 4043 1203 4081 Aaron
1229 4037 1522 4081 sacerdotium

283 4113 535 4171 tirmissimo
562 4113 770 4167 possedit.
808 4111 915 4155 Nam
948 4119 991 4156 et
1014 4113 1057 4155 in
1081 4112 1251 4168 siguum
1277 4113 1521 4166 rebellium,

285 4185 486 4243 praecepit
512 4183 736 4236 Dominus,
761 4185 924 4239 virgam
948 4184 1090 4228 Aaron
1122 4185 1284 4229 servari
1307 4185 1350 4227 in
1384 4186 1524 4228 taber-

286 4257 441 4301 naculo
465 4257 506 4298 in
530 4264 767 4311 posterum.

343 4330 512 4372 Additio
546 4330 585 4371 l.
621 4328 826 4373 Dicebant
851 4329 1026 4383 Moysen
1072 4340 1222 4387 sponte
1247 4345 1321 4375 eos
1346 4345 1421 4389 per
1450 4334 1525 4377 dc-

289 4409 447 4446 scrtum
473 4402 664 4453 duxisse,
690 4409 736 4444 ut
757 4401 835 4456 ipsi
857 4414 936 4446 suo
959 4411 1132 4458 egerent
1156 4405 1331 4448 auxilio.

1597 3466 1897 3509 mansionibus
1918 3466 2046 3520 primi
2070 3466 2187 3508 atini.

1626 3554 1727 3598 Cae.
1760 3553 1913 3597 XXlV.
1946 3555 2006 3597 De
2030 3553 2348 3619 morteanai-iae
2385 3551 2565 3607 etoquia
2602 3550 2816 3594 contradi·
2862 3592 2864 3594 .

2126 3619 2295 3653 ctzoms.

1654 3682 1822 3727 Mortua
1868 3690 1935 3725 est
1968 3690 2112 3725 autem
2155 3682 2290 3726 Maria
2332 3683 2374 3726 in
2413 3683 2551 3742 Gades
2575 3681 2725 3739 (Num.
2750 3680 2842 3735 n),

1599 3757 1701 3800 dum
1719 3756 2117 3811 quiadragesintum,
2133 3764 2177 3798 ut
2199 3755 2302 3799 dicit
2323 3755 2555 3811 Iosephus,
2587 3755 2866 3810 coinplcssen

1601 3843 1779 3882 annum,
1799 3844 1850 3874 cx
1869 3842 1955 3885 quo
1969 3829 2198 3886 AEgyptum
2218 3831 2456 3885 dereliquit,
2478 3830 2518 3872 in
2540 3830 2661 3873 initio
2682 3829 2852 3873 mensis·
2877 3869 2882 3873 .

1600 3901 1790 3955 Xantici,
1810 3904 1884 3959 qui
1921 3911 1965 3947 et
1998 3902 2150 3955 Nisam
2184 3903 2420 3946 secundum
2457 3903 2621 3946 lunam.
2646 3901 2695 3944 Et
2719 3913 2843 3957 sepc-

1601 3976 1758 4021 lieruut
1788 3989 1881 4019 cain
1922 3976 1965 4018 in
2003 3982 2191 4018 montem
2229 3978 2303 4030 qui
2339 3984 2515 4019 vocatur
2551 3974 2643 4018 Sin.
2679 3974 2841 4017 Trans-

1602 4049 1794 4103 actisque
1838 4048 2011 4103 triginta
2054 4047 2210 4093 ‚dicbus
2254 4049 2412 4100 tletus,
2435 4047 2601 4104 Moyses
2630 4047 2840 4104 ¹populum
2880 4035 2889 4039 ’

1601 4120 1799 4176 purgarit
1819 4119 1902 4162 boc
1921 4110 2049 4164 modo
2075 4134 2086 4162 :
2115 4118 2300 4162 Vitulam
2319 4119 2488 4161 trimam
2509 4105 2639 4161 totam
2664 4117 2841 4160 rubeam

1602 4199 1722 4235 extra
1747 4198 1889 4235 castra
1912 4190 2165 4234 combussit.
2185 4189 2236 4232 Et
2249 4191 2522 4245 prosequitur
2544 4190 2614 4232 hic
2629 4189 2842 4243 Josepbns

1603 4263 1797 4306 ordinem
1834 4263 2027 4306 cinerum
2068 4262 2353 4314 lustrationis,
2387 4274 2512 4317 quem
2539 4261 2746 4304 Dominus
2763 4262 2841 4303 dc-

1602 4336 1712 4378 cima
1737 4335 1808 4378 die
1830 4334 1991 4380 mensis
2021 4333 2189 4389 septimi
2208 4334 2308 4397 ’iteri
2346 4335 2561 4390 praecepit,
2597 4341 2640 4390 et
2675 4333 2843 4375 vid‹·tur
2878 4390 2882 4392 Β

1604 4409 1711 4452 velle
1729 4421 1844 4451 nunc
1865 4409 2004 4469 primo
2025 4407 2364 4452 combustionem
2384 4407 2630 4464 biijzzsmodi
2652 4419 2675 4450 a
2697 4405 2840 4464 Moyse
