2924 4588
261 158 421 203 “7⁸⁴
547 173 578 211 ο

270 260 416 292 anxians
443 245 700 302 proximum,
741 242 813 298 ιρι
837 251 997 285 curam.
1011 238 1129 282 circa
1152 235 1343 294 infirmos
1368 233 1504 277 maxi·
1532 235 1567 279 Α

267 334 380 364 inam
412 325 546 376 gerat,
590 325 632 362 et
660 317 774 372 quod
797 316 860 359 eis
879 325 986 369 opus
1021 312 1163 363 fuerit,
1188 323 1266 367 pro
1299 321 1439 366 posse,
1466 312 1508 350 et

266 395 334 450 pie
363 392 612 435 ministrat·
624 389 807 439 studeat,
827 395 873 430 -et
885 398 936 431 eo
952 386 1016 430 eis
1029 385 1151 441 juxta
1167 382 1390 441 quemdam
1417 393 1507 423 mo-

264 466 364 509 dum
388 463 540 507 affectu
562 462 790 512 deserviat,
821 472 872 502 ac
897 459 936 502 si
974 459 1055 513 ipsi
1087 455 1339 505 deserviret,
1364 452 1440 509 qui
1464 452 1507 495 in

259 538 422 593 Judiciu
455 536 595 579 dicet:
625 534 825 589 Infirmus
853 533 932 588 sui,
962 538 1001 574 et
1033 530 1231 573 visitastis
1251 541 1312 570 me
1335 525 1503 583 (Manli.

263 620 360 657 xxv,
390 604 568 661 36,-to),
596 605 650 648 Et
671 605 826 648 iterum
850 618 862 648 x
889 602 1009 672 Qgtod
1028 602 1099 644 uni
1129 613 1180 644 ex
1202 599 1382 643 minimis
1406 598 1510 640 meis

260 678 433 734 fecistis,
459 677 558 719 milti
573 675 747 731 fecistis.
767 674 848 719 Sed
867 680 907 717 et
924 673 1171 728 ipsiinfirmi
1190 671 1328 728 (ibid.)
1343 678 1389 732 ut
1403 676 1507 714 san'-

260 759 355 795 ctus
374 750 573 795 admonet
598 745 1146 798 Benedictus,confiderent
1162 758 1205 787 m
1223 744 1416 786 honorem
1434 742 1506 786 Dei

257 825 339 868 sibi
357 826 531 868 serviri.-
551 837 622 868 nec
648 824 934 881 superfluitate
965 835 1044 864 sua
1075 821 1319 864 contristent
1348 818 1501 874 fratres

258 899 474 942 servientes
491 898 586 941 sibi.
607 897 687 950 Qui
707 903 865 947 tamen,
889 902 938 938 ut
960 895 1072 939 idem
1090 894 1328 950 subjungit,
1345 893 1507 949 patien-

257 963 322 1014 ¹cr
343 969 542 1027 portandi
565 974 681 1020 sunt,
706 968 807 1024 quia
837 968 890 1012 de
908 966 1073 1011 talibus
1104 966 1319 1022 copiosior
1343 977 1507 1009 merces

258 1043 494 1099 acquiritur
520 1059 529 1085 z
556 1041 648 1085 Sive
660 1050 796 1086 autem
813 1041 886 1097 qui
901 1040 1088 1094 cellurio,
1107 1040 1188 1083 sive
1207 1039 1276 1096 qui
1307 1037 1502 1090 vestibus,

255 1117 339 1159 sive
363 1114 658 1172 quicodicibus
681 1122 992 1171 pra-ponuntur,
1013 1114 1101 1156 sine
1129 1123 1337 1156 murmure
1358 1111 1506 1167 [ratri-

257 1190 334 1232 bus
364 1187 449 1232 suis
480 1191 675 1232 sert-iant.
719 1187 949 1239 officiales,
982 1187 1054 1243 qui
1081 1187 1125 1229 in
1160 1186 1359 1229 coenobio
1383 1189 1505 1237 sunt,

254 1275 503 1312 caeterorum
541 1267 719 1311 fratrum
757 1267 943 1312 ministri
971 1272 1088 1311 sunt.
1114 1263 1202 1310 taes
1219 1278 1407 1322 namque
1426 1278 1564 1347 eos-B

253 1352 350 1384 rum
379 1340 560 1385 fideliter
589 1339 911 1393 custodiendas,
935 1347 976 1384 et
997 1339 1155 1383 utiliter
1186 1339 1500 1395 dispensandas

252 1418 467 1469 praecepto
504 1413 669 1457 abbatis
701 1418 1008 1469 susceperunt;
1049 1420 1091 1456 et
1126 1413 1222 1456 ideo
1237 1425 1321 1456 uon
1358 1412 1501 1456 minor

252 1486 450 1537 stultitia,
478 1499 606 1543 quam
625 1488 748 1542 eulpa
768 1494 848 1536 est,
869 1487 905 1530 si
923 1487 984 1531 eis
1002 1486 1151 1537 debis,
1169 1499 1264 1543 quac
1282 1498 1361 1531 sua
1376 1492 1496 1538 sunt,

257 1572 353 1604 cum
378 1573 596 1604 murmure
618 1561 824 1605 serviunt.
854 1559 1022 1603 Codices
1055 1568 1167 1603 certa
1192 1559 1294 1603 liora
1323 1561 1498 1616 sinqulis

255 1630 397 1675 diebus
426 1639 648 1685 petantur:
667 1640 786 1676 extra
819 1634 963 1676 [eoram
995 1634 1071 1689 qui
1091 1634 1267 1689 petierit,
1288 1647 1369 1678 non
1389 1636 1499 1678 acci·-

252 1706 356 1760 piat.
385 1704 505 1757 Quod
534 1706 685 1750 diebus
706 1707 886 1762 singulis
925 1708 1010 1762 peti
1048 1707 1220 1751 codices
1247 1707 1386 1763 jubet,
1414 1707 1497 1753 l're·

248 1779 467 1834 quentiam
495 1780 619 1823 nobis
639 1781 835 1823 lectionis
869 1781 1129 1835 persuadet:
1156 1785 1202 1823 ut
1222 1781 1333 1825 sieut
1356 1781 1496 1826 ouoti-

248 1852 316 1895 die
339 1851 390 1894 ad
417 1852 706 1903 resectionem,
749 1854 956 1897 invitante
988 1855 1082 1911 ipsa
1107 1852 1393 1911 irrefragabili
1415 1867 1469 1899 na
1485 1879 1495 1886 -

247 1929 352 1967 turae
371 1925 694 1977 consuetudine,
722 1927 965 1971 accedimus
984 1929 1250 1984 corporalem
1273 1942 1284 1971 ι
1312 1928 1369 1971 ita
1388 1939 1496 1984 quo-

245 2012 328 2055 que
349 2000 461 2043 nulla
487 1999 556 2044 die
585 2001 849 2056 negligamus
887 2001 1170 2056 spiritualem.
1207 2000 1330 2054 Quod
1350 2009 1493 2047 autem

244 2078 362 2115 certa
386 2072 488 2115 liora
512 2074 593 2127 peti
623 2085 697 2116 eos
712 2075 909 2129 impe-at,
929 2081 970 2117 et
991 2081 1109 2118 extra
1134 2075 1281 2118 horam
1302 2082 1494 2132 petentes

246 2146 436 2201 accipere
463 2152 589 2197 vetat,
611 2146 723 2190 inter
744 2158 909 2203 tempus
931 2148 1148 2199 nimirum,
1175 2155 1216 2191 et
1235 2157 1403 2205 tempus
1427 2150 1494 2193 di-

244 2219 459 2275 stinguere
496 2225 631 2263 curat.
687 2219 794 2264 Cum
841 2223 970 2270 enim,
997 2228 1044 2265 ιιι
1081 2224 1140 2266 ait
1178 2223 1488 2269 Ecclesiastes:

243 2285 381 2335 οηιὶιια
401 2300 554 2348 tempus
573 2292 883 2351 habentOEccli.
911 2307 978 2347 ιιι,
1006 2296 1066 2352 1);
1109 2297 1222 2340 sicut
1244 2298 1363 2342 nullo
1384 2304 1494 2343 ‘tem-

244 2378 347 2421 pore
385 2379 560 2422 pravum
613 2380 721 2422 opus
766 2368 856 2412 fieri
890 2369 1013 2412 debet
1047 2386 1055 2413 :
1097 2372 1160 2414 sic
1194 2383 1302 2427 opus
1359 2373 1487 2417 etiam

243 2435 402 2483 bonum
442 2440 485 2483 in
523 2440 603 2483 hoc
628 2454 798 2498 quoque
825 2444 1157 2498 reprehensione
1186 2446 1361 2502 dignum
1386 2454 1452 2492 est
1471 2480 1483 2501 ‚

243 2511 279 2554 si
299 2517 490 2568 tempore
512 2525 702 2570 congruo
716 2514 875 2559 sactum
892 2530 976 2559 non
997 2524 1076 2561 est.
1105 2519 1356 2563 Vestimenta
1373 2534 1482 2573 vero,

242 2593 281 2627 et
304 2586 598 2630 calceamenta.
625 2588 794 2643 quando
814 2589 1089 2646 indiqentibus
1116 2599 1212 2635 sunt
1234 2596 1481 2648 necessaria,

242 2658 343 2702 dare
365 2672 445 2702 mn
465 2660 677 2716 differant,
714 2663 788 2706 sub
821 2677 994 2720 quorum
1029 2667 1220 2709 custodia
1250 2675 1362 2720 sune,
1393 2682 1485 2725 quw

242 2742 482 2788 poscuntur.
515 2734 579 2778 Ad
601 2736 679 2780 boc
708 2738 877 2789 attinet,
903 2739 1018 2795 quod
1052 2740 1095 2783 in
1127 2741 1501 2797 praecedentibus,

242 2806 295 2852 de
319 2809 576 2876 quibusjmn
596 2810 778 2871 egimus,
801 2812 937 2867 jubet,
966 2820 1012 2858 ut
1042 2816 1134 2860 sine
1158 2830 1378 2865 murmure
1397 2809 1484 2864 l’ra·

243 2880 380 2923 tribus
409 2881 498 2925 suis
520 2876 724 2927 serviant.
767 2883 890 2935 Nam,
914 2886 1087 2941 quando
1121 2891 1365 2934 neccssaria
1396 2891 1480 2946 liis,

243 3023 446 3070 fratribus
465 3028 652 3083 praebeiit
676 3045 683 3071 :
707 3030 742 3072 si
758 3035 900 3074 tamen
918 3045 1013 3088 quae
1028 3034 1166 3077 danda
1187 3043 1286 3079 sunt
1308 3020 1482 3089 habent,

241 3099 317 3142 sed
338 3111 387 3143 ea
410 3101 511 3144 dare
551 3102 716 3146 nolunt.
742 3101 864 3148 Unde
893 3111 935 3148 et
952 3105 1052 3150 dare
1081 3108 1143 3151 eis
1171 3110 1380 3166 praecipit,
1403 3112 1484 3156 sub

242 3184 422 3227 quorum
444 3174 634 3218 custodia
669 3181 785 3227 sunt,
826 3190 919 3233 quae
965 3188 1214 3234 poscuntur.
1240 3182 1344 3227 Nam
1381 3171 1484 3230 dare

244 3256 328 3288 tion
347 3252 540 3301 possunt,
559 3260 653 3304 quae
677 3249 757 3293 sub
774 3262 919 3295 eorum
946 3254 1142 3298 custodia
1167 3270 1253 3301 non
1274 3267 1388 3304 sunt.
1419 3259 1481 3306 lili

244 3316 375 3372 igitur
402 3330 451 3361 ea
476 3318 579 3363 dare
594 3331 683 3363 non
714 3320 927 3372 differant,
956 3338 1052 3369 eum
1077 3328 1252 3383 adsunt;
1278 3331 1321 3374 hi
1340 3340 1482 3378 autem

244 3388 486 3445 importune
503 3397 647 3448 petere
662 3406 747 3437 non
765 3405 1042 3451 praesumant.
1081 3413 1176 3445 cum
1216 3403 1401 3450 desunt:
1437 3415 1482 3451 ιιι

244 3460 343 3504 dum
366 3475 444 3508 nee
468 3465 528 3507 illi
551 3464 707 3518 danda,
735 3475 775 3511 et
795 3469 883 3523 jam
912 3471 1074 3525 habita,
1109 3487 1234 3522 avare
1265 3478 1479 3527 retinent:
1507 3472 1541 3516 D

245 3546 324 3578 nec
343 3535 413 3578 isti
434 3550 528 3592 quae
546 3537 695 3590 deesse
718 3541 877 3593 sciunt,
899 3545 1023 3588 auxie.
1044 3552 1313 3604 extorquent,
1338 3553 1486 3597 condi-

246 3618 371 3663 gnam
391 3614 476 3652 tam
503 3610 584 3666 ipsi
609 3624 686 3666 pro
702 3614 913 3670 largitate,
940 3630 1066 3673 quam
1085 3621 1151 3665 isti
1179 3635 1254 3678 pro
1280 3626 1483 3680 patientia

245 3681 463 3736 percipere
484 3691 729 3729 mereantur
750 3689 1098 3736 retributionem:
1119 3695 1214 3751 ipso
1234 3705 1481 3754 praestante,

247 3752 318 3806 qui
342 3759 383 3796 et
401 3753 608 3799 bonorum
627 3758 818 3803 omnium
851 3753 1062 3819 Largitor,
1096 3772 1140 3810 et
1163 3770 1376 3824 patientiae
1395 3773 1484 3819 ele·-

248 3829 412 3867 ctorum
447 3838 619 3871 suorum
642 3830 740 3886 pius
774 3837 840 3876 est
870 3832 1206 3892 Remuueiator;
1243 3843 1315 3898 qui
1355 3839 1485 3903 super

248 3898 391 3939 omnia
409 3895 519 3942 Deus
541 3902 869 3949 estbenedictus
893 3907 936 3950 in
958 3910 1129 3964 saecula,
1148 3911 1307 3959 Amen.-

723 3991 902 4040 sumto
942 3997 1010 4044 Xl.

250 4074 312 4118 Ab
343 4075 394 4119 iis
427 4076 558 4121 verbis
589 4078 926 4143 S.le91'slatoris
945 4087 1164 4147 Auyustini
1190 4105 1203 4135 :
1251 4110 1265 4135 ι
1289 4095 1380 4141 lites
1412 4107 1484 4142 aut

305 4132 443 4175 nullas
460 4133 661 4188 habeatis,
682 4151 696 4178 ι
737 4152 862 4196 usque
889 4143 942 4185 ad
972 4160 987 4186 ι
1025 4149 1255 4199 spiritualis
1288 4153 1394 4196 inter
1414 4169 1484 4199 uos

331 4186 421 4231 ebet
440 4202 527 4231 esse
543 4190 724 4238 dilectio.
753 4210 767 4236 ι
801 4197 859 4239 De
894 4203 1073 4246 cavendo
1097 4204 1245 4261 litigio.

306 4243 417 4287 loesoe
434 4246 767 4292 reconciliatione
782 4261 819 4294 et
839 4254 1027 4308 fraterna
1048 4207 1332 4306 ditectioneDe
1350 4218 1483 4266 parm

249 4331 379 4389 290
432 4333 631 4381 Smorsts
687 4351 906 4388 scrumosus.
952 4372 1006 4379 —
1052 4349 1093 4394 1;
1134 4350 1368 4399 Discordiae
1398 4355 1486 4401 liti-

302 4391 418 4445 gium
449 4393 758 4440 cacodaemonis
792 4398 1051 4447 incentivum
1089 4412 1131 4450 et
1157 4410 1331 4454 malitiae
1354 4413 1484 4457 semi-

306 4468 420 4527 (299)
446 4468 539 4526 Req.
567 4484 659 4531 cap.
682 4488 728 4530 ιι,
754 4476 806 4522 de
829 4483 1017 4526 cavendo
1041 4485 1191 4544 litigio.

1101 139 1105 142 ’
1157 143 1325 187 amm
1350 133 1940 197 ruffiacusrnxrausis

1561 2863 2176 2926 tuamensuetudineligatus.
2199 2867 2373 2913 diabolo
2406 2870 2537 2915 miser
2561 2871 2691 2915 hoino
2718 2873 2823 2920 sub*
2862 2881 2863 2885 ’

241 2953 883 3010 quiindigent‚(imminerunt,
905 2960 1172 3004 occasionem
1187 2965 1486 3023 murmurandi,
1559 2939 1727 2996 jissimr'
1763 2947 1805 2985 et
1839 2953 1863 2984 ³
1903 2943 2092 2998 san-'²³²⁹
2125 2943 2358 3000 spstimnn’
2396 2957 2527 3002 quam
2558 2945 2742 2996 ‘'mm‘'
2778 2951 2822 2991 οι
2852 3007 2857 3017 ι
2912 3013 2914 3019 .

1642 227 1832 272 narium.
1874 250 1930 260 -υ
1981 227 2023 271 2.
2076 227 2252 285 Lingua
2299 229 2527 276 lubricitas-
2579 243 2711 279 causa
2749 250 2751 252 ·

1643 295 1779 339 quens
1797 283 1935 339 litigii,
1962 283 2076 340 quod
2108 296 2160 328 ex
2196 290 2286 329 toto
2327 287 2425 343 quis
2470 287 2542 331 vix
2575 288 2750 335 devitet.
2781 312 2841 341 -,-

1644 340 1686 384 5.
1741 338 1969 383 Silentium
2011 352 2203 396 praesens
2247 343 2482 386 remedium
2515 345 2697 394 vitandae
2720 346 2844 403 litis„

1641 408 1738 452 quae
1769 397 1908 439 instar
1938 393 2207 451 aegritudiiiis
2246 403 2313 442 est
2349 403 2391 441 et
2424 398 2600 444 festucae
2630 436 2639 445 .
2690 403 2842 452 odium

1643 453 1783 496 instar
1799 451 1937 496 trabis
1954 458 1996 495 et
2019 455 2187 496 mortis.
2208 476 2261 484 —
2276 453 2319 498 t.
2341 452 2504 498 Damna
2522 455 2700 514 litigiosi
2722 457 2848 515 genii-

1644 508 1901 552 seminantis
1939 508 2052 552 inter
2086 507 2245 553 fratres
2281 508 2538 555 discordias.
2564 537 2619 544 --
2641 515 2684 560 5.
2710 514 2841 565 Paci·
2889 550 2890 555 ,

1641 563 1867 607 violationi
1899 575 1997 607 mox
2029 564 2233 608 succedat
2265 566 2576 621 reconciliatio,
2595 582 2679 626 qua
2696 571 2843 626 omnis.
2889 584 2891 620 ᾳ

1645 619 1779 663 animi
1821 619 2072 675 inquietudo
2096 631 2146 664 ac
2201 621 2354 664 roximi
2389 623 2565 667 tollatur
2595 626 2851 678 oltendicu-
2889 629 2890 633 ’

1643 674 1746 718 Ιιιιιιζ
1770 700 1826 707 --
1850 672 2156 720 6.'}n'laesione
2190 682 2374 722 raternae
2399 679 2624 724 charitatis
2644 683 2808 732 caventi

1642 731 1742 775 tria:
1766 731 2029 784 convicium,
2050 733 2340 784 maledictum,
2380 735 2575 791 obiectus
2602 739 2799 786 criminis
2820 751 2851 768 ·

1642 793 1686 831 et
1711 789 1826 842 quod
1850 789 1987 844 partis
2031 789 2158 840 laesae,
2178 794 2221 833 ct
2254 790 2448 834 laedentis
2482 792 2685 845 efficium.
2705 818 2759 828 --
2792 795 2851 845 Ἰ.

1643 842 1928 899 irascentium
1951 857 2126 900 genera,
2149 847 2194 889 et
2209 844 2462 890 discrimina
2482 849 2595 893 inter
2611 862 2658 895 se
2674 863 2839 908 expen-

1644 912 1709 943 sa.
1734 911 1790 931 -·-
1807 899 1848 944 8.
1877 899 2091 946 Exercitia
2115 901 2313 957 religiosa
2338 910 2438 947 sunt
2457 905 2652 960 quaedam
2670 909 2783 952 sacri
2840 921 2846 946 ’-

1642 956 1725 1006 cia,
1751 968 1847 1012 quae
1864 969 1951 1000 non
1971 957 2158 1013 placent,
2178 958 2262 1001 nisi
2278 959 2403 1014 pulsa
2424 958 2656 1006 discordia.
2682 961 2840 1021 Tripli-

1643 1012 1709 1055 cia
1729 1013 1939 1057 sacrificia
1959 1012 2136 1058 totidem
2153 1014 2358 1070 gradibus
2381 1017 2478 1060 vitoe
2497 1018 2734 1073 spiritualis
2762 1034 2854 1067 re·

1643 1068 1976 1124 spondent—9.
1994 1068 2078 1114 Nec
2102 1073 2247 1114 carnis
2267 1084 2355 1115 suae
2371 1074 2546 1129 prodest
2562 1076 2853 1125 mortificatio

1642 1133 1868 1180 grassante
1889 1126 2121 1170 discordia:
2146 1127 2303 1170 frustra
2322 1129 2366 1172 in
2385 1132 2647 1175 monasterio
2662 1134 2857 1179 suntsi-

1644 1181 1793 1224 mulati
1816 1188 1859 1225 at
1890 1194 1945 1226 ue
1962 1182 2185 1228 obstinati.
2207 1209 2262 1215 -—
2282 1185 2349 1229 10.
2378 1185 2440 1229 Ad
2472 1186 2705 1231 fraternam
2729 1201 2837 1235 cona·

1642 1238 1834 1281 cordiam
1922 1238 2169 1295 tinendaim-
2195 1240 2388 1298 ,ejusque
2423 1243 2641 1288 laesionem
2667 1244 2843 1305 sagien-2,

1640 1292 1740 1335 dam
1758 1296 2012 1351 paraenesis.
2025 1321 2084 1351 ε-
2099 1296 2173 1340 Η.
2195 1294 2257 1341 Ad
2275 1299 2390 1354 quod
2412 1306 2533 1346 vates
2545 1312 2668 1354 sacer
2692 1302 2852 1347 borta-

1638 1348 1780 1400 hatur,
1802 1351 1968 1407 gladios
1984 1352 2134 1408 utique
2154 1352 2199 1395 ιιι
2223 1365 2436 1401 vomeres,
2463 1361 2505 1399 et
2530 1351 2705 1402 lanceas
2737 1372 2854 1403 mu.-

1638 1407 1791 1451 tandas
1814 1409 1859 1450 in
1883 1408 2052 1452 falcem.
2074 1432 2128 1440 -—-
2153 1409 2220 1452 12.
2255 1410 2396 1454 Fac-tis
2415 1424 2490 1466 per
2506 1413 2703 1469 linguatu-
2736 1417 2833 1459 vul·

1632 1463 1808 1509 neribus
1829 1476 1908 1520 per
1933 1465 2070 1509 veniae
2087 1466 2335 1520 petitionem
2358 1467 2629 1519 medendum,
2650 1470 2765 1526 quod
2789 1473 2846 1519 ιιι

1632 1531 1810 1564 excessu
1830 1521 2115 1578 correptionis
2132 1521 2187 1566 ad
2201 1523 2445 1579 superiores
2461 1538 2547 1569 non
2569 1527 2831 1574 extenditur.
2852 1529 2857 1537 ¹
2886 1526 2888 1543 ²

1633 1598 1688 1606 --
1716 1577 1786 1619 13.
1812 1575 1847 1619 A
1883 1577 2040 1632 quibus
2078 1579 2521 1633 superiorcs'veniani
2559 1596 2643 1626 non
2693 1591 2830 1638 etant,

1633 1631 1709 1686 qui
1733 1643 1757 1675 a
1774 1632 1862 1676 Deo
1887 1646 2057 1690 semper
2087 1636 2315 1690 petendam
2349 1636 2524 1682 liabent.
2547 1663 2603 1669 -—
2625 1639 2645 1682 1
2684 1673 2694 1683 .
2717 1639 2833 1685 Dile-
2886 1669 2888 1683 ,

1636 1687 1723 1730 ctio
1740 1689 1827 1732 alia
1872 1691 2077 1739 carnalis,
2114 1691 2196 1734 alia
2235 1691 2490 1745 spiritualis,
2521 1707 2652 1739 causa
2689 1698 2832 1744 omnis
2885 1723 2888 1736 =

1635 1742 1753 1793 honi,
1779 1745 1932 1790 malive
1955 1762 1963 1789 ε
2002 1748 2114 1791 inter
2149 1747 2391 1804 Religiosos
2413 1750 2470 1808 sit
2497 1752 2749 1807 spiritualis.
2774 1776 2831 1788 --
2884 1764 2888 1807 ξ

1638 1799 1704 1844 15.
1726 1800 1860 1846 Nemo
1895 1802 2140 1846 dilectionis
2163 1816 2212 1848 ex
2247 1816 2342 1848 ers:
2385 1806 2526 1861 qualis
2552 1820 2598 1851 er
2631 1821 2652 1852 a
2675 1807 2829 1862 Deum,
2884 1810 2886 1828 ‘

1633 1856 1842 1913 seipsum,
1877 1859 2122 1914 proximum
2159 1818 2372 1904 liaiienda.
2405 1886 2459 1893 --
2491 1863 2558 1908 16.
2597 1900 2611 1907 -
2636 1877 2730 1908 mor
2757 1866 2829 1911 sul

1632 1922 1746 1957 nunc
1771 1914 1957 1970 degener
1977 1928 2000 1959 a
2020 1921 2132 1960 statu
2159 1916 2508 1962 innocentiae.Sit
2529 1920 2644 1976 pius,
2666 1921 2827 1975 justus.
2858 1967 2860 1970 ,

1633 1969 1821 2014 sobrius.
1843 1995 1899 2003 -—-
1919 1972 1986 2016 17.
2014 1972 2147 2018 Amor
2183 1974 2423 2030 spiritualis
2455 1977 2572 2021 velut
2603 1979 2830 2034 paradisus
2885 2014 2887 2017 -

1632 2024 1719 2069 Deo
1741 2026 1977 2084 jucundus,
2001 2029 2248 2074 hominibus
2272 2031 2389 2075 utilis
2411 2047 2420 2075 t
2443 2038 2627 2088 quatuor
2648 2035 2830 2078 scaturit
2883 2055 2887 2074 ι

1629 2080 1891 2128 fluminibus.
1917 2109 1973 2116 -—
1998 2085 2065 2130 18.
2086 2085 2161 2129 Est
2184 2084 2335 2138 soi-ma,
2356 2087 2500 2137 decor,
2522 2089 2730 2145 perfectio
2746 2091 2831 2134 vir·
2854 2122 2857 2125 -

1628 2143 1770 2183 tutum
1806 2156 1816 2183 :
1844 2141 1966 2186 varie
1997 2142 2040 2184 in
2072 2140 2309 2199 seripturis
2341 2144 2639 2198 obumbratus,
2681 2148 2828 2203 plures

1631 2207 1790 2251 cogens
1809 2196 1854 2239 in
1877 2210 2027 2242 unum.
2046 2222 2100 2230 ω·-
2120 2199 2183 2243 19.
2208 2198 2368 2243 Eflecta
2402 2201 2628 2246 charitatis
2650 2205 2829 2262 conglo-

1623 2251 1738 2305 bata,
1757 2265 1853 2310 quae
1876 2254 2049 2311 genium
2073 2255 2168 2310 ejus
2187 2257 2324 2314 magis
2346 2257 2580 2304 elucidant.
2848 2274 2852 2280 ·

1628 2345 1659 2392 l.
1672 2347 1807 2393 >attilia
1829 2354 1947 2413 sunt,
1961 2348 2117 2396 l'ratres
2130 2351 2635 2403 charissimi,criminum
2650 2367 2824 2412 genera,
2856 2351 2857 2354 ’

1570 2420 1728 2476 quibus
1751 2422 1957 2479 antiquus
1980 2421 2070 2476 ille,
2095 2435 2145 2468 ac
2174 2425 2415 2482 versipellis
2443 2426 2620 2472 humani
2651 2430 2827 2486 generis
2853 2462 2855 2468 ·

1567 2494 1772 2539 iuimicus
1792 2496 1982 2539 animam
2011 2496 2202 2542 hominis
2218 2498 2453 2556 illaqueare
2475 2502 2599 2553 solet,
2621 2507 2749 2559 atque
2771 2504 2828 2549 ab

1567 2579 1664 2612 arce
1683 2568 1891 2612 virtutum
1917 2569 2130 2626 dejectam
2148 2572 2193 2615 in
2210 2570 2296 2616 ima
2311 2573 2514 2617 vitiorum
2534 2581 2824 2631 prosternere.
2881 2589 2884 2605 ⁴

1565 2640 1702 2695 Varii,
1719 2643 1912 2701 inquam,
1940 2650 2042 2689 sunt
2059 2643 2335 2702 flagitiorum,
2360 2659 2411 2691 ae
2429 2647 2670 2699 facinorum
2688 2651 2822 2704 modi.

1564 2717 1721 2774 quibus
1738 2711 1942 2775 pestiferh
1956 2719 2074 2764 illius
2091 2721 2382 2778 suggestione,
2402 2722 2620 2779 fatigatus.
2643 2723 2826 2770 delecta·
2854 2751 2856 2754 ·

1564 2792 1680 2837 tione
1693 2804 1950 2845 concussus,
1976 2805 2194 2838 consensu
2210 2795 2423 2846 devictus,
2446 2797 2618 2842 actione
2635 2806 2824 2855 prostrat,

1564 3018 1792 3058 conservat
1812 3016 2093 3061 conscientiae
2125 3017 2311 3074 puritas,
2333 3025 2376 3062 et
2412 3027 2574 3062 sanetae
2591 3030 2821 3064 conversa-
2858 3030 2867 3082 ζ

1564 3087 1696 3132 tionis
1720 3089 1963 3146 integritas,
1978 3090 2194 3152 mediante
2220 3091 2428 3148 languore
2457 3094 2608 3150 culpae„
2634 3093 2678 3138 iu
2703 3107 2820 3139 mor·
2862 3143 2863 3146 ,

1564 3167 1648 3207 tem
1670 3164 1836 3219 proruit
1859 3175 2014 3220 poenae.
2035 3162 2152 3214 Inter
2170 3167 2376 3211 universa
2395 3179 2497 3212 vero
2515 3168 2626 3213 mala
2647 3168 2754 3222 baec,
2773 3170 2820 3215 ιιι

1563 3236 1720 3292 quibus
1746 3249 1878 3280 causa
1901 3244 1943 3281 et
1959 3239 2132 3283 occasio
2163 3241 2364 3286 consistit
2385 3241 2584 3288 humanae
2610 3243 2820 3300 perditio-

1563 3310 1631 3353 nis
1649 3322 1870 3365 magnnm,
1897 3315 1941 3354 et
1964 3323 2074 3368 pene
2096 3323 2312 3357 summum
2342 3314 2386 3358 in
2416 3316 2580 3360 malitia
2618 3323 2734 3362 tenet
2755 3317 2825 3362 lo-·
2850 3320 2860 3376 ἦ

1563 3395 1660 3426 cum
1684 3382 1839 3427 horror
1855 3383 2082 3429 discordiae
2105 3390 2147 3429 et
2170 3387 2477 3442 contentionis;
2499 3402 2597 3446 quae
2614 3391 2817 3436 miseram

1565 3460 1769 3506 mentem,
1788 3468 1919 3512 quam
1938 3457 2040 3501 tabe
2064 3468 2146 3501 sua·
2171 3458 2394 3503 mortifera
2415 3458 2566 3512 inlicit,
2604 3461 2723 3506 omni
2742 3475 2819 3520 pe·
2851 3466 2877 3531 i

1564 3529 1698 3579 nitus,
1724 3529 1976 3573 utbreviter
1999 3529 2214 3583 dicamus,
2233 3537 2276 3575 et
2292 3532 2406 3577 bono
2426 3538 2625 3586 evacuat.
2646 3540 2690 3580 et
2705 3535 2818 3579 malo
2846 3533 2875 3622 δὲ

1565 3600 1715 3656 replet.
1762 3599 2016 3647 Universum
2058 3605 2272 3660 siquidem
2296 3607 2337 3649 in
2380 3607 2512 3652 corde
2539 3609 2816 3655 serenitatem
2855 3644 2857 3651 Α

1565 3675 1835 3730 spiritualem
1875 3676 2113 3732 obnubilat,
2140 3679 2379 3724 claritatem
2401 3682 2619 3735 obscurat,
2641 3675 2827 3727 amoeni-³
2913 3728 2917 3739 ‚

1563 3753 1692 3791 tatem
1714 3749 1922 3794 transfert
1956 3749 1999 3793 in
2037 3749 2280 3804 horrerem,
2322 3753 2590 3800 dulcedinem
2622 3743 2752 3800 vertit
2773 3749 2874 3822 ing]
2913 3747 2915 3750 ’

1563 3820 1911 3873 amaritudinem,
1946 3823 2136 3880 quietem
2158 3825 2204 3869 in
2233 3826 2599 3882 perturbationem
2621 3827 2827 3891 commu:
2862 3843 2867 3865 ι
2912 3863 2916 3895 ἐ

1562 3899 1641 3943 tat,
1663 3895 1706 3937 in
1722 3887 1868 3938 odium
1887 3907 2095 3949 amorem,
2121 3909 2270 3954 pacem
2307 3899 2351 3944 iu
2378 3900 2515 3952 litem,
2537 3899 2815 3946 concordiam
2866 3900 2871 3954 ζ
2913 3897 2917 3944 ;’

1564 3967 1607 4009 ιιι
1629 3966 1938 4022 defensionem,
1964 3969 2271 4027 benignitatem
2295 3972 2341 4016 in
2370 3973 2594 4025 malitiam,
2632 3973 2676 4036 in
2696 3963 2818 4020 utor·
2851 3974 2857 3984 ‘

1563 4044 1650 4083 tem
1673 4039 1860 4096 denique
1883 4041 2032 4085 vitain.
2059 4039 2267 4087 Omalum
2292 4030 2472 4095 aliorum
2487 4046 2700 4090 malorum
2715 4057 2816 4104 pes-
2837 4035 2877 4089 ’,1

1564 4094 1746 4158 simum!
1774 4111 1907 4168 Cujus
1929 4120 2131 4170 respectu
2154 4114 2267 4159 bona
2291 4117 2608 4173 quodammodo
2625 4123 2668 4164 et
2687 4125 2818 4164 σκιὰ·
2861 4125 2863 4131 ’
2915 4167 2924 4188 1,

1562 4197 1613 4230 ra
1629 4187 1742 4230 mala
1769 4192 1886 4231 sunt.
1930 4186 2021 4232 Hoc
2046 4200 2069 4231 a
2088 4189 2215 4233 nobis
2238 4189 2466 4235 excludere
2490 4191 2642 4235 beatus
2666 4191 2814 4249 Augu·
2873 4189 2875 4195 '

1565 4260 1705 4305 stinus
1734 4261 1870 4305 voluit
1892 4261 2146 4306 detestabile
2169 4263 2545 4320 malum,'quand0
2573 4265 2633 4308 ait
2654 4265 2770 4323 (299)
2798 4282 2808 4310 :

1621 4332 1670 4376 ll⁴
1697 4333 1806 4378 Lites
1835 4341 1908 4378 aut
1930 4333 2072 4379 nullas
2102 4335 2309 4389 habeatis,
2337 4344 2416 4382 mit
2440 4351 2567 4394 qnam
2599 4338 2810 4382 celerrime
2870 4353 2875 4367 ·¹

1565 4408 1724 4462 finiatis
1743 4420 1757 4452 .·
1782 4422 1831 4454 ne
1849 4397 2095 4457 ira‘crescat
2113 4409 2155 4454 in
2174 4409 2346 4474 odium,
2364 4416 2402 4456 et
2431 4411 2588 4456 trabem
2614 4411 2742 4468 faciat
2759 4411 2810 4457 de
