2924 4588
550 11 854 55 siin-tiones,
886 35 942 43 -
971 9 1027 53 IN
1055 6 1184 55 DOM.
1220 6 1394 53 {NFRA
1423 6 1623 57 OCTAV;
1658 7 2010 53 NA'nvlTa'rls
2035 8 2237 55 DOMINI.

2593 15 2675 59 558

101 113 174 148 tur
195 100 490 152 interpretatio
512 110 776 144 sermonum.
800 99 914 155 quod
940 99 1150 142 visionem
1181 97 1254 142 Dei
1273 109 1345 142 so·
1369 102 1402 147 Α
1425 109 1509 153 qua
1553 97 1784 140 mittuntur
1826 97 1871 140 in
1916 98 2104 149 vineam,
2131 99 2204 154 qui
2230 103 2442 142 steterunt
2480 106 2571 144 tota
2606 104 2675 149 die

98 183 171 221 net
193 175 343 218 Israel.
365 174 451 226 Qui
470 178 611 216 autem
637 173 753 215 videt
791 171 923 217 Deum
956 167 1079 230 vid-et
1113 175 1153 214 et
1176 169 1338 214 Jesum.

53 247 70 259 ’·
97 240 425 300 lesusnamque
445 232 708 301 Deus-'Quis
725 243 780 287 sit
803 249 946 286 autem
971 237 1164 291 moralis,
1182 239 1236 284 de
1254 252 1343 301 ‘quo

97 319 330 374 loquimur,
356 316 500 364 lesus,
526 315 614 358 dixi
637 314 759 358 vobis
778 314 868 369 jain
885 319 926 357 et
943 312 1142 367 audistis.
1166 310 1288 366 Quod
1305 311 1342 364 si

97 392 253 434 iterum
292 389 422 431 ruitis
462 387 626 438 audire,
644 383 734 441 ipse
780 391 847 430 est
874 397 983 445 opus
1023 385 1174 429 salutis
1190 388 1343 429 vestrae

95 459 383 510 fructuosum,
420 458 531 513 quod
563 459 685 512 Juxta
712 463 902 499 tenorem
937 453 1220 510 professionis
1261 466 1337 497 ve-

93 538 194 578 ειη
205 529 526 586 infatigabiliter
541 530 766 574 exercens.
792 529 900 570 eum
919 513 1164 572 nummario
1185 526 1244 569 ua
1267 525 1356 584 sit,

92 597 168 663 qui
195 610 296 650 sunt
313 604 384 646 isti
407 602 529 646 multi
565 603 760 646 videntes
782 600 944 650 Jesum,
972 599 1128 655 quibus
1174 593 1267 654 ipse
1296 600 1354 641 in.

92 676 262 722 ruinam
282 676 471 732 ponitur,
499 675 600 718 etin
619 674 787 730 signum
801 672 872 716 eui
891 672 1237 715 contradicitur?
1253 670 1341 714 sor·

92 749 225 795 tassis
249 749 311 798 illi
347 741 465 797 sunt,
507 747 582 803 qui
619 746 886 806 fructuosum
929 750 1091 789 statum
1125 744 1337 795 nostrum,

93 822 186 878 ipse
208 825 274 865 est
310 820 426 864 enim
459 817 604 870 Jesus,
639 817 828 864 videndo
862 816 1044 873 quidem
1067 815 1337 875 agnoscunt:

93 894 168 937 sed
215 893 317 936 dum
358 903 460 941 eum,
488 898 579 934 non
613 891 752 934 solum
815 903 903 934 non
942 889 1163 945 diligunt,.
1189 897 1337 933 verum

89 965 220 1008 etiam
243 977 320 1025 per
346 964 494 1023 odium
519 963 838 1019 reprehendunt
862 964 918 1005 ibi
950 968 1112 1005 ruunt:
1148 975 1236 1005 non
1268 974 1340 1006 soe

77 1038 177 1089 ,lum
198 1049 295 1081 eum
318 1048 406 1080 non
428 1042 705 1090 assequentes
726 1035 1051 1087 imitando,sed
1066 1041 1110 1078 et
1130 1029 1340 1090 deroganf

87 1098 144 1162 rio
160 1112 483 1168 persequentes.
505 1108 671 1152 Salutis
691 1121 790 1164 esse·
808 1109 978 1164 signum
995 1107 1336 1162 deprehendunt,

1423 169 1549 215 otiosi
1575 167 1746 225 (Mami.
1777 169 1892 220 ΠΛ
1919 175 1962 212 et
1984 168 2144 226 seqq).
2166 169 2218 212 Et
2245 169 2404 214 habent
2434 179 2674 226 praeeuntes

1422 240 1468 287 in
1491 241 1575 290 hoe
1601 241 1824 292 convivio,
1850 246 1893 285 et
1914 241 2095 285 comites
2110 243 2269 285 multos
2298 243 2547 289 obedientes
2566 258 2674 302 quos

1421 314 1626 370 exprimit
1647 312 1863 356 Abraham
1877 345 1888 364 ,
1908 318 2134 372 sperantes
2159 315 2392 360 nonnullos
2423 330 2533 372 quos
2556 316 2674 364 Isaac

1422 383 1564 428 innuit
1580 385 1824 441 ,vitiorum
1839 398 2012 442 quoque
2035 387 2376 442 supplantationi
2399 388 2672 435 insistentes.

1421 456 1560 500 ethos
1576 455 1710 500 Jacob
1733 457 1947 513 designat.
1973 457 2073 520 istis
2109 459 2216 502 mihi
2246 460 2418 504 videtur
2439 463 2542 517 poni
2588 476 2675 507 uon

1421 529 1466 572 in
1489 529 1676 581 ruinam,
1703 530 1779 573 sed
1824 528 1868 572 in
1889 530 2270 583 resurrectionem,
2304 545 2391 576 non
2415 533 2460 576 in
2502 534 2674 590 signum

1422 599 1493 642 cui
1517 598 1844 654 contradicitur,
1871 598 1949 643 sed
1965 598 2036 641 cui
2061 599 2278 643 obeditur.
2295 601 2474 657 Magnus
2501 602 2674 658 quidem

1420 677 1463 714 et
1482 683 1585 719 vere
1611 684 1792 727 magnus
1814 671 1888 714 -bic
1923 671 2099 716 videturv
2127 671 2272 724 Jesus,
2290 673 2343 717 de
2370 685 2457 730 quo
2482 679 2601 718 tanta
2625 687 2676 720 ae

1419 744 1522 790 talia
1546 744 1777 795 dicuntur,
1818 749 1864 793 ut
1897 756 1986 792 non
2004 744 2138 788 modo
2178 732 2493 801 compellantur
2510 747 2676 791 intrare

1420 815 1556 859 Maria
1572 821 1614 860 et
1634 816 1816 872 ,Josepln
1841 817 1915 873 qui
1937 817 2162 873 propiores
2193 823 2310 870 sunt,
2333 818 2407 863 sed
2431 819 2487 862 ab
2508 820 2674 863 oriente

1421 892 1661 941 invitantur
1680 891 1805 952 multi
1839 897 1896 944 et,
1906 892 2131 935 occidente
2147 925 2158 944 ,
2198 899 2402 948 tanquam
2423 893 2578 936 mulier
2602 892 2675 935 illa

1420 976 1515 1021 quae
1528 996 1540 1015 ,
1569 964 1716 1007 audita
1738 964 1851 1008 sama
1872 963 2115 1009 Salomonis
2132 998 2142 1018 ,
2167 965 2316 1008 relicta
2334 966 2475 1020 patria
2492 970 2535 1009 et
2552 972 2677 1021 gente

1421 1048 1516 1088 swa,
1537 1050 1627 1080 non
1649 1044 1716 1080 est
1733 1036 1937 1093 pigritata
1958 1038 2108 1082 venire
2121 1038 2300 1088 adeum,
2326 1036 2455 1081 etiam
2473 1049 2497 1080 a
2514 1036 2674 1083 linibus

1416 1117 1546 1153 torrae
1563 1107 1663 1165 (111
1681 1108 1780 1165 Req.
1806 1122 1850 1160 x,
1882 1109 1940 1166 1).

87 1175 205 1240 quod
223 1182 335 1246 apud
359 1195 434 1228 vos
456 1177 730 1237 conspiciunt
755 1195 766 1235 ;
789 1182 863 1231 sed
886 1181 988 1225 dum
1015 1180 1120 1238 illud
1138 1193 1224 1224 non
1245 1192 1330 1222 mo-
1365 1157 1398 1203 Β
1474 1181 1547 1225 lx.
1598 1181 1651 1224 Et
1665 1193 1768 1225 eece
1802 1186 2120 1225 sacramentum
2182 1194 2386 1238 magnum
2410 1199 2420 1227 ε
2469 1196 2675 1241 magnum

87 1254 143 1297 do
166 1254 388 1297 humiliter
410 1265 498 1296 non
529 1252 872 1309 apprehendunt,
893 1252 975 1299 sed
993 1264 1037 1295 :et
1061 1251 1244 1306 superbe
1272 1261 1339 1302 re-

86 1317 375 1383 prehendunt,
393 1327 434 1369 ei
453 1326 630 1369 omnino
653 1325 970 1377 contradicunt.
994 1323 1188 1370 Etrcertc
1211 1323 1338 1366 hodic

83 1394 331 1442 multisunt
353 1397 396 1456 in
422 1396 568 1447 lsrael,
597 1385 918 1440 interriden'tes
935 1394 1084 1447 Deum,
1104 1394 1270 1440 seilicet
1285 1393 1339 1438 de

85 1469 153 1512 bis
178 1469 400 1517 malevolis
425 1474 467 1510 et
505 1468 703 1523 superbis
730 1460 1010 1516 saeeularibus
1046 1459 1214 1524 loquor,
1241 1466 1339 1522 qui-

83 1541 165 1591 bus
193 1542 264 1584 hic
285 1541 454 1596 positus
487 1547 554 1584 est
590 1540 718 1584 lesus
743 1541 786 1584 in
810 1541 997 1591 ruinam,
1029 1546 1071 1582 et
1095 1541 1137 1583 in
1162 1539 1333 1595 signum

83 1615 153 1658 cui
175 1614 489 1660 contradicitur
515 1628 525 1658 :
560 1614 662 1657 dum
687 1614 847 1657 bonum
870 1613 986 1671 quod
1023 1614 1136 1670 apud
1167 1625 1244 1655 vos
1270 1612 1337 1655 in—

82 1692 274 1738 tuentur,
312 1687 381 1750 rel
403 1681 758 1743 reprehendendo
779 1687 847 1735 vel
884 1686 1161 1742 despiciendo
1181 1692 1334 1745 porse·

81 1763 293 1815 quimttm⁸>
310 1756 387 1802 Vel
411 1758 449 1800 si
493 1758 533 1801 id
576 1757 887 1814 sortesaltem
917 1753 1146 1814 superlicio
1176 1751 1332 1806 tenus,

81 1830 603 1883 laudandovenerantur,
649 1830 897 1874 nullatenus
918 1835 1063 1872 tamen
1091 1840 1165 1884 per
1192 1827 1336 1870 imita-

82 1909 242 1954 tionem
257 1911 569 1962 -assequuntur.
598 1904 697 1947 Sive
717 1905 845 1959 etiam
858 1901 976 1959 quod
992 1901 1212 1957 multoties
1233 1908 1332 1946 eve-

81 1979 177 2032 nire
194 1979 411 2030 ¹videmus..
435 1977 580 2033 ‚eujus
609 1975 737 2019 modo
762 1974 936 2018 famam
959 1973 1012 2035 ad
1037 1980 1206 2028 tempus
1240 1983 1336 2029 ere-

79 2052 231 2097 dentes
253 2051 548 2108 magnificant,
571 2050 659 2106 Jam
682 2052 726 2091 in
753 2054 946 2105 tempore
966 2046 1236 2098 tentationis,
1252 2046 1336 2090 im-

80 2126 283 2170 minuere
297 2138 380 2168 non
408 2129 598 2168 cessant.

1418 1253 1592 1310 quidem
1615 1258 1658 1297 et
1675 1252 1904 1296 admodum
1927 1252 2135 1304 nobilem,
2166 1261 2395 1309 postquam
2439 1255 2575 1307 venit,
2600 1255 2676 1301 de-

1418 1323 1646 1382 prehendit
1670 1322 1944 1367 Salomonem
1961 1355 1973 1373 ,
1999 1323 2125 1378 cujus
2142 1325 2349 1379 maiorem
2374 1327 2560 1369 asseruit
2579 1339 2676 1372 esse

1418 1395 1677 1452 sapientiam
1695 1403 1870 1451 propter
1914 1395 2200 1448 intellectum,
2244 1402 2288 1439 et
2326 1408 2458 1455 opera
2498 1404 2676 1455 propter

1416 1466 1637 1518 effectum,
1657 1479 1786 1525 quam
1811 1473 1904 1511 erat
1944 1479 2094 1511 rumor
2123 1480 2250 1523 quem
2289 1470 2503 1516 audierat.
2524 1471 2637 1524 Quid
2658 1472 2675 1514 ἲ

1416 1544 1561 1585 nonne
1582 1546 1722 1584 status
1744 1545 1890 1584 vester
1927 1539 2248 1596 quietissimus,
2280 1542 2457 1596 quidam
2494 1549 2560 1586 est
2596 1556 2674 1587 rex

1414 1613 1655 1672 pacificus?
1686 1612 1795 1656 Nam
1811 1618 1859 1656 et
1898 1613 1984 1657 hoc
2021 1625 2179 1657 sonare
2214 1614 2385 1657 videtur
2435 1614 2671 1663 Salomon,

1416 1684 1542 1740 eujus
1559 1682 1673 1728 fama
1690 1684 1739 1727 in
1762 1688 1930 1726 tantum
1948 1684 2202 1735 crebrescit,
2229 1691 2275 1727 ut
2290 1691 2488 1741 properet
2504 1686 2558 1728 ad
2576 1699 2672 1732 eum

1414 1758 1572 1801 mulier
1594 1756 1791 1814 praesata,
1815 1761 2031 1812 quatenus
2053 1756 2156 1799 dum
2198 1769 2352 1813 magna
2371 1756 2502 1810 fuerit
2534 1759 2665 1803 admi-

1414 1829 1527 1872 ratio
1565 1840 1698 1884 super
1717 1829 1785 1872 his
1821 1839 1916 1884 quae
1951 1828 2158 1871 dicuntur
2195 1828 2248 1872 de
2271 1828 2397 1880 Jesu,
2417 1836 2619 1874 curratur
2648 1843 2671 1874 a

1413 1901 1563 1945 multis
1586 1900 1642 1944 ad
1660 1913 1758 1945 eum
1783 1901 1838 1944 ab
1859 1901 2025 1944 oriente
2059 1907 2102 1943 et
2127 1901 2354 1944 occidente
2376 1933 2388 1953 ,
2413 1906 2561 1957 utpote
2598 1904 2671 1958 qui

1412 1972 1561 2018 multis
1583 1971 1756 2028 ponitur
1775 1971 1822 2014 in
1842 1970 2224 2026 resurrectionem,
2237 1970 2390 2027 Aquilo
2409 1986 2568 2028 quoque
2585 1972 2671 2025 det,

1411 2053 1452 2088 et
1487 2046 1640 2089 Auster
1661 2058 1744 2089 non
1781 2043 1999 2100 prohibeat
2041 2043 2150 2101 (lsa.
2199 2057 2326 2095 xerxi,
2369 2045 2429 2101 6).
2492 2045 2673 2090 Veniant

1413 2121 1603 2178 undique
1625 2120 1679 2166 ad
1702 2133 1817 2170 eum,
1841 2120 1916 2176 qui
1936 2125 2092 2167 ,contra
2115 2119 2377 2176 Aquilonem
2409 2119 2579 2163 sortiter
2606 2120 2672 2164 di-

134 2197 226 2242 vlt.
247 2199 310 2241 Ad
333 2199 488 2241 horum
530 2196 697 2240 videtur
719 2206 974 2245 :numerum
1005 2192 1238 2249 pertinere,
1258 2193 1332 2248 qui
1355 2225 1387 2270 C
1414 2196 1575 2239 micant
1604 2196 1786 2251 iuvenes
1808 2209 1824 2248 ε,
1843 2200 1888 2238 et
1912 2205 2009 2250 quae
2026 2193 2212 2236 candent
2244 2194 2288 2235 in
2311 2193 2459 2239 Austri
2497 2194 2671 2239 mundi-

80 2267 250 2324 dinetus,
264 2276 306 2312 et
325 2269 590 2319 conductus,
610 2274 657 2310 ut
679 2268 836 2323 populo
857 2262 1149 2322 malediceret,
1172 2264 1218 2307 in
1234 2269 1334 2319 tan-

78 2345 280 2400 tumeum
297 2341 500 2396 populum
524 2338 739 2385 laudavit:
766 2343 814 2380 ut
834 2337 940 2384 mori
965 2341 1127 2394 optaret
1143 2336 1334 2378 animam

79 2425 200 2459 suam
228 2422 357 2457 morte
380 2423 539 2463 aarum,
567 2420 604 2455 et
629 2411 975 2469 Ῑῐρτὶῑ-,ηουὶᾷείῃια
1000 2409 1251 2464 sueborum
1275 2411 1335 2453 si-

79 2486 198 2536 milia
220 2483 370 2542 (Num.
397 2498 521 2536 xxiii,
550 2483 636 2541 10).
666 2483 751 2529 Sed
767 2489 988 2527 transacto
1005 2489 1199 2536 tempore
1221 2493 1334 2525 eom-

79 2559 326 2614 punctionis
363 2557 517 2601 doeere
563 2569 650 2601 non
677 2556 834 2611 puduit.
856 2567 954 2610 eum
994 2553 1152 2599 &atach
1183 2566 1333 2608 ponere

79 2631 325 2677 wandalum
350 2632 567 2677 coram-eis
588 2631 704 2673 edere
721 2636 759 2674 et
777 2628 984 2688 [ominari¹
1004 2627 1149 2684 (Aper,
1166 2639 1214 2678 u,
1240 2627 1327 2684 14).

79 2701 263 2753 Proinde
286 2702 494 2752 attendite
515 2715 542 2745 a
568 2701 690 2746 salsis
712 2701 936 2749 fratribus,
966 2701 1002 2742 si
1027 2693 1331 2742 subintroeunt

80 2776 571 2832 explorare-libertatem
593 2782 798 2827 vestram,
821 2786 949 2829 quam
959 2772 1126 2817 hahetis
1145 2771 1189 2828 in
1204 2761 1329 2818 Chri-r

80 2856 147 2892 sto
168 2848 293 2895 Jesu'a
314 2854 367 2893 -ut
385 2849 526 2894 vosin
542 2847 791 2891 servitutem
810 2846 1003 2901 redigant
1027 2842 1148 2900 (Gal.
1169 2855 1200 2885 ιι
1213 2875 1229 2895 ,,
1248 2843 1274 2886 4
1287 2842 1301 2900 )
1315 2874 1326 2894 ‚

82 2922 441 2980 scientesimultos
464 2933 560 2970 eSse
581 2919 789 2971 ‹iiiisraeL
816 2918 974 2975 quibus
1000 2922 1149 2970 noster
1171 2911 1216 2959 in
1237 2917 1329 2960 rui-

79 3009 178 3040 nam
202 2996 520 3052 ponitur-Iesus
542 3028 554 3047 ,
606 3000 650 3040 et
674 2996 719 3039 tn
744 2995 915 3051 signum
954 2994 1023 3037 cui
1068 2986 1330 3055 contradici—

79 3066 276 3125 tur.3Sed
298 3067 472 3123 reliq-uit
505 3067 585 3110 sibi
610 3066 769 3110 multos
794 3065 1002 3108 Dominus
1029 3063 1074 3107 in
1111 3062 1258 3125 lsrael,
1286 3068 1329 3106 et

79 3139 154 3194 qui
176 3138 330 3193 reliqui
354 3144 454 3184 suut
478 3138 729 3182 auferantur
759 3149 812 3181 ex
834 3137 920 3187 his,
940 3148 1050 3192 quos
1065 3130 1329 3180 modocom-

80 3212 448 3261 memoravimus:
470 3212 542 3266 qui
566 3218 607 3254 et
639 3210 723 3267 ipsi
756 3208 929 3264 quidem
958 3212 1059 3258 sunt
1103 3208 1147 3250 in
1204 3206 1329 3262 156

1420 2269 1478 2313 tie
1497 2268 1700 2325 virgine8‚
1721 2279 1848 2312 senes
1867 2278 2041 2322 quoque
2066 2265 2312 2311 occidentes
2336 2279 2434 2308 eum
2485 2265 2672 2320 juniori-

1415 2342 1498 2388 bus
1520 2343 1727 2387 orientes.
1753 2341 1864 2386 Ecce
1898 2340 2070 2385 videtur
2091 2339 2256 2394 'Jesus,
2296 2353 2425 2396 quem
2469 2339 2670 2389 exprimit

1418 2414 1622 2459 Salomon
1646 2414 1778 2459 odore
1801 2412 2115 2470 magnitudinis
2141 2425 2231 2458 suae
2271 2412 2521 2468 praedictam
2546 2411 2599 2455 ad
2623 2423 2670 2455 se

1413 2487 1608 2542 reginam
1632 2485 1840 2529 invitans.
1863 2484 1975 2529 Eece
1990 2491 2031 2527 et
2047 2483 2192 2535 Jesus,
2217 2495 2347 2539 quem
2370 2483 2440 2526 ille
2466 2481 2667 2537 designat

1413 2557 1522 2612 lapis
1547 2563 1733 2601 statuam
1751 2554 1990 2599 terribilem
2008 2559 2051 2599 et
2069 2567 2292 2611 proceram
2315 2553 2543 2598 destruens
2563 2568 2573 2606 ;
2593 2552 2666 2609 qui

1409 2627 1456 2671 in
1482 2634 1569 2671 tam
1591 2639 1794 2683 magnum
1817 2632 1968 2683 postea
2007 2627 2142 2670 crevit
2164 2631 2372 2677 montem,
2399 2630 2447 2667 ut
2471 2624 2669 2680 impleret

1411 2713 1582 2744 omnem
1603 2706 1767 2744 terram
1787 2698 1917 2756 (Dan.
1943 2710 1993 2750 n,
2018 2697 2105 2755 55).

1464 2772 1519 2815 X.
1544 2771 1695 2815 Nonne
1730 2770 1842 2827 lapis
1878 2769 2028 2814 firmus
2051 2780 2192 2814 vester
2214 2775 2281 2813 est
2324 2768 2447 2813 sortis
2493 2769 2666 2815 status?

1409 2843 1760 2900 quandoquidem
1784 2847 1924 2887 status
1941 2841 2030 2893 ille,
2047 2854 2145 2886 cum
2163 2842 2218 2885 sit
2238 2853 2316 2897 per
2330 2850 2473 2884 veram
2494 2842 2666 2897 sapien—

1409 2916 1512 2960 tiam
1577 2921 1775 2958 maturus
1795 2946 1807 2965 ,
1856 2927 1932 2971 per
1983 2914 2163 2958 nitidam
2204 2901 2549 2968 praedicationem
2594 2925 2662 2957 so-

1408 3001 1546 3032 norus
1616 3000 1692 3044 per
1738 2988 1893 3031 iortem
1938 2987 2152 3031 actionem
2198 2986 2405 3030 robustus
2422 3018 2433 3038 ,
2474 2997 2550 3041 per
2573 2991 2663 3032 sta-

1409 3059 1538 3103 bilem
1587 3057 1954 3114 perseverantiam
2011 3057 2234 3101 radicatus
2249 3089 2261 3108 ,
2314 3070 2391 3113 per
2451 3057 2662 3113 cognitio-

1410 3145 1507 3176 nem
1545 3133 1729 3188 propriae
1773 3131 2020 3187 fragilitatis
2062 3130 2312 3175 humiliatus
2328 3145 2339 3183 ;
2355 3129 2523 3185 peritas
2535 3132 2662 3187 quin-

1411 3217 1494 3262 que
1531 3207 1729 3257 virtuteS,
1764 3205 1956 3261 quinque
1991 3204 2104 3247 mala
2143 3209 2283 3249 status
2312 3204 2546 3248 mundialis
2584 3203 2658 3248 de-

79 3283 230 3338 lsrael„
251 3283 386 3328 Deum
406 3284 605 3333 videlicet
629 3282 841 3333 videntes,
857 3281 947 3324 sed·
966 3273 1139 3324 ruentes
1167 3284 1208 3322 et
1224 3291 1328 3321 eon·
1355 3298 1388 3340 D
1413 3282 1557 3323 struit.
1582 3279 1688 3324 Nam
1717 3278 1930 3335 fulgorem
1952 3276 2164 3320 annihilat
2192 3289 2267 3333 per
2294 3280 2474 3333 primam
2513 3277 2657 3320 inanis

79 3354 355 3406 tradicontes.
386 3352 591 3408 Reliquit,
620 3353 824 3408 inquam,
862 3350 1194 3410 sibillam-inus,
1215 3350 1328 3392 mul-

78 3431 145 3479 tos
171 3424 214 3476 in
237 3422 383 3473 Israel,
423 3424 581 3482 quibus
605 3424 687 3470 iste
718 3422 842 3466 vlesus
869 3423 1052 3477 'ponitur
1075 3421 1117 3463 in
1136 3408 1331 3464 resurre-

79 3499 284 3546 ctionem.
307 3498 359 3540 Hi
396 3503 496 3539 sunt
522 3496 660 3551 ‚multi
699 3496 756 3538 illi
799 3496 851 3538 de
902 3495 1059 3551 quibus
1087 3493 1325 3547 Dominus:

79 3570 220 3622 Multi,
250 3571 404 3626 inquit,
433 3571 588 3639 uenient
613 3571 662 3611 ab
687 3570 843 3612 oriente
876 3574 915 3611 et
952 3550 1241 3618 occidente,¹et
1265 3580 1329 3609 re-

79 3642 266 3702 cumbent
298 3657 389 3684 cum
430 3642 646 3684 Abraham
676 3648 717 3684 et
744 3641 883 3691 Isaac,
903 3647 943 3683 et
966 3638 1098 3683 Jacob
1140 3640 1183 3681 in
1203 3651 1328 3695 regno

79 3715 458 3771 coelov·un2(Matth‚
484 3728 582 3761 wli,
611 3713 700 3770 it).

135 3789 239 3838 vm.
278 3789 621 3845 Quod-prolecto
669 3787 860 3843 quotidie
901 3786 1072 3830 evenire
1112 3776 1322 3835 videmus,

81 3875 312 3917 properare
334 3863 533 3914 videlieet
563 3861 620 3903 ad
657 3863 771 3910 bunc
805 3866 965 3904 statum
987 3863 1180 3903 vestrum
1218 3856 1324 3913 (ipse

81 3934 147 3977 est
168 3934 283 3981 enim
306 3939 429 3993 quasi
466 3935 682 3989 quoddam
710 3946 903 3989 regnum,
924 3933 1149 3980 coelor-um,
1173 3931 1218 3972 in
1239 3941 1323 3984 quo

81 4005 356 4068 inveniuntur
379 4007 561 4050 Mariae!
577 4006 771 4062 ioseph),
787 4012 830 4048 et
842 3998 1024 4053 *veniunt
1037 4010 1083 4047 ut
1105 4004 1148 4047 iu
1169 4015 1220 4051 eo
1234 4003 1322 4057 spi-

81 4077 291 4121 ritualiter
313 4080 578 4123 reficiantur.
614 4079 737 4121 Multi
757 4091 778 4120 a
811 4078 952 4133 pri-ma
984 4082 1126 4125 aetate,
1151 4076 1241 4118 baec
1258 4080 1324 4126 est
1347 4128 1350 4130 v

80 4149 226 4199 oriens
251 4153 420 4204 aquaist
444 4151 545 4193 illud
572 4152 756 4204 primum
793 4160 936 4198 mane,
960 4159 1045 4202 quo
1071 4146 1320 4188 conducun-

79 4223 372 4284 turoperarfi,
396 4228 438 4266 et
457 4223 746 4273 ducunturad
774 4223 958 4271 vineam.
979 4219 1099 4263 Multi
1118 4221 1163 4268 in
1183 4227 1324 4271 .-aeta,te

83 4293 260 4343 ultima,
282 4295 372 4339 liare
413 4302 477 4345 cst
511 4295 746 4342 occidens:
787 4294 912 4349 quasi
936 4293 1042 4340 bora
1076 4293 1332 4343 undecimm,

1413 3357 1454 3394 et
1486 3350 1653 3394 fallacis
1691 3350 1931 3406 sapientiae,
1964 3361 2060 3405 quae
2102 3345 2283 3392 stultitia
2314 3356 2375 3392 est
2397 3349 2505 3403 apud
2528 3347 2655 3391 Deum

1413 3423 1456 3480 (I
1481 3423 1577 3467 Cor.
1603 3436 1670 3474 111,
1697 3423 1765 3480 19)
1782 3454 1792 3473 ‚
1821 3422 1902 3469 hoc
1921 3427 1988 3467 est
2029 3433 2197 3464 aurum.
2231 3418 2312 3464 Per
2333 3420 2564 3464 secundam
2588 3422 2656 3463 ni*

1409 3503 1544 3540 terem
1578 3506 1795 3551 pomposae
1822 3493 2096 3549 eloquentiae,
2121 3492 2204 3536 hoc
2224 3498 2289 3536 est
2307 3497 2548 3548 argentum.
2570 3490 2653 3535 Per

1408 3568 1580 3611 tertiam
1603 3567 1738 3611 robur
1757 3567 1880 3613 elatae
1901 3565 2184 3615 fortitudinis,
2209 3571 2251 3609 et
2273 3565 2383 3607 banc
2401 3576 2475 3619 per
2497 3576 2554 3610 aes
2578 3576 2651 3607 ae-

1408 3640 1516 3694 cipe.
1535 3638 1618 3682 Per
1635 3643 1830 3695 quartam
1845 3638 2126 3693 pertinaciam
2140 3634 2309 3680 rebellis
2327 3636 2645 3686 obstinationis,

1407 3714 1488 3756 hoe
1504 3719 1570 3757 est
1585 3712 1765 3757 ferrum.
1787 3709 1869 3755 Per
1887 3711 2082 3767 quintam
2106 3711 2244 3752 lutum
2268 3709 2475 3761 libidinis,
2499 3715 2541 3753 et
2565 3709 2647 3752 boe

1406 3792 1472 3829 est
1493 3792 1623 3833 testa,·
1649 3783 1915 3837 Hacautem
1939 3789 2112 3840 peraeta
2133 3781 2314 3827 victoria
2352 3781 2398 3824 lit
2435 3781 2543 3836 lapis
2564 3781 2646 3825 iste

1407 3871 1529 3901 mons
1547 3864 1728 3913 magnus
1748 3855 1919 3912 replens
1941 3864 2109 3899 omnem
2125 3860 2301 3904 terram,
2328 3859 2375 3897 ut
2388 3854 2474 3908 iam
2492 3853 2645 3897 civitas

1405 3930 1610 3973 abscondi
1632 3942 1718 3973 non
1736 3928 1888 3984 possit,
1922 3938 2020 3971 cum
2043 3938 2172 3981 super
2210 3931 2306 3983 eum
2340 3925 2479 3981 posita
2518 3924 2645 3968 suerit

1405 4003 1575 4060 (Matth.
1593 4016 1638 4055 v,
1666 4002 1736 4060 14)
1759 4009 1827 4046 :et
1848 4000 1996 4045 mirari
2022 3999 2296 4044 vehementer
2331 3997 2643 4051 compellantur

1403 4074 1559 4130 Joseph
1582 4081 1625 4118 et
1646 4073 1779 4117 Maria
1803 4079 1940 4117 mater
1956 4071 2057 4117 lesu
2080 4083 2208 4125 super
2232 4071 2297 4120 his
2319 4082 2412 4124 quae
2441 4069 2643 4111 dicuntur

1404 4148 1456 4190 de
1479 4147 1576 4198 illo,
1616 4159 1714 4190 eum
1743 4146 1815 4188 hie
1855 4147 2025 4202 positus
2063 4143 2256 4198 fueritin
2274 4139 2647 4197 ,resurrectionem

1390 4220 1636 4270 ‚multorum
1660 4219 1705 4262 in
1718 4217 1866 4263 lsrael.

1460 4290 1528 4335 xl.
1553 4289 1636 4335 Sed
1659 4291 1728 4335 hic
1756 4291 1884 4347 lapis,
1930 4286 2020 4346 qni?
2046 4301 2171 4332 mons
2207 4300 2386 4344 magnus
2412 4285 2525 4340 apud
2555 4281 2642 4328 Da·
