2924 4588
22 125 27 131 .
104 163 211 211 158ῐ

22 783 44 859 Ξ

24 2492 43 2518 ὶ

39 607 50 614 ,,

27 630 51 643 3·

32 676 35 683 ,
50 674 60 679 -

12 699 49 773 ε

787 165 1041 212 ursionis
1069 167 1456 219 SenotAS'rtcA.
1481 197 1539 208 —-
1564 175 1616 220 ΙΝ
1647 176 1962 229 EVANGEUA..

2523 198 2630 243 1582

99 255 217 302 euim
238 253 353 298 fitius
374 258 517 304 terroe,
540 254 614 297 alii
631 253 708 298 lilii
725 254 971 307 hominum„
991 258 1109 302 solus
1131 259 1334 304 Christus
1355 263 1394 309 A
1414 264 1579 309 medios
1598 271 1763 313 tantum
1781 279 2000 327 ponentes.
2032 276 2083 320 Et
2111 281 2341 324 notandum
2378 283 2492 338 quod
2523 285 2630 330 Mat-

100 326 214 375 filius
242 324 431 370 hominis
447 325 672 372 unius.,At
702 327 764 370 illi
797 326 1032 373 dixerunt:
1060 345 1076 367 c
1098 330 1181 375 Alii
1202 331 1336 375 Joau-

97 412 194 445 nem
239 398 501 455 Baptistam,
540 399 615 442 alii
657 399 822 451 Etiam,
866 402 939 444 alii
972 401 1218 458 Jcreiniam,
1259 412 1336 450 aut

96 483 230 516 unum
248 483 302 514 ex
315 470 555 531 prophetis,
583 484 598 510 ι
621 470 664 514 id
690 477 758 515 εει
771 471 979 518 Eliseum.
1005 474 1112 527 Quia
1135 475 1333 522 Christus

95 545 370 603 baptizabat,
415 545 626 600 putabant
662 547 919 590 suscitatum
964 548 1228 603 Baptistam,
1267 551 1334 594 vel

95 617 344 674 prophetam
385 616 573 673 aliquem
606 618 815 672 duorum,
840 620 912 675 qui
945 627 1216 666 transeuntes
1235 621 1333 665 Jor-

93 688 247 730 danem
283 685 553 743 'baptismum
591 688 940 744 praefigurabant,
967 690 1011 735 id
1050 698 1118 735 est
1155 691 1256 737 Elias
1287 699 1332 738 et

94 758 222 803 Elisei
243 772 254 812 ;
278 757 510 803 Jeremiam
548 773 653 804 vero
685 761 780 816 ideo
796 794 808 814 ,
835 763 936 819 quia
962 764 1254 809 sanctificatus
1278 766 1333 810 ab

94 835 217 874 utero
239 821 398 886 legitur
419 830 526 886 (Jer.
555 832 604 888 ι).
629 831 899 890 Augustinus
920 849 932 879 ε
957 834 1104 880 Ροιεει
1128 850 1328 890 movere,

12 934 19 950 ,.,
43 883 58 950 ’,
90 901 205 960 quod
223 901 365 946 Lucas
385 901 492 946 dicit
517 891 743 947 Dominum
766 905 1058 962 interrogasse
1077 908 1328 966 discipulos,

90 972 190 1018 'cum
213 979 330 1028 esset
355 974 475 1018 solus
497 979 628 1020 orans
649 975 771 1033 (Luc,
804 978 890 1035 ix);
913 979 1082 1025 Marcus
1101 985 1330 1039 vero-dicit

89 1045 134 1088 in
155 1046 222 1088 via
239 1044 393 1103 (Marc.
420 1046 534 1103 vm).
562 1045 646 1091 Sed
667 1061 764 1092 eum
789 1057 946 1102 movet,
971 1051 1093 1107 quod
1112 1067 1330 1111 nunquam

12 1108 46 1162 ,ἦ
87 1119 228 1163 oravit
251 1119 292 1162 in
310 1119 395 1163 via.
414 1117 543 1163 Forte
559 1120 627 1165 bis
654 1123 867 1177 quaesivit.
889 1124 1082 1181 Cumque
1106 1129 1332 1182 quaesisset

12 1184 18 1234 4
35 1212 50 1240 -;
89 1189 143 1234 ab
167 1190 252 1234 illis
272 1202 411 1244 suam,
436 1192 502 1235 vel
520 1191 711 1246 ipsorum
738 1196 1018 1248 sententiam,
1044 1198 1153 1241 dixit
1174 1198 1328 1244 Petrus

16 1271 53 1320 ¹1,-
89 1275 166 1318 pro
205 1263 408 1309 omnibus
446 1276 495 1304 t«
533 1263 599 1308 Tu
638 1278 685 1310 es
723 1266 922 1312 Christus
960 1267 1096 1314 Filius
1134 1270 1208 1315 Dei
1244 1274 1327 1316 vivi

15 1348 50 1404 333,
87 1331 258 1387 (Matth.
284 1332 391 1391 xvi),
424 1350 439 1375 ι
467 1334 510 1377 id
530 1341 600 1380 est
621 1341 667 1379 tu
705 1349 752 1381 es
773 1338 917 1394 homo,
946 1342 1180 1386 secundum
1214 1345 1326 1400 quod
1352 1320 1385 1362 B

85 1411 244 1447 unctus
266 1417 314 1449 es
335 1416 426 1460 prae
462 1406 749 1463 participibus
777 1410 884 1460 tuis,
918 1416 960 1454 et
983 1424 1030 1455 es
1054 1411 1165 1457 Deus
1192 1413 1327 1460 F.lius

16 1471 37 1527 ³23
85 1475 160 1520 Dei
184 1476 473 1522 vivi.11ebraei
506 1479 620 1522 enim
655 1489 972 1526 consueverunt
1003 1483 1136 1528 Deum
1173 1499 1329 1533 vocare

30 1554 57 1605 ἰ’
85 1545 247 1602 virum,
273 1552 317 1595 in
341 1550 661 1609 sugillationem
690 1554 919 1608 idolorum,
938 1570 1034 1616 quae
1051 1571 1137 1603 non
1159 1560 1325 1607 vivunt.

83 1621 218 1667 Etau
238 1621 366 1669 Jesus
385 1637 396 1666 ε
415 1640 430 1666 t
448 1623 606 1671 Beatus
629 1637 692 1676 es.
718 1626 867 1671 Simon
891 1628 1122 1683 Bar-sona,
1152 1647 1167 1673 i
1196 1632 1237 1675 id
1262 1639 1329 1677 est

83 1694 373 1752 Bar-lomina,
395 1696 439 1740 id
471 1704 539 1743 est
557 1698 672 1754 filius
694 1698 889 1746 Ioannis.
915 1701 1070 1747 Dicunt
1092 1705 1206 1748 enim
1231 1709 1330 1761 qui·

16 1766 53 1818 ζ’·ἑῑἸ
82 1769 184 1814 darn
213 1771 317 1822 vitio
357 1771 616 1827 scriptorum
654 1780 859 1829 corrupte
894 1776 1080 1831 positum
1116 1777 1225 1821 Jona
1250 1791 1327 1835 pro

58 1899 63 1901 Λ
80 1841 265 1888 hanna.
292 1843 344 1887 Et
362 1844 556 1888 addidit:
587 1861 604 1887 ι
629 1845 694 1889 Tu
717 1859 765 1892 es
788 1846 958 1893 Petrus.
987 1866 1004 1891 ›
1029 1849 1148 1903 Quod
1185 1850 1326 1897 Latini

20 1910 45 1965 ζζ
84 1919 126 1958 et
148 1913 285 1959 Graeci
308 1914 457 1960 dicunt
503 1923 667 1972 petram
686 1951 697 1970 ,
724 1910 890 1964 Hebraei
922 1927 964 1965 ct
1005 1922 1103 1980 Syri
1129 1925 1324 1979 cepham.

82 1984 343 2046 ldem‘ergo
380 1996 477 2034 est:
505 1989 569 2033 Tu
610 2003 658 2034 es
695 1992 882 2047 Cephas.
911 2009 926 2034 ι
955 1994 1006 2038 Et
1042 2009 1171 2051 super
1212 1997 1325 2041 lianc

22 2059 34 2118 ἶΙ
81 2059 314 2115 Ρειηιη,ἰ
343 2074 367 2105 a
395 2075 480 2118 qua
503 2063 662 2108 diceris
681 2063 853 2115 Petrus,
888 2082 902 2107 t
932 2067 1152 2111 aedificabo
1177 2068 1326 2114 Eccle-¹

21 2146 39 2198 3²
79 2133 188 2177 siam
211 2147 365 2180 meam.
390 2151 406 2178 ι
421 2135 499 2181 Vel
515 2149 647 2194 super
666 2125 779 2184 hanc
800 2139 987 2192 Petram,
1008 2142 1234 2186 consessus
1258 2155 1320 2194 es,

19 2203 27 2265 ’ὁ
79 2219 176 2264 quae
203 2208 293 2253 sola
324 2207 651 2255 fundamentum
685 2219 765 2257 est.
794 2213 846 2257 Et
878 2213 1079 2270 promisit
1103 2228 1150 2259 se
1173 2215 1211 2258 ci
1244 2216 1322 2258 ‹ia-

0 2284 1 2308 ῖ
67 2286 224 2324 turum
245 2281 392 2326 claves
410 2283 532 2340 regni
552 2285 778 2330 coelorum.
807 2285 935 2332 Forte
957 2292 1061 2334 tunc
1079 2289 1118 2331 ei
1140 2289 1222 2333 soli
1246 2289 1325 2332 de-

30 2352 33 2361 ⁴
77 2352 157 2404 dit,
181 2354 249 2398 vel
272 2362 371 2411 post
387 2348 746 2403 resurrectionem
767 2371 865 2402 cum
889 2360 1000 2405 aliiS.
1031 2374 1046 2401 ι
1075 2359 1196 2404 Titne
1213 2374 1321 2417 prae-
1344 2378 1377 2423 0

27 2471 46 2479 .„
62 2428 194 2484 ¹-eepit
210 2427 341 2474 Jesus
371 2427 606 2487 discipulis*
631 2432 741 2483 suis,
782 2444 836 2477 ne
856 2432 927 2476 cui
967 2428 1186 2484 dicerent,
1206 2434 1322 2490 quod

25 2528 42 2553 ,ς
74 2494 172 2557 'ipse
193 2501 556 2552 esset‘Christus.
589 2519 604 2546 ο
635 2502 716 2549 Ubi
746 2504 1070 2562 intelligendum
1105 2510 1171 2549 est
1199 2511 1320 2556 tunc,

78 2570 218 2616 donec
241 2584 293 2617 eo
309 2574 534 2625 suscitato,
561 2575 677 2631 quod
707 2575 935 2619 audierant
966 2577 1011 2626 in
1036 2586 1143 2620 aure
1166 2576 1322 2632 praedi-

49 2652 231 2703 -carrnt
267 2656 398 2702 super
437 2651 569 2693 tecta.
597 2644 768 2692 «Tune
806 2649 939 2706 coepit
974 2637 1038 2695 eis
1077 2649 1319 2700 ostendere,

35 2774 38 2776 -
77 2717 179 2774 quia
205 2713 430 2776 oportebat
445 2728 544 2765 eum
563 2722 627 2766 ire
648 2720 980 2781 lerosolymam,
998 2729 1042 2768 et
1063 2723 1197 2766 multa
1217 2722 1320 2780 pati,

0 2806 1 2842 l
78 2799 120 2835 et
145 2791 283 2835 occidi
305 2797 349 2837 et
373 2794 500 2838 tertia
524 2793 594 2839 die
611 2807 855 2852 resurgere.
880 2810 895 2838 i
918 2794 1014 2850 Quo
1031 2807 1225 2841 seorsum
1250 2809 1322 2840 as-

78 2860 267 2923 sumpto,
298 2867 405 2912 dixit
427 2869 466 2913 ei
489 2868 642 2914 Petrus
667 2882 678 2911 :
704 2883 720 2910 r
743 2869 866 2915 Absit
889 2875 986 2921 a-te,
1013 2867 1205 2921 Domine,
1234 2882 1321 2913 nou

78 2940 160 2983 erit
187 2940 263 2984 tibi
281 2939 388 2984 hoc!
415 2956 431 2983 ‹
459 2941 634 2987 Graecus
656 2942 814 2987 habet:
847 2958 862 2983 ι
889 2941 1108 2998 Propitius
1142 2941 1204 2986 sis
1226 2940 1320 2994 tibi,

0 3046 1 3066 2
72 3012 275 3071 ,neruine
307 3030 322 3057 i
349 3014 430 3060 Cui
454 3013 662 3058 Dominus
690 3028 701 3058 ε
737 3027 752 3054 c
774 3012 891 3057 Vade
906 3020 1003 3069 post
1024 3025 1114 3066 me,
1141 3013 1319 3065 Satana,

67 3081 164 3130 *non
197 3088 313 3144 sapis
335 3100 404 3140 ea,
437 3100 534 3144 quae
570 3087 645 3131 Dei
669 3092 796 3139 sunt,
823 3103 840 3129 ι
866 3085 909 3130 id
932 3092 998 3130 est
1021 3098 1200 3141 sequere
1224 3098 1322 3130 sen-

79 3160 259 3204 tentiam
279 3173 435 3213 meam,
462 3173 542 3205 nec
572 3159 815 3205 adverseris
848 3159 969 3203 mihi.
998 3157 1183 3202 Satanas
1207 3158 1319 3200 euim

80 3230 367 3276 adversarium
409 3232 555 3277 sonat.
595 3231 790 3276 Fuerunt
816 3232 891 3287 qui
923 3229 1115 3274 dicerent
1146 3228 1319 3273 Petrum

81 3318 168 3349 non
191 3316 289 3350 esse
311 3314 577 3362 correptum,
598 3305 674 3349 sed
699 3303 903 3349 Satanam
925 3303 1007 3348 hoc
1025 3302 1064 3347 ei
1087 3314 1320 3358 suggeren-

58 3383 182 3433 ¹tem,
220 3378 274 3422 ob
314 3378 409 3434 eius
440 3379 555 3422 hunc
576 3389 786 3429 errorem,
824 3375 992 3422 scilicet
1019 3376 1119 3431 quia
1138 3373 1319 3419 credidit

1414 335 1550 384 thaeus
1571 341 1675 384 dicit
1696 341 1899 388 Jaeolnun
1934 347 2107 393 fratrem
2139 350 2333 397 loannis.
2363 354 2627 412 Augustinus

1411 422 1543 465 super
1567 411 1795 467 Epistulam
1823 416 1874 458 ad
1899 417 2070 463 Galatas
2086 423 2235 466 scribit
2250 424 2453 470 Jacobum
2470 431 2632 485 episco—

1411 493 1511 536 pum
1533 483 1780 531 interfuisse
1805 491 2185 547 transfigurationi,
2217 498 2284 540 cui
2310 500 2437 543 etiam
2465 502 2631 548 videtur

1410 553 1660 599 Ambrosius
1684 562 1978 605 consentirc‘·.
2006 579 2021 604 ι
2049 564 2100 607 Ει
2119 565 2276 611 factum
2306 578 2384 621 est,
2410 572 2511 616 dum
2533 587 2630 618 ora·

1411 630 1490 674 ret,
1513 627 1840 684 transfiguratus
1863 640 1929 676 cst
1956 642 2062 679 ante
2095 649 2185 690 eos,
2212 645 2254 682 et
2284 640 2414 686 facies
2445 645 2538 698 ejus
2561 658 2628 690 re-

1410 698 1623 751 splenduit
1659 702 1770 744 sicut
1810 705 1889 755 sol,
1916 711 1958 748 et
1982 709 2232 753 vestimenta
2264 713 2356 767 eJus
2384 715 2493 759 sacta
2530 726 2640 763 sumt

1410 769 1503 812 alba
1529 772 1640 815 sicut
1661 774 1751 826 nix,
1778 778 1920 830 qualia
1942 778 2045 823 fullo
2067 793 2151 825 non
2181 790 2319 838 potest
2346 786 2482 832 facere
2502 801 2630 846 super

1409 848 1582 887 terram.
1613 845 1663 887 Et
1697 859 1985 902 apparuerunt
2020 854 2104 898 illis
2130 855 2295 912 Moyses
2333 868 2374 903 ct
2406 860 2545 914 Elias,
2567 863 2629 905 lo-

1408 918 1586 966 quentes
1608 926 1705 957 eum
1729 928 1780 958 eo
1803 918 1855 961 dc
1878 933 2057 966 excessu
2080 937 2204 979 quem
2228 930 2518 983 completurus
2539 940 2630 976 erat

1409 982 1451 1026 in
1474 983 1725 1038 Jerusalem,
1749 1004 1765 1028 n
1791 989 1832 1031 id
1856 998 1920 1033 est
1937 993 1989 1035 de
2013 1001 2148 1039 morte
2176 992 2285 1052 ejus.
2310 999 2358 1042 Et
2375 1001 2436 1045 ait
2451 1002 2625 1049 Petrus:

1412 1070 1428 1094 ‹
1458 1054 1651 1109 Domine,
1677 1059 1835 1103 bonum
1858 1071 1922 1106 est
1948 1077 2027 1109 nos
2045 1067 2113 1111 liic
2131 1081 2240 1114 esse.
2258 1071 2302 1115 Si
2326 1073 2407 1125 vis,
2427 1075 2630 1122 faciamus

1407 1126 1476 1170 hic
1521 1130 1604 1172 tria
1649 1131 1922 1178 tabernacula
1941 1168 1954 1186 ,
1981 1138 2055 1182 tibi
2093 1154 2238 1195 uuum,
2287 1144 2418 1202 Moysi
2467 1162 2595 1192 unum
2614 1182 2626 1201 ,

1407 1203 1449 1241 et
1470 1198 1570 1243 Eliae
1589 1214 1735 1246 tinum.
1762 1203 1812 1247 Et
1836 1206 1945 1250 sacta
1974 1218 2041 1253 est
2079 1224 2155 1255 vox
2195 1214 2247 1258 de
2284 1217 2412 1269 nube,
2442 1219 2587 1264 dicens
2614 1234 2625 1263 :

1409 1269 1486 1315 ilie
1513 1278 1578 1316 cst
1599 1273 1730 1320 Filius
1755 1290 1875 1324 meus
1897 1282 2093 1335 dilectus,
2119 1285 2255 1340 ipsum
2274 1290 2429 1334 audite.
2458 1308 2473 1333 ι
2499 1292 2629 1337 Cum-

1408 1355 1491 1397 que
1515 1345 1666 1389 timore
1683 1350 1946 1395 corruissent
1969 1353 2166 1411 discipuli
2185 1359 2319 1414 tetigit
2337 1373 2410 1406 eos
2426 1362 2567 1416 Jesus,
2586 1372 2630 1410 ει

1407 1415 1497 1458 ait:
1529 1431 1543 1455 ι
1575 1415 1761 1475 Surgite,
1788 1423 1917 1466 nolite
1932 1425 2097 1472 timere.
2126 1444 2139 1469 ι
2167 1428 2216 1471 Ει
2235 1431 2495 1480 descendens
2519 1450 2629 1492 prae·

1406 1488 1518 1542 cepit
1541 1490 1618 1539 eis,
1643 1503 1694 1533 ne
1711 1494 1778 1535 cui
1797 1493 2000 1546 dicerent,
2020 1498 2152 1543 donec
2174 1513 2429 1558 resurgeret.
2451 1506 2625 1559 Quidam

1407 1555 1553 1602 dicunt
1589 1560 1701 1626 ¹hanc
1739 1564 1897 1610 Christi
1935 1569 2117 1624 gloriam
2148 1572 2190 1614 in
2230 1585 2329 1619 aere
2371 1578 2629 1627 circumfuso

1406 1629 1556 1683 fuisse,
1577 1647 1660 1677 nou
1686 1636 1727 1678 in
1748 1649 1941 1693 corpore,
1964 1641 2077 1695 quod
2102 1648 2205 1687 tunc
2230 1645 2409 1691 hahebat
2424 1652 2626 1706 mortale:

1407 1704 1506 1755 alii,
1552 1707 1604 1749 ad
1648 1713 1816 1764 tempus
1866 1711 2113 1768 deposuisse
2153 1704 2484 1776 mortalitatem;
2524 1725 2627 1778 alii,

1406 1776 1546 1830 ipsum
1572 1790 1742 1835 semper
1773 1782 1974 1828 habuisse
2008 1785 2093 1830 tale
2128 1799 2282 1844 corpus
2314 1803 2389 1846 per
2414 1800 2626 1849 naturam,

1406 1847 1496 1898 sed.
1523 1856 1569 1892 ut
1588 1851 1802 1896 videretur
1825 1860 1865 1897 et
1887 1862 2119 1911 pateretur,
2144 1858 2302 1905 fecerat
2324 1863 2427 1907 illud
2451 1867 2629 1912 mortale

1405 1918 1458 1961 ad
1482 1926 1667 1976 tempus,
1695 1930 1737 1968 et
1775 1925 1832 1968 ibi
1870 1929 2008 1982 quails
2042 1937 2127 1972 erat
2156 1944 2230 1987 per
2261 1941 2473 1988 naturam,
2498 1939 2625 1982 talem

1403 2003 1451 2034 se
1471 1993 1686 2048 ostendit;
1707 2003 1749 2039 et
1766 1998 1923 2052 talem,
1954 2005 1998 2042 ut
2036 2003 2169 2052 aiunt,
2194 2016 2239 2048 se
2262 2004 2377 2049 dedit
2406 2008 2628 2065 discipulis

1405 2060 1447 2104 in
1480 2074 1622 2118 coena,
1666 2067 1765 2121 quia
1799 2069 1898 2112 talis
1932 2071 1975 2113 in
2021 2074 2186 2115 modico
2217 2081 2472 2130 potestesse
2503 2080 2625 2134 loco;

1407 2146 1561 2179 vanum
1581 2142 1646 2180 est
1667 2144 1806 2183 autem
1843 2142 1886 2185 in
1918 2142 2163 2197 hujusmodi
2204 2148 2395 2194 laborare
2430 2158 2472 2195 et
2507 2155 2626 2209 sequi

1404 2212 1601 2250 naturam
1638 2210 1681 2252 iu
1724 2213 1958 2258 miraculis.
1982 2212 2042 2256 lta
2079 2217 2192 2259 enim
2224 2219 2264 2260 in
2302 2231 2431 2265 carne
2458 2225 2627 2267 mortali

1403 2280 1592 2324 ostendit
1611 2282 1789 2337 gloriam
1812 2284 2160 2340 immortalitatis,
2187 2291 2297 2335 sieut
2319 2299 2414 2348 post
2437 2307 2628 2346 resurre-

1404 2353 1590 2398 ctionem
1613 2356 1655 2398 in
1680 2368 1810 2400 earne
1858 2358 2088 2403 immortali
2123 2361 2359 2415 cicatrices,
2386 2374 2426 2409 et
2453 2369 2627 2423 palpan-

1403 2425 1504 2469 dum
1524 2438 1571 2470 se
1589 2427 1786 2483 praebuit,
1806 2433 1847 2471 et
1864 2431 2048 2473 comedit
2151 2432 2201 2475 Et
2220 2434 2282 2477 sic
2305 2436 2421 2480 varie
2440 2440 2626 2483 sentiunt

1403 2502 1602 2542 auctores
1632 2497 1685 2543 de
1706 2499 1852 2556 Moyse
1873 2508 1915 2544 et
1940 2500 2047 2544 Elia.
2070 2502 2122 2546 Et
2157 2517 2285 2560 super
2315 2506 2472 2551 Lucam
2510 2509 2628 2555 inve·
2678 2547 2686 2553 .

1402 2570 1496 2614 nies
1519 2570 1723 2627 glossam,
1752 2584 1847 2627 quae
1870 2571 1973 2616 dicit
1995 2587 2070 2618 eos
2108 2575 2165 2618 ibi
2190 2575 2336 2621 fuisse.
2365 2578 2451 2622 lloc
2487 2583 2625 2637 potuit

1401 2653 1498 2685 esse
1511 2641 1563 2686 de
1580 2641 1688 2693 Elia,
1712 2643 1784 2699 qui
1807 2643 1946 2687 adhuc
1969 2646 2086 2690 vivit.
2110 2646 2202 2690 Alia
2221 2659 2313 2703 quae
2327 2649 2430 2692 dicit
2453 2653 2624 2708 angelos

1400 2726 1550 2759 eorum
1574 2726 1754 2771 corpora
1778 2717 2079 2773 assumpsisse.

1457 2790 1473 2806 ·
1497 2786 1659 2830 additio
1682 2788 1722 2832 l.
1745 2787 1906 2842 Quarto
1930 2789 2125 2833 milliario
2144 2803 2167 2833 a
2187 2789 2391 2835 Nazareth
2413 2799 2478 2836 est
2500 2806 2623 2838 mons

1402 2860 1590 2914 Thabor,
1629 2862 1673 2904 in
1718 2860 1928 2907 descensu
1955 2861 2079 2917 cujus
2105 2861 2408 2907 Melchisedech
2438 2865 2624 2909 obviavit

1401 2934 1598 2978 Abrahae.
1645 2933 1844 2979 Secundo
1881 2935 2079 2979 milliario
2121 2947 2145 2977 a
2188 2935 2357 2979 Thabor
2394 2943 2459 2980 est
2498 2950 2621 2982 mons

1402 3005 1604 3050 Hermon.

1456 3079 1489 3094 **
1508 3076 1680 3119 Additio
1702 3071 1743 3120 ’2.
1767 3076 1944 3121 Videtur
1976 3077 2257 3122 contrarietas
2282 3091 2374 3123 esse
2404 3079 2446 3122 in
2481 3080 2619 3124 verbis

1400 3150 1694 3207 expositorum
1733 3149 1985 3206 Augustini,
2022 3156 2063 3194 et
2095 3149 2310 3195 Ambrosii
2338 3156 2380 3195 et
2419 3150 2615 3203 Matthaei,

1401 3235 1496 3267 cum
1541 3221 1764 3267 Matthaeus
1804 3223 1918 3266 dicat
1953 3221 2157 3267 Jacobum
2211 3223 2402 3267 Zebedaei
2446 3224 2615 3268 fratrem

1398 3292 1594 3344 ioannis,
1634 3292 1708 3349 qui
1746 3293 1882 3347 maior
1920 3291 2060 3335 dictus
2089 3299 2181 3343 est,
2219 3303 2314 3335 cum
2346 3298 2457 3335 esset
2480 3292 2619 3334 minor

1399 3368 1503 3406 natu
1517 3362 1762 3407 interfuisse
1781 3361 2159 3418 transfigurationi.
2180 3359 2440 3417 Augustinus
2456 3361 2619 3404 videtur

81 3449 268 3504 satanae,
294 3453 420 3495 etiam
437 3452 586 3495 dicunt
604 3451 719 3507 quod
741 3451 911 3494 dictum'
926 3450 963 3493 ei
989 3455 1054 3493 εει
1078 3462 1090 3495 2
1121 3462 1135 3488 t
1164 3447 1319 3490 Beatus
1345 3461 1378 3503 1)
1401 3435 1697 3479 contradicere
1718 3429 1923 3478 nimbum
1961 3434 2206 3489 episcopum
2238 3433 2498 3478 intermisse·
2538 3434 2618 3477 Le·

79 3536 144 3575 es,
180 3540 195 3565 ι
222 3525 553 3579 promissionem
585 3524 774 3567 futuram
813 3528 982 3565 tantum
1016 3533 1133 3570 esse,
1171 3519 1211 3561 id
1253 3525 1320 3561 est

80 3596 233 3642 beatus
251 3598 354 3642 eris.
381 3597 503 3641 Ttinc
531 3601 769 3640 convocata
797 3595 924 3639 turba
959 3606 1055 3637 cum
1096 3592 1319 3646 discipulis

81 3671 140 3712 ait
165 3685 176 3714 ι
201 3686 215 3711 ‹
242 3669 287 3713 Si
318 3670 416 3726 quis
438 3671 530 3714 vult
555 3669 703 3713 venire
727 3674 825 3724 post
861 3680 944 3718 me,
967 3668 1146 3721 abneget
1164 3671 1314 3709 semet-

83 3740 239 3796 ipsum,
266 3749 307 3785 et
327 3743 452 3785 tollat
477 3735 650 3784 crucem
684 3752 805 3783 suam
825 3772 835 3790 ,
875 3745 916 3783 et
950 3745 1155 3794 sequatur
1186 3747 1268 3777 me.
1300 3749 1315 3774 »

43 3822 57 3842 ⁸<
83 3815 199 3859 Crux
226 3827 329 3858 vero
354 3813 584 3870 tripliciter
607 3812 774 3855 tollitur
796 3824 806 3852 :
830 3811 912 3853 Per
941 3809 1213 3864 martyrium,
1246 3817 1320 3860 per

84 3886 457 3930 mortificationem
482 3886 643 3936 carnis,
660 3897 734 3940 per
751 3882 934 3940 proximi
959 3881 1318 3936 compassionem.

168 3961 271 4004 Cap,
303 3957 530 4003 Lxxxvt.
558 3955 1013 4013 Detransfiqurutione
1051 3952 1232 3994 Domini.

147 4050 161 4076 t
193 4035 243 4076 Et
260 4041 351 4088 post
377 4035 470 4077 dies
494 4045 569 4076 sex
592 4035 824 4085 assumpsit
848 4025 1257 4076 Pet1·mn‚Jacohum
1279 4029 1321 4067 et

84 4105 295 4151 Joan'nem
335 4093 511 4148 fratrem
537 4103 647 4158 ejus,
676 4107 719 4144 et
761 4100 883 4143 duxit
923 4100 1019 4140 ilios
1046 4096 1098 4139 ad
1132 4102 1319 4139 montem

88 4178 260 4222 Thabor
282 4177 535 4227 excelsum'‚
562 4181 609 4218 ut
645 4178 818 4215 orarent
844 4170 1014 4227 (Manli,
1040 4179 1157 4221 xv11;
1183 4166 1316 4210 Marc.

31 4244 35 4258 ¹
88 4250 166 4307 tx).
196 4267 211 4294 ι
236 4248 376 4294 Lucas
406 4250 508 4292 dicit
542 4248 653 4291 diem
678 4253 874 4288 octavum
904 4255 999 4286 eum
1023 4242 1151 4290 diem,
1171 4239 1213 4282 in
1235 4250 1321 4293 quo

88 4321 340 4379 praedixerat
363 4320 572 4378 quosdam
599 4319 651 4363 de
669 4319 730 4362 eis
752 4318 936 4365 visuros,
964 4319 1195 4390 antequam
1225 4322 1317 4352 mo-

88 4400 302 4447 rerentur,
324 4394 505 4451 gloriam
528 4387 739 4446 regni‚ct
763 4388 881 4431 illum
919 4385 962 4427 iu
996 4394 1079 4438 quo
1119 4380 1321 4424 viderunt

88 4459 404 4513 connumerans
439 4464 559 4522 (Luc.
595 4462 675 4520 ix).
707 4460 929 4504 Matthaeus
962 4459 1004 4498 et
1037 4452 1204 4497 Marcus
1244 4462 1316 4494 sex

1400 3508 1513 3564 gitur
1533 3513 1684 3562 ‚autem
1723 3505 1836 3563 quod
1874 3505 2057 3548 Jacobus
2083 3505 2241 3560 Alphaei
2276 3507 2429 3554 minor,
2455 3506 2616 3549 seilicet

1399 3580 1472 3635 qui
1498 3586 1538 3623 ει
1561 3579 1694 3622 frater
1715 3578 1882 3620 Domini
1908 3577 2046 3620 dictus
2071 3583 2150 3627 est,
2170 3577 2394 3632 episcopus
2419 3575 2618 3621 Hieroso-

1399 3652 1629 3708 iymitanus
1652 3649 1790 3693 fuerit.
1816 3647 1936 3699 Quod
1961 3648 2023 3691 sic
2044 3648 2147 3691 solvi
2170 3654 2323 3702 potest.
2348 3648 2445 3702 quia
2467 3660 2614 3690 omnes

1398 3723 1587 3779 episcopi
1631 3722 1819 3772 suerunt,
1845 3727 1886 3764 et
1913 3722 1974 3763 sic
2006 3733 2090 3764 non
2126 3727 2190 3763 est
2228 3720 2485 3763 contrarium
2509 3732 2615 3774 prae-

1400 3798 1522 3852 cipue
1550 3807 1646 3838 cum
1681 3807 1766 3836 non
1793 3795 1905 3836 dicat
1934 3792 2339 3848 llierosonmitanus
2371 3792 2611 3845 episcopus,

1401 3871 1473 3915 sed
1500 3867 1748 3923 simpliciter
1773 3867 2014 3920 episcopus.
2036 3864 2166 3919 Magis
2197 3869 2348 3915 meret,
2376 3862 2488 3917 quod
2511 3862 2612 3904 dicit

1399 3940 1666 3991 Ambrosius,
1680 3939 1750 3993 qui
1767 3938 1929 3992 primus
1952 3935 2213 3980 sacerdotale
2227 3934 2379 3978 solium
2405 3934 2609 3984 ascendit,

1400 4013 1510 4068 quod
1535 4021 1803 4065 nequaquam
1824 4010 1876 4051 (lc
1897 4008 2058 4051 „Iacobo
2088 4007 2247 4060 maiore
2274 4011 2411 4060 potest
2440 4005 2610 4061 intelligi

1401 4087 1495 4128 ideo
1510 4083 1752 4132 dicendum,
1778 4082 1888 4136 quod
1919 4085 2056 4135 potest
2079 4078 2253 4133 intelligi
2273 4077 2324 4120 de
2345 4076 2522 4132 mystico
2542 4089 2612 4119 so·

1399 4158 1458 4198 lio
1496 4153 1778 4202 sacerdotali,
1825 4153 1921 4207 quia
1954 4152 2116 4205 primus
2163 4148 2408 4204 martyrium
2455 4147 2607 4196 subiit,

1399 4229 1509 4271 unde
1542 4227 1728 4269 dicitur:
1760 4239 1774 4263 ι
1800 4222 1961 4266 Occidit
1993 4221 2195 4265 iacobum
2228 4220 2399 4262 fratrem
2436 4217 2609 4260 loannis

1399 4299 1536 4355 gladio
1561 4298 1668 4349 (Act.
1694 4296 1828 4349 xviii).
1863 4310 1876 4334 ι

1456 4374 1535 4412 mA
1545 4370 1673 4412 dditio
1687 4369 1726 4410 3.
1747 4370 1933 4420 Quatuor
1948 4366 2158 4408 habebunt
2177 4375 2349 4419 corpora
2364 4367 2455 4416 post
2471 4373 2538 4403 res
2558 4372 2609 4400 *r-

1400 4446 1644 4497 restionem,
1666 4442 2035 4492 immortalilatem,
2056 4435 2445 4495 impassibilitatem,
2456 4432 2590 4489 gioriti
