2924 4588
211 154 295 199 9oe
543 175 569 209 e

1172 127 1458 191 coneretur
1476 139 1858 210 χγιτιῑειιιιεὶὶῑειε

2696 139 2781 184 888

213 253 367 296 scopus
395 238 667 293 Moguntinus
683 270 693 288 ,
714 245 841 290 qoem
864 236 1029 282 tantum
1053 231 1285 291 imperator
1308 238 1456 287 postea
1481 237 1517 281 A
1539 229 1712 296 Itemjbe
1731 232 1970 285 captivitate
1986 240 2105 283 papie
2122 228 2360 277 Pautalia,
2380 235 2417 271 et
2436 227 2486 270 dt
2497 239 2652 283 girei-ra
2667 227 2781 271 *inter

217 326 293 374 per
307 312 499 356 divinum
513 307 742 364 iudicium,
759 303 1042 348 fortissimum
1061 304 1199 348 sensit
1216 304 1453 347 Inimicum.

267 384 379 438 Papa
402 380 647 436 aliquardiu
671 382 798 433 capto
817 384 860 420 et
881 375 1069 427 detento,
1099 375 1332 432 imperator
1350 389 1373 418 a
1395 378 1459 420 ci-

211 455 336 498 vibus
369 458 625 504 revocatur,
668 454 710 493 et
741 448 1041 503 episcoporum
1081 447 1376 499 investituras,
1412 449 1457 492 id

210 535 294 578 est,
323 526 530 568 annulum
553 531 596 567 et
618 523 839 574 baculum,
864 533 888 563 a
919 533 1029 578 papa
1057 523 1287 579 recipiens,
1314 523 1455 578 ipsum

211 610 363 655 papam
405 600 447 638 et
479 595 596 638 cives
635 592 856 637 Romanos
887 592 1139 637 muneribus
1176 596 1458 641 reconciliare

210 672 377 713 curavit
402 684 411 712 ε
437 674 482 711 et
523 679 688 728 apapa
710 671 961 718 coronatus,
998 665 1188 711 savorem
1224 675 1268 712 et
1298 681 1454 713 nomen

209 741 428 798 imperiale
470 740 666 790 sortitur,
708 750 821 782 anno
851 742 907 784 ab
950 737 1250 784 incarnatione
1286 739 1455 784 Domini

208 813 438 857 millesimo
474 811 711 855 centesimo
744 811 988 862 undecimo,
1031 823 1144 854 anno
1186 823 1290 856 vero
1335 813 1455 869 regni

209 887 319 942 ejus,
343 898 395 930 ex
422 896 508 941 quo
526 891 649 940 pater
679 884 840 939 regalia
875 885 958 928 sibi
981 884 1286 940 resignaverat,
1315 891 1453 929 sexto.

262 954 340 1001 His
354 959 411 1000 ita
429 957 678 1006 transactis,
694 957 859 1013 synodo
870 956 1173 1013 episcoporum
1185 964 1332 1013 postea
1343 958 1454 1001 cele-

207 1030 345 1079 brata,
366 1030 635 1086 privilegium
651 1030 705 1072 ab
727 1030 985 1085 imperatore
1007 1029 1139 1074 minis
1154 1036 1196 1074 ct
1212 1030 1453 1090 terroribus

206 1107 421 1145 extortum
446 1108 648 1157 tanquam
667 1103 950 1159 pravilegium
973 1101 1236 1158 reprobavit.
1264 1101 1453 1165 Impera-

207 1181 275 1218 tor
297 1175 352 1218 ab
379 1174 494 1220 Urbe
523 1176 569 1222 in
598 1174 823 1219 Franciam
855 1188 1090 1229 reversus,
1113 1175 1245 1220 filiam
1276 1175 1451 1222 Henrici

207 1246 322 1301 regis
361 1247 614 1302 Anglorum,
659 1247 924 1300 Matbildam,
964 1248 1009 1291 in
1034 1260 1212 1292 uxorem
1242 1239 1325 1294 sibi
1352 1262 1452 1293 con-

1649 287 1868 340 mrpen'rmt
1889 295 1929 328 et
1951 285 2183 328 Ecclesiam
2197 284 2380 326 uersibus
2400 282 2668 327 subornetur.

1536 373 1645 418 Cum
1669 373 1782 427 soret
1798 373 1988 418 llenrice
2009 372 2199 428 subjecta
2221 386 2300 428 per
2323 373 2465 416 omni-a
2489 372 2643 420 Roma.

1539 445 1704 490 Unctus
1715 446 1967 502 apostolicis
1991 446 2207 498 manibus,
2230 452 2486 501 sumptaque
2508 455 2686 499 camna,

1589 519 1713 578 Cepit
1733 521 2039 575 apostolicum,
2066 531 2214 562 rumor
2231 520 2276 562 in
2297 518 2411 563 Urbe
2430 524 2577 563 sonat.

1534 591 1652 637 Bella
1670 598 1799 648 parat
1814 592 2016 648 populus,
2036 594 2253 636 succurrit
2270 592 2328 635 ab
2346 590 2463 636 Urbe
2481 598 2663 636 senatus

1534 663 1742 707 Praevatet
1763 662 1999 714 tte-tricus,
2022 675 2124 719 pars
2147 663 2344 718 praesulis
2367 664 2650 718 exspoliatur,

1589 735 1706 791 Papa
1729 742 1848 779 caret
1875 735 2036 787 Manto,
2056 741 2209 792 captus
2227 736 2281 780 ab
2304 736 2428 780 hoste
2440 749 2542 781 suo.

1534 807 1853 860 Quaestionum:
1871 809 2027 859 oritur,
2052 820 2131 850 cur
2149 819 2322 852 carcere
2337 820 2446 864 papa
2473 808 2672 854 tenetur?

1532 879 1831 935 Respondetur
1847 882 1911 924 eis
1928 896 1944 924 t
1965 880 2079 932 Quia
2098 882 2275 925 sustulit
2298 882 2439 925 omnia
2463 881 2639 937 praesul,

1589 953 1777 997 Abstulit
1799 954 1980 1009 imperio
1998 953 2244 1010 pontificale
2268 954 2418 1003 decus.

1530 1024 1636 1071 Nam
1661 1028 1774 1070 bona
1796 1024 2050 1069 Pontificum
2075 1038 2171 1082 quae
2194 1028 2344 1070 nititur
2369 1027 2459 1081 ipse
2477 1034 2639 1080 tenere,

1532 1098 1731 1143 Contulit.
1747 1099 1993 1155 imperium,
2014 1111 2110 1154 quae
2126 1098 2262 1143 debeo
2280 1099 2426 1145 Caesar
2445 1099 2633 1153 haberis,

1585 1170 1751 1213 Amodo
1776 1171 1851 1226 qui
1875 1176 2035 1220 teneat,
2061 1169 2232 1214 Caesare
2255 1170 2385 1214 dante
2408 1170 2530 1215 seret.

1529 1241 1728 1285 Annulus
1751 1249 1793 1285 et
1812 1242 1993 1288 baculus
2017 1241 2071 1285 de
2090 1249 2244 1286 nostro
2267 1254 2446 1291 munere
2469 1243 2604 1295 venit,

202 1319 364 1373 junxit,
388 1320 645 1376 nuptiasque
670 1320 920 1376 magnificas
942 1319 1170 1378 Mogontiae
1199 1322 1446 1366 celebravit.
1473 1313 1507 1356 Β
1530 1313 1726 1371 Undique
1743 1314 1968 1371 pontifioes
1991 1325 2140 1370 208¹!OE
2163 1320 2264 1359 8¹1¹ss
2285 1327 2464 1361 munere
2481 1317 2612 1372 pleni·

206 1391 252 1435 ln
272 1391 366 1448 ipsa
400 1394 522 1437 curia
553 1392 786 1448 Lotharius
819 1394 906 1437 dux
947 1393 1167 1446 Saxoniae,
1204 1395 1276 1452 qui
1301 1401 1450 1451 postea

208 1462 290 1506 fuit
310 1464 560 1519 imperator,
576 1464 725 1507 tunica
748 1459 878 1508 lanea'
889 1477 966 1520 pro
984 1466 1238 1522 poenlteutia
1254 1466 1447 1519 indutus,

207 1535 450 1591 etpedibus
484 1536 786 1588 discalceatus,
818 1539 1004 1594 procidit
1036 1544 1138 1583 ante
1160 1539 1294 1600 pedes
1322 1540 1454 1596 impe-

205 1609 379 1652 ratoris.
407 1608 464 1651 Ta
473 1616 571 1653 ntus
586 1611 702 1655 enim
724 1617 864 1654 terror
881 1622 1031 1655 omnes
1052 1611 1290 1670 invaserat,
1309 1619 1358 1654 ut
1378 1612 1456 1655 ali-

207 1682 303 1736 quis
325 1681 536 1725 voluntati
559 1695 647 1726 suae
674 1683 878 1727 resistere
908 1696 995 1728 non
1020 1685 1212 1728 auderet.
1238 1683 1452 1731 Caeterum

207 1753 251 1796 in
274 1754 366 1809 ipsa
391 1755 638 1809 nuptiarum
663 1755 968 1808 celebratione,
1002 1756 1078 1800 ubi
1112 1769 1262 1800 omnes
1296 1769 1454 1800 conve-

206 1831 376 1877 nerant,
404 1825 652 1878 sactaesunt
675 1832 828 1870 contra
851 1828 1167 1887 terribilitatem
1190 1829 1286 1885 eJus
1306 1829 1454 1874 muttae

207 1899 450 1954 principum
489 1900 859 1955 conspirationes3
893 1906 938 1944 et
963 1913 1017 1944 ex
1054 1907 1161 1945 tunc
1188 1907 1278 1945 tam
1314 1903 1454 1946 mani·-
1494 1956 1498 1960 .

206 1972 330 2023 feste,
356 1984 486 2027 quam
515 1974 683 2017 occulte
711 1974 837 2016 multi
882 1974 1095 2030 incipiunt
1131 1975 1354 2032 rebellare.
1390 1975 1451 2019 Ex

205 2044 388 2088 consilio
422 2050 564 2088 autem
604 2054 647 2088 et
688 2047 963 2102 suggestione
996 2048 1450 2105 archiepiscoporum,

206 2115 418 2160 Fritlerici
450 2117 615 2161 scilicet
654 2118 939 2171 Coloniensis,
971 2125 1013 2164 et
1033 2119 1199 2165 Alberti
1231 2121 1454 2179 ,Mogonti-

205 2190 370 2238 nensis,
400 2195 443 2233 et
470 2190 650 2233 aiiorum
675 2192 977 2247 quorumdam,
999 2192 1205 2237 Callistus
1227 2207 1354 2251 papa,
1378 2197 1453 2252 qui

205 2267 302 2317 post
342 2261 611 2313 Paschalem,
639 2269 682 2306 et
710 2262 943 2317 Gelasium,
975 2263 1124 2310 Romae
1158 2268 1452 2322 pontificatum
1487 2259 1489 2261 ’

206 2339 446 2387 acceperat,
473 2333 774 2389 imperatorem
799 2337 1259 2383 excommunicationis
1279 2339 1454 2383 vinculo

1587 1386 1772 1432 Caesaris
1794 1386 1980 1436 officium
1999 1387 2220 1442 quomodo
2245 1399 2354 1445 papa
2377 1388 2518 1444 gerit?

1532 1458 1712 1503 Rettulit
1735 1459 1931 1504 Ecclesia
1959 1475 1969 1503 z
1997 1461 2033 1504 si
2055 1461 2290 1516 quaerimus
2310 1472 2435 1515 aequa
2458 1459 2601 1512 fateri,

1531 1531 1729 1576 Annulus
1751 1539 1795 1577 et
1814 1532 2000 1579 baculus
2019 1546 2238 1590 nunquam
2265 1533 2318 1578 de
2347 1532 2518 1579 Caesare
2542 1536 2673 1585 venit,

1586 1604 1695 1648 Nam
1719 1605 1833 1651 Deus
1859 1605 2068 1651 Ecclesiis
2092 1607 2265 1651 coelitus
2285 1608 2370 1652 ista
2391 1606 2526 1651 dedit.

1533 1677 1689 1722 Omnia
1711 1690 1808 1734 quae
1830 1691 1954 1735 reges
1970 1691 2048 1734 per
2071 1687 2264 1736 tempora
2287 1679 2430 1735 prisca
2454 1678 2681 1732 dederunt,

1532 1749 1629 1795 Non
1651 1751 1781 1795 modo
1804 1757 1907 1795 sunt
1926 1764 2092 1807 regum,
2119 1753 2200 1796 sed⁴
2216 1753 2287 1796 cui
2315 1751 2415 1795 data
2435 1751 2535 1806 jura
2557 1751 2750 1803 suerunt,

1590 1823 1680 1869 Nec
1701 1823 1817 1868 Deus
1837 1824 1919 1869 hoc
1940 1826 2118 1881 patitur,
2143 1837 2224 1870 uec
2249 1831 2322 1869 tua
2340 1826 2439 1881 iura
2457 1825 2616 1871 serunt.

1534 1894 1644 1940 Cum
1662 1900 1736 1938 tua
1762 1895 1818 1940 sit
1840 1899 1978 1950 regni,
1998 1901 2074 1938 tua
2089 1896 2149 1939 sit
2171 1894 2369 1940 custodia
2386 1895 2516 1950 JuriS,

1534 1967 1794 2012 Carceribus
1814 1968 1980 2012 nostris
2002 1968 2113 2010 mala
2141 1966 2215 2010 dat
2235 1968 2430 2024 exem-pla
2456 1966 2643 2021 suturis,

1590 2040 1637 2084 ln
1654 2047 1851 2085 sanctum
1871 2039 2043 2084 Domini
2061 2039 2163 2083 duni
2185 2039 2354 2083 feritate
2379 2039 2504 2084 suris.

1534 2113 1743 2158 Conditor
1764 2125 1812 2157 es
1832 2113 1962 2168 juris,
1986 2113 2061 2168 qui
2083 2124 2287 2168 spernere
2307 2113 2406 2168 Jura
2426 2111 2587 2156 videris
2603 2145 2620 2164 ,

1533 2185 1630 2228 Jam
1654 2198 1793 2241 neque
1812 2187 1916 2242 iura
1935 2185 2024 2239 Dei,
2050 2198 2189 2241 neque
2211 2186 2328 2242 regia
2349 2186 2448 2240 iura
2470 2187 2652 2238 vereris,

1591 2258 1831 2305 Ecclesiam
1853 2259 2040 2311 crucias,
2065 2260 2139 2315 qui
2167 2259 2431 2303 cruciandus
2451 2261 2539 2305 eris

1537 2330 1732 2376 Dedecus
1754 2337 1821 2379 est
1838 2331 2000 2375 fontem
2023 2332 2136 2388 Juris
2156 2331 2422 2376 coiisundere
2436 2332 2592 2391 legem,

206 2404 445 2448 innodavit.
485 2403 726 2450 Schismate
758 2407 902 2463 itaque
943 2414 1179 2463 renovato,
1216 2411 1454 2466 imperator
1477 2394 1511 2440 C
1534 2402 1587 2444 Εῑ
1606 2404 1743 2460 magis
1762 2408 1828 2447 25²
1844 2402 2061 2454 umidum»
2083 2404 2292 2447 Offilomm
2318 2414 2521 2458 spsswe
2546 2416 2719 2458 Qems

205 2475 385 2520 Romam
410 2491 606 2535 pergens,
633 2478 884 2531 Burdinum,
913 2482 1086 2526 natione
1118 2481 1376 2538 Hispanum,
1407 2485 1449 2527 in

205 2550 472 2602 cathedram,
506 2564 581 2606 per
619 2564 739 2595 suam
776 2553 1022 2596 violentiam
1056 2554 1299 2606 collocavit,
1322 2568 1450 2612 quem

205 2621 388 2666 Romani
419 2624 531 2680 apud
562 2623 754 2668 Sutrium
785 2633 933 2682 postea
961 2633 1152 2682 captum,
1193 2634 1236 2674 et
1265 2631 1446 2681 camelo,

205 2698 254 2735 ut
276 2693 448 2745 dicitur,
473 2697 808 2751 superpositum,
842 2709 941 2740 cum
985 2698 1221 2754 ignominia
1250 2700 1450 2757 deporta-

206 2771 375 2816 verunt,
404 2773 446 2810 et
469 2769 511 2810 in
538 2779 667 2812 cavea
691 2781 823 2825 prope
847 2769 1088 2824 Salernum,
1120 2778 1337 2830 perpetuae
1374 2787 1451 2818 cu-

207 2840 357 2883 stodiae
380 2840 665 2885 tradiderunt.
691 2841 927 2898 Imperator
946 2844 1098 2888 videns
1126 2847 1157 2900 ja
1192 2858 1239 2890 se
1268 2859 1449 2903 regnum

204 2912 410 2967 paulatim
430 2913 631 2966 delicere,
648 2921 691 2958 et
709 2917 952 2973 exemplum
975 2919 1113 2972 patris
1132 2919 1200 2963 sui
1225 2924 1368 2964 mente
1384 2932 1452 2963 re-

203 2986 399 3038 volvens,
433 2994 561 3043 atque
593 2995 709 3032 metu
751 2991 1037 3035 anathematis
1064 3004 1151 3049 quo
1194 2993 1452 3049 urgebatum

205 3059 387 3103 collecta
407 3062 596 3117 generali
623 3063 745 3106 curia
768 3062 881 3119 apud
903 3063 1206 3117 Wormatiam,
1226 3066 1455 3110 investitu-

206 3144 299 3175 ram
322 3133 642 3189 episcoporum,
660 3137 841 3181 scilicet
867 3137 1073 3183 annulum
1099 3143 1144 3180 et
1167 3137 1386 3190 baculum,
1410 3140 1454 3184 in

205 3216 364 3249 manus
382 3206 511 3262 legati
534 3209 779 3263 apostolici,
805 3211 983 3254 nomine
1013 3210 1251 3263 Lamberti,
1272 3212 1346 3269 qui
1375 3224 1453 3267 po-

206 3282 299 3322 stea
334 3275 416 3320 fuit
453 3290 563 3334 papa
605 3277 839 3335 Honorius,
879 3281 1051 3336 publice
1087 3282 1336 3337 resignavit,
1377 3295 1454 3338 per

205 3361 334 3406 quem
366 3350 497 3395 etiam
545 3351 600 3400 ab
634 3352 908 3398 anathemate
944 3358 1012 3399 est
1054 3355 1294 3399 absolutus.
1335 3355 1450 3413 Papa

1590 2474 1696 2519 Cum
1719 2487 1841 2518 sacra
1863 2476 1963 2531 Jura
1990 2489 2135 2532 neges,
2160 2477 2302 2521 tristia
2325 2490 2454 2533 regna
2474 2489 2614 2534 reges.

1535 2548 1620 2592 Cur
1645 2548 1782 2592 laicus
1804 2549 1959 2604 quaerit
1985 2549 2095 2592 tradi
2121 2549 2204 2592 sibi
2222 2561 2401 2593 munera
2423 2549 2554 2594 eruli?

1536 2621 1591 2664 Ut
1615 2621 1730 2666 Deus
1751 2622 1939 2666 instituit
1961 2622 2116 2666 electio
2133 2633 2326 2666 consona
2343 2622 2464 2676 cleri,

1591 2695 1764 2740 Judicio
1780 2697 1878 2740 coeli
1902 2696 2038 2740 libera
2065 2708 2236 2752 semper
2259 2697 2356 2740 erit.

1538 2768 1601 2811 Tu
1627 2778 1699 2812 tua
1720 2770 1758 2813 si
1775 2768 1952 2825 repetis,
1977 2775 2147 2825 repetes
2161 2781 2259 2825 quae
2279 2774 2324 2813 tu
2346 2768 2562 2819 tribuisti,

1536 2842 1636 2886 liaec
1653 2854 1752 2886 cum
1767 2849 1859 2902 non
1881 2841 2069 2892 dederis,
2091 2853 2171 2886 cur
2193 2842 2342 2885 tollere
2358 2841 2650 2898 proposuisti?

1593 2915 1782 2960 Tradere
1798 2921 1842 2960 te
1858 2914 2020 2967 decuit,
2045 2914 2198 2958 tollere
2223 2914 2342 2958 nulla
2363 2914 2485 2957 milii.

1538 2988 1582 3032 Si
1613 2988 1905 3044 quodcunque
1919 2988 2064 3039 datur,
2097 2988 2209 3031 ratio
2227 2992 2374 3031 monet
2392 2992 2438 3029 ut
2461 2992 2699 3043 repetatur,

1535 3061 1622 3105 Dos
1649 3067 1721 3105 tua
1745 3062 1940 3113 tollatur,
1963 3060 2090 3104 nobis
2106 3072 2280 3117 quoque
2302 3066 2452 3103 nostra
2476 3059 2659 3112 seratur,

1592 3134 1682 3177 lioc
1703 3135 1763 3177 ita
1789 3135 1826 3177 si
1842 3134 1994 3189 cupias
2011 3133 2247 3190 quaerimus
2270 3145 2367 3177 esse
2391 3138 2549 3179 ratum.

1534 3212 1764 3268 Imperium
1787 3213 2003 3262 dedimus,
2029 3218 2075 3255 tu
2102 3223 2239 3266 pauca
2262 3211 2433 3254 dedisse
2463 3208 2646 3258 videris.

1535 3285 1597 3328 Ex
1620 3298 1700 3341 ope
1721 3285 1941 3341 pontilicis
1960 3284 2104 3328 Caesar
2120 3283 2350 3327 Romanus
2376 3281 2551 3325 haberis
2565 3313 2576 3331 ,

1591 3357 1772 3402 Vincula
1797 3357 1988 3415 pontifici
2013 3369 2095 3412 qua
2123 3356 2289 3400 ratione
2313 3354 2456 3410 geris!

207 3433 377 3477 quoque
399 3422 648 3478 imperatori
673 3426 756 3470 tale
777 3426 1048 3483 privilegium
1069 3428 1260 3485 scripsit,
1292 3435 1340 3472 ut
1357 3430 1452 3486 epi·
1477 3455 1513 3499 D
1538 3431 1757 3490 Quidquid
1790 3435 1890 3488 agat
1920 3430 2076 3488 praesul
2093 3462 2104 3482 ,
2129 3429 2337 3486 quidquid
2363 3423 2487 3473 sacra
2512 3428 2645 3472 turba
2673 3427 2784 3471 sate-

207 3494 326 3550 scopi
348 3507 500 3545 omnes
530 3503 617 3540 tam
646 3497 871 3554 Cisalpini,
895 3511 1026 3556 quam
1059 3500 1187 3554 citra,
1210 3513 1298 3546 non
1330 3503 1454 3558 prius

205 3567 397 3622 episcopi
431 3569 700 3622 ordinentur,
726 3581 859 3627 quam
890 3583 968 3628 per
997 3584 1152 3618 manus
1181 3574 1455 3631 imperatoris

205 3639 259 3683 dc
282 3641 499 3696 regalibus
519 3642 607 3687 sint
623 3643 834 3689 investiti.

262 3709 499 3766 Imperator
530 3712 582 3758 de
607 3712 818 3760 Romanis
850 3716 1002 3770 ulcisci
1031 3717 1302 3774 desiderans,
1332 3722 1450 3766 sesti·

206 3789 311 3828 nato
331 3797 461 3830 cursu
483 3787 525 3831 in
547 3786 730 3841 ltaliam,
747 3789 903 3834 Urbem
930 3792 1099 3838 obsedit
1122 3808 1132 3837 ε
1168 3795 1328 3849 quibus
1350 3807 1454 3839 con-

208 3861 276 3897 tra
313 3868 410 3899 eum
439 3860 612 3904 incaute
635 3863 895 3917 progressis,
932 3864 1145 3919 plurimos
1175 3866 1307 3921 cepit,
1343 3879 1454 3922 quos

211 3927 299 3971 t‘ere
327 3941 483 3974 omnes.
513 3939 587 3974 aut
630 3935 829 3986 caecavit,
882 3941 956 3978 aut
1003 3935 1243 3981 denasavit.
1291 3938 1455 3983 Deinde

211 4011 412 4045 reversus
430 4003 474 4044 in
498 4005 696 4057 patriam,
723 4008 961 4064 morboque
983 4015 1227 4065 correptus,
1260 4011 1384 4063 obiit,
1411 4022 1455 4056 et

209 4070 256 4112 in
280 4071 454 4114 civitate
484 4074 624 4129 Spira,
649 4077 722 4120 ubi
753 4076 995 4122 Ecclesiam
1015 4091 1145 4135 supra
1175 4087 1454 4126 memoratam

210 4143 441 4197 complevit
474 4152 602 4202 atque
631 4149 798 4199 ditavit,
836 4152 1032 4205 sepultus
1054 4158 1120 4196 est
1145 4153 1266 4207 juxta
1289 4161 1454 4210 patrem

210 4219 253 4257 et
297 4227 424 4259 avum
453 4225 494 4261 et
526 4226 696 4263 atavum
721 4234 865 4274 suum,
890 4235 1005 4268 anno
1027 4225 1150 4280 regui
1170 4225 1266 4279 ejus
1288 4226 1455 4271 decimo

213 4300 344 4339 runo,
372 4290 540 4346 imperii
563 4306 665 4337 vero
687 4295 854 4340 decimo
878 4303 1050 4352 quarto.

269 4356 431 4404 coetera
449 4365 633 4419 versifice
652 4372 766 4422 qesta
792 4367 942 4422 referre
956 4369 1109 4423 placet.

2662 3498 2778 3557 [tur.

1533 3576 1731 3622 Reddere
1753 3581 1933 3631 cogetur
1952 3572 2070 3631 quod
2091 3572 2277 3618 Caesaris
2305 3585 2402 3617 esse
2424 3572 2610 3624 videtur,

1589 3650 1756 3695 illudet
1780 3650 1825 3693 in
1843 3648 2022 3705 scriptis
2042 3647 2183 3690 lit-mat
2207 3652 2388 3702 uterque
2411 3658 2556 3690 secus.

1531 3724 1730 3767 Annulus
1754 3728 1797 3766 et
1820 3722 2016 3771 baculus,
2040 3720 2108 3763 vel
2123 3725 2278 3763 caetcra
2302 3729 2397 3775 quae
2413 3723 2723 3770 memorantur,

1533 3794 1717 3840 Caesaris
1741 3793 1795 3836 ad
1805 3793 1975 3848 jussum
1995 3791 2169 3847 penitus
2191 3789 2406 3834 reddenda
2437 3798 2661 3845 parantur,

1555 3896 1558 3900 -
1588 3867 1790 3923 Papaque
1808 3865 2034 3910 Paschalis
2050 3864 2113 3908 sic
2130 3863 2340 3919 spoliatus
2368 3863 2474 3906 abit.
2508 3919 2510 3921 Ι

1534 3955 1596 3997 De
1629 3953 2057 3997 excommunicatione
2101 3950 2366 4004 imperatoria
2404 3950 2580 3993 Henrici
2618 3951 2777 4007 quinti.

1720 4016 1887 4063 propter
1904 4020 2022 4064 papoe
2049 4007 2272 4050 paschatis
2292 4007 2590 4060 captivitatem.

1532 4080 1647 4136 Papa
1668 4081 1819 4124 dotens
1842 4080 2028 4123 lamenta
2052 4084 2208 4131 movet,
2237 4084 2459 4133 totumque
2486 4085 2566 4133 per
2586 4077 2735 4122 orbem

1535 4152 1770 4195 Ecclesiam
1798 4164 1875 4196 sua
1897 4151 2046 4196 charta
2069 4156 2192 4194 vocat
2215 4156 2495 4206 properanter
2518 4149 2572 4192 ad
2583 4146 2774 4194 Urbem:

1589 4225 1690 4269 Haec
1713 4225 1784 4271 ubi
1810 4225 2022 4274 consedit,
2046 4222 2228 4268 Caesaris
2245 4231 2339 4266 acta
2366 4221 2497 4266 dedit.

1535 4297 1658 4341 Tune
1679 4297 1766 4339 ait:
1784 4308 1811 4341 ο
1833 4301 1995 4352 patres,
2021 4307 2045 4339 a
2062 4296 2230 4339 Caesare
2251 4294 2414 4351 scripta
2434 4300 2595 4344 notate,

1537 4369 1588 4413 Et
1611 4368 1901 4424 quodcunque
1920 4367 2058 4423 placet
2077 4378 2206 4422 super
2223 4366 2289 4410 liis
2313 4366 2481 4410 decreta
2499 4364 2669 4421 parato,

1595 4439 1662 4484 Me
1683 4452 1854 4497 quoque
1876 4438 2122 4497 pontificem
2148 4450 2232 4483 non
2254 4436 2364 4492 sore,
2384 4438 2510 4495 iussa
2530 4437 2644 4482 date.
