<?xml version="1.0" encoding="UTF-8"?>
<!DOCTYPE html PUBLIC "-//W3C//DTD XHTML 1.0 Transitional//EN"
    "http://www.w3.org/TR/xhtml1/DTD/xhtml1-transitional.dtd">
<html xmlns="http://www.w3.org/1999/xhtml" xml:lang="en" lang="en">
 <head>
  <title>
</title>
<meta http-equiv="Content-Type" content="text/html;charset=utf-8" />
  <meta name='ocr-system' content='tesseract 3.04.00' />
  <meta name='ocr-capabilities' content='ocr_page ocr_carea ocr_par ocr_line ocrx_word'/>
</head>
<body>
  <div class='ocr_page' id='page_1' title='image "./patrologiaecursu00hammuoft_0190.png"; bbox 0 0 2924 4588; ppageno 0'>
   <div class='ocr_carea' id='block_1_1' title="bbox 321 93 406 140">
    <p class='ocr_par' dir='ltr' id='par_1_1' title="bbox 321 93 406 140">
     <span class='ocr_line' id='line_1_1' title="bbox 321 93 406 140; baseline -0.035 0"><span class='ocrx_word' id='word_1_1' title='bbox 321 93 406 140; x_wconf 67' lang='lat'>³65</span> 
     </span>
    </p>
   </div>
   <div class='ocr_carea' id='block_1_2' title="bbox 322 160 1555 365">
    <p class='ocr_par' dir='ltr' id='par_1_2' title="bbox 322 160 1555 365">
     <span class='ocr_line' id='line_1_2' title="bbox 322 160 1555 242; baseline -0.016 -12"><span class='ocrx_word' id='word_1_2' title='bbox 322 160 590 242; x_wconf 43' lang='lat' dir='ltr'>dig‘nabitufl,</span> <span class='ocrx_word' id='word_1_3' title='bbox 616 183 708 225; x_wconf 86' lang='lat' dir='ltr'>sine</span> <span class='ocrx_word' id='word_1_4' title='bbox 730 191 815 235; x_wconf 86' lang='lat' dir='ltr'>quo</span> <span class='ocrx_word' id='word_1_5' title='bbox 836 176 944 221; x_wconf 87' lang='lat' dir='ltr'>nihil</span> <span class='ocrx_word' id='word_1_6' title='bbox 960 183 1215 231; x_wconf 87' lang='lat' dir='ltr'>possumus,</span> <span class='ocrx_word' id='word_1_7' title='bbox 1236 171 1311 227; x_wconf 87' lang='lat' dir='ltr'>qui</span> <span class='ocrx_word' id='word_1_8' title='bbox 1334 175 1401 214; x_wconf 90' lang='lat' dir='ltr'>est</span> <span class='ocrx_word' id='word_1_9' title='bbox 1424 176 1555 225; x_wconf 76' lang='lat' dir='ltr'>super</span> 
     </span>
     <span class='ocr_line' id='line_1_3' title="bbox 324 243 1295 301; baseline -0.016 0"><span class='ocrx_word' id='word_1_10' title='bbox 324 257 464 301; x_wconf 87' lang='lat' dir='ltr'>omnia</span> <span class='ocrx_word' id='word_1_11' title='bbox 484 255 595 299; x_wconf 79' lang='lat' dir='ltr'>Deus</span> <span class='ocrx_word' id='word_1_12' title='bbox 615 251 864 298; x_wconf 52' lang='lat' dir='ltr'>beneditus</span> <span class='ocrx_word' id='word_1_13' title='bbox 885 247 930 290; x_wconf 87' lang='lat' dir='ltr'>in</span> <span class='ocrx_word' id='word_1_14' title='bbox 953 245 1125 290; x_wconf 66' lang='lat' dir='ltr'>secula.</span> <span class='ocrx_word' id='word_1_15' title='bbox 1142 243 1295 295; x_wconf 75' lang='lat' dir='ltr'>Amen.</span> 
     </span>
     <span class='ocr_line' id='line_1_4' title="bbox 781 317 1066 365; baseline -0.018 0"><span class='ocrx_word' id='word_1_16' title='bbox 781 318 964 365; x_wconf 68' lang='lat' dir='ltr'>smnio</span> <span class='ocrx_word' id='word_1_17' title='bbox 992 317 1066 361; x_wconf 69' lang='lat' dir='ltr'>xi,</span> 
     </span>
    </p>
   </div>
   <div class='ocr_carea' id='block_1_3' title="bbox 379 400 1500 611">
    <p class='ocr_par' dir='ltr' id='par_1_3' title="bbox 379 400 1500 611">
     <span class='ocr_line' id='line_1_5' title="bbox 379 400 1500 461; baseline -0.013 -1"><span class='ocrx_word' id='word_1_18' title='bbox 379 430 419 461; x_wconf 78' lang='lat' dir='ltr'>ia</span> <span class='ocrx_word' id='word_1_19' title='bbox 447 400 813 459; x_wconf 64' lang='lat' dir='ltr'>sineiPnoiitmcs</span> <span class='ocrx_word' id='word_1_20' title='bbox 840 421 965 453; x_wconf 69' lang='lat' dir='ltr'>ium</span> <span class='ocrx_word' id='word_1_21' title='bbox 994 418 1192 451; x_wconf 72' lang='lat' dir='ltr'>ocrmii</span> <span class='ocrx_word' id='word_1_22' title='bbox 1222 413 1500 448; x_wconf 68' lang='lat' dir='ltr'>nntvt&#39;rssls</span> 
     </span>
     <span class='ocr_line' id='line_1_6' title="bbox 858 492 1027 532; baseline -0.03 -6"><span class='ocrx_word' id='word_1_23' title='bbox 858 492 1027 532; x_wconf 75' lang='lat' dir='ltr'>nomm,</span> 
     </span>
     <span class='ocr_line' id='line_1_7' title="bbox 515 547 1367 611; baseline -0.008 -10"><span class='ocrx_word' id='word_1_24' title='bbox 515 556 575 601; x_wconf 75' lang='lat' dir='ltr'>De</span> <span class='ocrx_word' id='word_1_25' title='bbox 588 556 781 600; x_wconf 72' lang='lat' dir='ltr'>exercitio</span> <span class='ocrx_word' id='word_1_26' title='bbox 805 554 1009 611; x_wconf 67' lang='lat' dir='ltr'>religiosa:</span> <span class='ocrx_word' id='word_1_27' title='bbox 1030 547 1367 595; x_wconf 74' lang='lat' dir='ltr'>conversationis.</span> 
     </span>
    </p>
   </div>
   <div class='ocr_carea' id='block_1_4' title="bbox 324 635 1553 691">
    <p class='ocr_par' dir='ltr' id='par_1_4' title="bbox 324 635 1553 691">
     <span class='ocr_line' id='line_1_8' title="bbox 324 635 1553 691; baseline -0.008 -1"><span class='ocrx_word' id='word_1_28' title='bbox 324 658 511 691; x_wconf 67' lang='lat' dir='ltr'>sraorsis</span> <span class='ocrx_word' id='word_1_29' title='bbox 540 657 761 690; x_wconf 65' lang='lat' dir='ltr'>sammitis.</span> <span class='ocrx_word' id='word_1_30' title='bbox 779 666 836 676; x_wconf 87' lang='lat'>—-·</span> <span class='ocrx_word' id='word_1_31' title='bbox 859 643 899 686; x_wconf 99' lang='grc'>1.</span> <span class='ocrx_word' id='word_1_32' title='bbox 931 640 1048 686; x_wconf 84' lang='lat' dir='ltr'>Ordo</span> <span class='ocrx_word' id='word_1_33' title='bbox 1059 646 1102 684; x_wconf 87' lang='lat' dir='ltr'>et</span> <span class='ocrx_word' id='word_1_34' title='bbox 1112 637 1331 683; x_wconf 74' lang='lat' dir='ltr'>enarratio</span> <span class='ocrx_word' id='word_1_35' title='bbox 1346 635 1553 680; x_wconf 76' lang='lat' dir='ltr'>materian.</span> 
     </span>
    </p>
   </div>
   <div class='ocr_carea' id='block_1_5' title="bbox 374 692 1620 756">
    <p class='ocr_par' dir='ltr' id='par_1_5' title="bbox 374 692 1620 756">
     <span class='ocr_line' id='line_1_9' title="bbox 374 692 1620 756; baseline -0.011 -11"><span class='ocrx_word' id='word_1_36' title='bbox 374 703 487 745; x_wconf 70' lang='lat'>-2.</span> <span class='ocrx_word' id='word_1_37' title='bbox 520 702 602 744; x_wconf 83' lang='lat' dir='ltr'>Per</span> <span class='ocrx_word' id='word_1_38' title='bbox 622 701 908 756; x_wconf 79' lang='lat' dir='ltr'>virginitatem</span> <span class='ocrx_word' id='word_1_39' title='bbox 947 697 1151 741; x_wconf 75' lang='lat' dir='ltr'><strong>sterilitas</strong></span> <span class='ocrx_word' id='word_1_40' title='bbox 1182 694 1335 736; x_wconf 85' lang='lat' dir='ltr'>animae</span> <span class='ocrx_word' id='word_1_41' title='bbox 1364 692 1555 748; x_wconf 82' lang='lat' dir='ltr'>mysticae</span> <span class='ocrx_word' id='word_1_42' title='bbox 1617 727 1620 730; x_wconf 89' lang='lat'>.</span> 
     </span>
    </p>
   </div>
   <div class='ocr_carea' id='block_1_6' title="bbox 374 749 1557 1256">
    <p class='ocr_par' dir='ltr' id='par_1_6' title="bbox 374 749 1557 1256">
     <span class='ocr_line' id='line_1_10' title="bbox 376 749 1556 813; baseline -0.009 -13"><span class='ocrx_word' id='word_1_43' title='bbox 376 759 638 813; x_wconf 84' lang='lat' dir='ltr'>designatur,</span> <span class='ocrx_word' id='word_1_44' title='bbox 660 755 792 798; x_wconf 80' lang='lat' dir='ltr'>Annae</span> <span class='ocrx_word' id='word_1_45' title='bbox 815 754 954 796; x_wconf 79' lang='lat' dir='ltr'>viduae</span> <span class='ocrx_word' id='word_1_46' title='bbox 977 765 1026 796; x_wconf 82' lang='lat' dir='ltr'>ex</span> <span class='ocrx_word' id='word_1_47' title='bbox 1052 750 1281 805; x_wconf 80' lang='lat' dir='ltr'>Evangelio</span> <span class='ocrx_word' id='word_1_48' title='bbox 1298 749 1556 791; x_wconf 83' lang='lat' dir='ltr'>virtutes.—</span> 
     </span>
     <span class='ocr_line' id='line_1_11' title="bbox 375 801 1554 867; baseline -0.008 -12"><span class='ocrx_word' id='word_1_49' title='bbox 375 814 417 855; x_wconf 82' lang='lat'>5.</span> <span class='ocrx_word' id='word_1_50' title='bbox 443 813 663 864; x_wconf 81' lang='lat' dir='ltr'>Quodnam</span> <span class='ocrx_word' id='word_1_51' title='bbox 688 810 907 864; x_wconf 85' lang='lat' dir='ltr'>templum.</span> <span class='ocrx_word' id='word_1_52' title='bbox 931 821 955 850; x_wconf 91' lang='lat' dir='ltr'>a</span> <span class='ocrx_word' id='word_1_53' title='bbox 977 819 1063 862; x_wconf 82' lang='lat' dir='ltr'>quo</span> <span class='ocrx_word' id='word_1_54' title='bbox 1080 819 1165 849; x_wconf 89' lang='lat' dir='ltr'>non</span> <span class='ocrx_word' id='word_1_55' title='bbox 1188 803 1452 867; x_wconf 76' lang='lat' dir='ltr'>discedatur.</span> <span class='ocrx_word' id='word_1_56' title='bbox 1466 801 1554 846; x_wconf 88' lang='lat' dir='ltr'>Oc-</span> 
     </span>
     <span class='ocr_line' id='line_1_12' title="bbox 374 859 1557 923; baseline -0.008 -14"><span class='ocrx_word' id='word_1_57' title='bbox 374 870 519 923; x_wconf 83' lang='lat' dir='ltr'>tuplex</span> <span class='ocrx_word' id='word_1_58' title='bbox 537 867 682 921; x_wconf 80' lang='lat' dir='ltr'>templi</span> <span class='ocrx_word' id='word_1_59' title='bbox 699 868 740 908; x_wconf 93' lang='lat' dir='ltr'>iii</span> <span class='ocrx_word' id='word_1_60' title='bbox 756 864 993 919; x_wconf 76' lang='lat' dir='ltr'>scripturis</span> <span class='ocrx_word' id='word_1_61' title='bbox 1005 862 1213 917; x_wconf 89' lang='lat' dir='ltr'>acceptio.</span> <span class='ocrx_word' id='word_1_62' title='bbox 1226 883 1282 892; x_wconf 88' lang='lat'>-·</span> <span class='ocrx_word' id='word_1_63' title='bbox 1294 860 1338 903; x_wconf 67' lang='lat'>4.</span> <span class='ocrx_word' id='word_1_64' title='bbox 1362 859 1557 922; x_wconf 70' lang='lat' dir='ltr'>Primum</span> 
     </span>
     <span class='ocr_line' id='line_1_13' title="bbox 376 915 1553 978; baseline -0.008 -12"><span class='ocrx_word' id='word_1_65' title='bbox 376 925 579 978; x_wconf 83' lang='lat' dir='ltr'>templum</span> <span class='ocrx_word' id='word_1_66' title='bbox 607 931 672 965; x_wconf 79' lang='lat' dir='ltr'>est</span> <span class='ocrx_word' id='word_1_67' title='bbox 692 921 854 965; x_wconf 75' lang='lat' dir='ltr'>Christi</span> <span class='ocrx_word' id='word_1_68' title='bbox 878 918 1046 961; x_wconf 82' lang='lat' dir='ltr'>Domini</span> <span class='ocrx_word' id='word_1_69' title='bbox 1070 929 1230 973; x_wconf 87' lang='lat' dir='ltr'>corpus</span> <span class='ocrx_word' id='word_1_70' title='bbox 1249 947 1262 965; x_wconf 85' lang='lat'>,</span> <span class='ocrx_word' id='word_1_71' title='bbox 1279 915 1350 958; x_wconf 89' lang='lat' dir='ltr'>cui</span> <span class='ocrx_word' id='word_1_72' title='bbox 1368 915 1461 978; x_wconf 70' lang='lat' dir='ltr'>Jugi</span> <span class='ocrx_word' id='word_1_73' title='bbox 1482 924 1553 956; x_wconf 89' lang='lat' dir='ltr'>co·</span> 
     </span>
     <span class='ocr_line' id='line_1_14' title="bbox 376 970 1555 1033; baseline -0.008 -14"><span class='ocrx_word' id='word_1_74' title='bbox 376 980 578 1033; x_wconf 77' lang='lat' dir='ltr'>gitatione</span> <span class='ocrx_word' id='word_1_75' title='bbox 617 982 658 1020; x_wconf 90' lang='lat' dir='ltr'>et</span> <span class='ocrx_word' id='word_1_76' title='bbox 685 976 838 1020; x_wconf 83' lang='lat' dir='ltr'>fiducia</span> <span class='ocrx_word' id='word_1_77' title='bbox 876 972 1208 1017; x_wconf 88' lang='lat' dir='ltr'>immorandum.</span> <span class='ocrx_word' id='word_1_78' title='bbox 1234 970 1451 1014; x_wconf 78' lang='lat' dir='ltr'>incruenti</span> <span class='ocrx_word' id='word_1_79' title='bbox 1484 981 1555 1012; x_wconf 88' lang='lat' dir='ltr'>sa·</span> 
     </span>
     <span class='ocr_line' id='line_1_15' title="bbox 378 1022 1555 1088; baseline -0.008 -12"><span class='ocrx_word' id='word_1_80' title='bbox 378 1034 527 1076; x_wconf 79' lang='lat' dir='ltr'>criticii</span> <span class='ocrx_word' id='word_1_81' title='bbox 554 1034 695 1076; x_wconf 81' lang='lat' dir='ltr'>inissae</span> <span class='ocrx_word' id='word_1_82' title='bbox 725 1030 912 1076; x_wconf 86' lang='lat' dir='ltr'>efficacia</span> <span class='ocrx_word' id='word_1_83' title='bbox 935 1035 978 1072; x_wconf 90' lang='lat' dir='ltr'>et</span> <span class='ocrx_word' id='word_1_84' title='bbox 1006 1026 1338 1072; x_wconf 77' lang='lat' dir='ltr'>commendatio.</span> <span class='ocrx_word' id='word_1_85' title='bbox 1362 1042 1419 1058; x_wconf 55' lang='grc' dir='ltr'>-ὃ</span> <span class='ocrx_word' id='word_1_86' title='bbox 1441 1025 1480 1068; x_wconf 84' lang='grc'>5.</span> <span class='ocrx_word' id='word_1_87' title='bbox 1500 1022 1555 1088; x_wconf 29' lang='lat' dir='ltr'>‘in</span> 
     </span>
     <span class='ocr_line' id='line_1_16' title="bbox 375 1079 1554 1147; baseline -0.009 -14"><span class='ocrx_word' id='word_1_88' title='bbox 375 1090 546 1133; x_wconf 85' lang='lat' dir='ltr'>Christo</span> <span class='ocrx_word' id='word_1_89' title='bbox 565 1088 850 1144; x_wconf 84' lang='lat' dir='ltr'>possidemus,</span> <span class='ocrx_word' id='word_1_90' title='bbox 874 1084 988 1141; x_wconf 85' lang='lat' dir='ltr'>quod</span> <span class='ocrx_word' id='word_1_91' title='bbox 1009 1097 1095 1127; x_wconf 91' lang='lat' dir='ltr'>non</span> <span class='ocrx_word' id='word_1_92' title='bbox 1106 1083 1315 1147; x_wconf 69' lang='lat' dir='ltr'>babemus</span> <span class='ocrx_word' id='word_1_93' title='bbox 1336 1093 1388 1125; x_wconf 82' lang='lat' dir='ltr'>ex</span> <span class='ocrx_word' id='word_1_94' title='bbox 1411 1079 1554 1124; x_wconf 83' lang='lat' dir='ltr'>nobis.</span> 
     </span>
     <span class='ocr_line' id='line_1_17' title="bbox 376 1136 1553 1200; baseline -0.009 -11"><span class='ocrx_word' id='word_1_95' title='bbox 376 1146 509 1200; x_wconf 84' lang='lat' dir='ltr'>Cujus</span> <span class='ocrx_word' id='word_1_96' title='bbox 536 1144 721 1189; x_wconf 83' lang='lat' dir='ltr'>salubris</span> <span class='ocrx_word' id='word_1_97' title='bbox 757 1148 822 1186; x_wconf 86' lang='lat' dir='ltr'>est</span> <span class='ocrx_word' id='word_1_98' title='bbox 847 1142 1070 1184; x_wconf 84' lang='lat' dir='ltr'>incruenta</span> <span class='ocrx_word' id='word_1_99' title='bbox 1094 1139 1272 1182; x_wconf 86' lang='lat' dir='ltr'>oblatio.</span> <span class='ocrx_word' id='word_1_100' title='bbox 1291 1160 1349 1168; x_wconf 84' lang='lat'>—-</span> <span class='ocrx_word' id='word_1_101' title='bbox 1366 1136 1410 1180; x_wconf 85' lang='lat'>6.</span> <span class='ocrx_word' id='word_1_102' title='bbox 1436 1136 1553 1199; x_wconf 72' lang='lat' dir='ltr'>Con-</span> 
     </span>
     <span class='ocr_line' id='line_1_18' title="bbox 376 1191 1554 1256; baseline -0.008 -13"><span class='ocrx_word' id='word_1_103' title='bbox 376 1201 650 1256; x_wconf 81' lang='lat' dir='ltr'>cupiscentiae</span> <span class='ocrx_word' id='word_1_104' title='bbox 677 1198 862 1241; x_wconf 87' lang='lat' dir='ltr'>carnalis</span> <span class='ocrx_word' id='word_1_105' title='bbox 900 1195 1287 1251; x_wconf 69' lang='lat' dir='ltr'>praesentissimum</span> <span class='ocrx_word' id='word_1_106' title='bbox 1317 1191 1554 1235; x_wconf 83' lang='lat' dir='ltr'>remedium</span> 
     </span>
    </p>
   </div>
   <div class='ocr_carea' id='block_1_7' title="bbox 376 1246 2850 1311">
    <p class='ocr_par' dir='ltr' id='par_1_7' title="bbox 376 1246 2850 1311">
     <span class='ocr_line' id='line_1_19' title="bbox 376 1246 2850 1311; baseline -0.004 -7"><span class='ocrx_word' id='word_1_107' title='bbox 376 1262 442 1300; x_wconf 71' lang='lat' dir='ltr'>est</span> <span class='ocrx_word' id='word_1_108' title='bbox 461 1269 618 1311; x_wconf 75' lang='lat' dir='ltr'>corpus</span> <span class='ocrx_word' id='word_1_109' title='bbox 646 1253 974 1306; x_wconf 69' lang='lat' dir='ltr'>Cht·isli;01¹1⁰S</span> <span class='ocrx_word' id='word_1_110' title='bbox 1010 1256 1205 1306; x_wconf 58' lang='lat' dir='ltr'>respectu</span> <span class='ocrx_word' id='word_1_111' title='bbox 1242 1247 1497 1303; x_wconf 61' lang='lat' dir='ltr'>emufflmffl&#39;</span> <span class='ocrx_word' id='word_1_112' title='bbox 1529 1257 1554 1288; x_wconf 69' lang='lat' dir='ltr'><strong>a</strong></span> <span class='ocrx_word' id='word_1_113' title='bbox 1578 1255 1612 1298; x_wconf 87' lang='lat' dir='ltr'>B</span> <span class='ocrx_word' id='word_1_114' title='bbox 1633 1250 1699 1296; x_wconf 77' lang='lat' dir='ltr'>die</span> <span class='ocrx_word' id='word_1_115' title='bbox 1716 1264 1765 1294; x_wconf 83' lang='lat' dir='ltr'>ac</span> <span class='ocrx_word' id='word_1_116' title='bbox 1789 1257 1907 1295; x_wconf 79' lang='lat' dir='ltr'>nocte</span> <span class='ocrx_word' id='word_1_117' title='bbox 1938 1248 2061 1307; x_wconf 76' lang='lat' dir='ltr'>(Luc.</span> <span class='ocrx_word' id='word_1_118' title='bbox 2086 1260 2137 1301; x_wconf 88' lang='lat' dir='ltr'>ii,</span> <span class='ocrx_word' id='word_1_119' title='bbox 2164 1247 2256 1306; x_wconf 64' lang='lat'>575.</span> <span class='ocrx_word' id='word_1_120' title='bbox 2287 1246 2335 1292; x_wconf 83' lang='lat' dir='ltr'>ln</span> <span class='ocrx_word' id='word_1_121' title='bbox 2358 1248 2519 1304; x_wconf 89' lang='lat' dir='ltr'>quibus</span> <span class='ocrx_word' id='word_1_122' title='bbox 2551 1249 2757 1294; x_wconf 80' lang='lat' dir='ltr'>nimirum</span> <span class='ocrx_word' id='word_1_123' title='bbox 2846 1255 2850 1258; x_wconf 70' lang='grc'><em>”</em></span> 
     </span>
    </p>
   </div>
   <div class='ocr_carea' id='block_1_8' title="bbox 374 1303 1560 2197">
    <p class='ocr_par' dir='ltr' id='par_1_8' title="bbox 375 1303 1559 1923">
     <span class='ocr_line' id='line_1_20' title="bbox 377 1303 1554 1367; baseline -0.008 -14"><span class='ocrx_word' id='word_1_124' title='bbox 377 1311 464 1358; x_wconf 83' lang='lat' dir='ltr'>Deo</span> <span class='ocrx_word' id='word_1_125' title='bbox 486 1310 702 1354; x_wconf 84' lang='lat' dir='ltr'>Patre.—-</span> <span class='ocrx_word' id='word_1_126' title='bbox 738 1309 776 1352; x_wconf 84' lang='lat'>7.</span> <span class='ocrx_word' id='word_1_127' title='bbox 814 1307 1056 1351; x_wconf 83' lang='lat' dir='ltr'>Secundum</span> <span class='ocrx_word' id='word_1_128' title='bbox 1096 1305 1300 1360; x_wconf 87' lang='lat' dir='ltr'>templum</span> <span class='ocrx_word' id='word_1_129' title='bbox 1335 1308 1402 1348; x_wconf 89' lang='lat' dir='ltr'>est</span> <span class='ocrx_word' id='word_1_130' title='bbox 1435 1303 1554 1367; x_wconf 63' lang='lat' dir='ltr'>virgo</span> 
     </span>
     <span class='ocr_line' id='line_1_21' title="bbox 376 1361 1557 1423; baseline -0.009 -13"><span class='ocrx_word' id='word_1_131' title='bbox 376 1366 526 1419; x_wconf 71' lang='lat' dir='ltr'>Mai-ia,</span> <span class='ocrx_word' id='word_1_132' title='bbox 547 1366 670 1421; x_wconf 81' lang='lat' dir='ltr'>cujus</span> <span class='ocrx_word' id='word_1_133' title='bbox 707 1370 773 1408; x_wconf 84' lang='lat' dir='ltr'>cst</span> <span class='ocrx_word' id='word_1_134' title='bbox 802 1364 1017 1421; x_wconf 72' lang='lat' dir='ltr'>singulare</span> <span class='ocrx_word' id='word_1_135' title='bbox 1040 1361 1283 1406; x_wconf 87' lang='lat' dir='ltr'>encomium</span> <span class='ocrx_word' id='word_1_136' title='bbox 1306 1365 1349 1403; x_wconf 87' lang='lat' dir='ltr'>et</span> <span class='ocrx_word' id='word_1_137' title='bbox 1398 1364 1557 1423; x_wconf 74' lang='lat' dir='ltr'>atraci-</span> 
     </span>
     <span class='ocr_line' id='line_1_22' title="bbox 375 1414 1558 1479; baseline -0.01 -13"><span class='ocrx_word' id='word_1_138' title='bbox 375 1424 509 1466; x_wconf 88' lang='lat' dir='ltr'>nium.</span> <span class='ocrx_word' id='word_1_139' title='bbox 529 1447 582 1453; x_wconf 90' lang='lat'><strong>—</strong></span> <span class='ocrx_word' id='word_1_140' title='bbox 603 1423 643 1465; x_wconf 85' lang='lat'>8.</span> <span class='ocrx_word' id='word_1_141' title='bbox 663 1418 851 1464; x_wconf 87' lang='lat' dir='ltr'>Tertium</span> <span class='ocrx_word' id='word_1_142' title='bbox 872 1419 1074 1474; x_wconf 79' lang='lat' dir='ltr'>templum</span> <span class='ocrx_word' id='word_1_143' title='bbox 1096 1420 1163 1461; x_wconf 90' lang='lat' dir='ltr'>est</span> <span class='ocrx_word' id='word_1_144' title='bbox 1184 1417 1329 1459; x_wconf 87' lang='lat' dir='ltr'>unitas</span> <span class='ocrx_word' id='word_1_145' title='bbox 1404 1429 1412 1440; x_wconf 88' lang='lat'><strong>·</strong></span> <span class='ocrx_word' id='word_1_146' title='bbox 1441 1414 1558 1479; x_wconf 67' lang='lat' dir='ltr'>lesiaz</span> 
     </span>
     <span class='ocr_line' id='line_1_23' title="bbox 376 1471 1558 1536; baseline -0.008 -15"><span class='ocrx_word' id='word_1_147' title='bbox 376 1487 494 1523; x_wconf 74' lang='lat' dir='ltr'>extra</span> <span class='ocrx_word' id='word_1_148' title='bbox 512 1490 639 1533; x_wconf 84' lang='lat' dir='ltr'>quain</span> <span class='ocrx_word' id='word_1_149' title='bbox 657 1488 742 1519; x_wconf 88' lang='lat' dir='ltr'>non</span> <span class='ocrx_word' id='word_1_150' title='bbox 765 1482 829 1519; x_wconf 86' lang='lat' dir='ltr'>est</span> <span class='ocrx_word' id='word_1_151' title='bbox 855 1476 987 1519; x_wconf 80' lang='lat' dir='ltr'>salus.</span> <span class='ocrx_word' id='word_1_152' title='bbox 1003 1498 1057 1506; x_wconf 90' lang='lat'>-—</span> <span class='ocrx_word' id='word_1_153' title='bbox 1081 1473 1121 1515; x_wconf 80' lang='lat'>9.</span> <span class='ocrx_word' id='word_1_154' title='bbox 1147 1471 1382 1536; x_wconf 35' lang='lat' dir='ltr'>Quart-nmo,</span> <span class='ocrx_word' id='word_1_155' title='bbox 1404 1476 1470 1513; x_wconf 87' lang='lat' dir='ltr'>est</span> <span class='ocrx_word' id='word_1_156' title='bbox 1494 1483 1558 1512; x_wconf 83' lang='lat' dir='ltr'>vi-</span> 
     </span>
     <span class='ocr_line' id='line_1_24' title="bbox 375 1534 1556 1585; baseline -0.007 -9"><span class='ocrx_word' id='word_1_157' title='bbox 375 1546 526 1576; x_wconf 66' lang='lat' dir='ltr'>vorum</span> <span class='ocrx_word' id='word_1_158' title='bbox 548 1540 791 1577; x_wconf 78' lang='lat' dir='ltr'>sanctorum</span> <span class='ocrx_word' id='word_1_159' title='bbox 811 1537 963 1579; x_wconf 65' lang='lat' dir='ltr'>virtus,</span> <span class='ocrx_word' id='word_1_160' title='bbox 980 1542 1004 1573; x_wconf 88' lang='lat' dir='ltr'>a</span> <span class='ocrx_word' id='word_1_161' title='bbox 1020 1540 1204 1585; x_wconf 88' lang='lat' dir='ltr'>quorum</span> <span class='ocrx_word' id='word_1_162' title='bbox 1218 1534 1452 1570; x_wconf 73' lang='lat' dir='ltr'>imitatione</span> <span class='ocrx_word' id='word_1_163' title='bbox 1469 1537 1556 1568; x_wconf 89' lang='lat' dir='ltr'>non</span> 
     </span>
     <span class='ocr_line' id='line_1_25' title="bbox 376 1587 1554 1645; baseline -0.008 -12"><span class='ocrx_word' id='word_1_164' title='bbox 376 1587 588 1634; x_wconf 85' lang='lat' dir='ltr'>discedas.</span> <span class='ocrx_word' id='word_1_165' title='bbox 612 1589 754 1630; x_wconf 86' lang='grc'><strong>-10,</strong></span> <span class='ocrx_word' id='word_1_166' title='bbox 786 1587 1017 1638; x_wconf 83' lang='lat' dir='ltr'>Quintum,</span> <span class='ocrx_word' id='word_1_167' title='bbox 1047 1591 1117 1628; x_wconf 82' lang='lat' dir='ltr'>est</span> <span class='ocrx_word' id='word_1_168' title='bbox 1145 1595 1306 1640; x_wconf 82' lang='lat' dir='ltr'>corpus</span> <span class='ocrx_word' id='word_1_169' title='bbox 1340 1589 1554 1645; x_wconf 82' lang='lat' dir='ltr'>nostrum,</span> 
     </span>
     <span class='ocr_line' id='line_1_26' title="bbox 376 1639 1559 1702; baseline -0.008 -13"><span class='ocrx_word' id='word_1_170' title='bbox 376 1645 492 1702; x_wconf 71' lang='lat' dir='ltr'>qnod</span> <span class='ocrx_word' id='word_1_171' title='bbox 511 1643 861 1689; x_wconf 85' lang='lat' dir='ltr'>sanctificandum</span> <span class='ocrx_word' id='word_1_172' title='bbox 886 1647 967 1686; x_wconf 88' lang='lat' dir='ltr'>cst.</span> <span class='ocrx_word' id='word_1_173' title='bbox 991 1665 1047 1673; x_wconf 90' lang='lat'>-</span> <span class='ocrx_word' id='word_1_174' title='bbox 1070 1642 1139 1685; x_wconf 86' lang='grc'>11.</span> <span class='ocrx_word' id='word_1_175' title='bbox 1165 1639 1359 1689; x_wconf 82' lang='lat' dir='ltr'>Sextum,</span> <span class='ocrx_word' id='word_1_176' title='bbox 1378 1645 1444 1682; x_wconf 86' lang='lat' dir='ltr'>est</span> <span class='ocrx_word' id='word_1_177' title='bbox 1463 1650 1559 1680; x_wconf 88' lang='lat' dir='ltr'>aiii·</span> 
     </span>
     <span class='ocr_line' id='line_1_27' title="bbox 375 1694 1559 1748; baseline -0.009 -2"><span class='ocrx_word' id='word_1_178' title='bbox 375 1714 444 1746; x_wconf 83' lang='lat' dir='ltr'>ma</span> <span class='ocrx_word' id='word_1_179' title='bbox 465 1708 639 1744; x_wconf 85' lang='lat' dir='ltr'>nostra:</span> <span class='ocrx_word' id='word_1_180' title='bbox 658 1701 725 1743; x_wconf 88' lang='lat' dir='ltr'>cui</span> <span class='ocrx_word' id='word_1_181' title='bbox 750 1697 1066 1743; x_wconf 71' lang='lat' dir='ltr'>sanctificanda:</span> <span class='ocrx_word' id='word_1_182' title='bbox 1085 1696 1187 1739; x_wconf 87' lang='lat' dir='ltr'>facit</span> <span class='ocrx_word' id='word_1_183' title='bbox 1208 1694 1468 1748; x_wconf 82' lang='lat' dir='ltr'>desiderium</span> <span class='ocrx_word' id='word_1_184' title='bbox 1487 1705 1559 1736; x_wconf 71' lang='lat' dir='ltr'>ve·</span> 
     </span>
     <span class='ocr_line' id='line_1_28' title="bbox 376 1751 1559 1811; baseline -0.008 -12"><span class='ocrx_word' id='word_1_185' title='bbox 376 1758 484 1804; x_wconf 71' lang='lat' dir='ltr'>nim.</span> <span class='ocrx_word' id='word_1_186' title='bbox 520 1756 681 1811; x_wconf 61' lang='lat' dir='ltr'>gratiae,</span> <span class='ocrx_word' id='word_1_187' title='bbox 702 1755 871 1810; x_wconf 70' lang='lat' dir='ltr'>gloriae,</span> <span class='ocrx_word' id='word_1_188' title='bbox 902 1760 943 1797; x_wconf 84' lang='lat' dir='ltr'>et</span> <span class='ocrx_word' id='word_1_189' title='bbox 978 1755 1182 1795; x_wconf 84' lang='lat' dir='ltr'>virtutum</span> <span class='ocrx_word' id='word_1_190' title='bbox 1211 1751 1476 1794; x_wconf 74' lang='lat' dir='ltr'>exercitium.</span> <span class='ocrx_word' id='word_1_191' title='bbox 1503 1771 1559 1780; x_wconf 91' lang='lat'>—-</span> 
     </span>
     <span class='ocr_line' id='line_1_29' title="bbox 378 1803 1559 1868; baseline -0.008 -12"><span class='ocrx_word' id='word_1_192' title='bbox 378 1814 446 1856; x_wconf 76' lang='lat'>¹2.</span> <span class='ocrx_word' id='word_1_193' title='bbox 465 1812 713 1868; x_wconf 85' lang='lat' dir='ltr'>Septimum.</span> <span class='ocrx_word' id='word_1_194' title='bbox 729 1812 946 1865; x_wconf 70' lang='lat' dir='ltr'>capacitas</span> <span class='ocrx_word' id='word_1_195' title='bbox 959 1817 1024 1853; x_wconf 88' lang='lat' dir='ltr'>est</span> <span class='ocrx_word' id='word_1_196' title='bbox 1040 1807 1284 1851; x_wconf 88' lang='lat' dir='ltr'>intellectus</span> <span class='ocrx_word' id='word_1_197' title='bbox 1298 1805 1431 1851; x_wconf 88' lang='lat' dir='ltr'>creati</span> <span class='ocrx_word' id='word_1_198' title='bbox 1444 1819 1455 1855; x_wconf 85' lang='lat'>;</span> <span class='ocrx_word' id='word_1_199' title='bbox 1475 1803 1559 1848; x_wconf 79' lang='lat' dir='ltr'>Oc·</span> 
     </span>
     <span class='ocr_line' id='line_1_30' title="bbox 376 1862 1554 1923; baseline -0.008 -13"><span class='ocrx_word' id='word_1_200' title='bbox 376 1875 536 1918; x_wconf 68' lang='lat' dir='ltr'>tarum,</span> <span class='ocrx_word' id='word_1_201' title='bbox 560 1868 696 1923; x_wconf 89' lang='lat' dir='ltr'>patria</span> <span class='ocrx_word' id='word_1_202' title='bbox 720 1867 924 1909; x_wconf 78' lang='lat' dir='ltr'>cmtestis.</span> <span class='ocrx_word' id='word_1_203' title='bbox 942 1888 997 1896; x_wconf 87' lang='lat'>-·</span> <span class='ocrx_word' id='word_1_204' title='bbox 1025 1866 1092 1908; x_wconf 86' lang='grc'>15.</span> <span class='ocrx_word' id='word_1_205' title='bbox 1122 1862 1176 1906; x_wconf 87' lang='lat' dir='ltr'>Ut</span> <span class='ocrx_word' id='word_1_206' title='bbox 1200 1863 1292 1907; x_wconf 82' lang='lat' dir='ltr'>liaec</span> <span class='ocrx_word' id='word_1_207' title='bbox 1316 1869 1415 1906; x_wconf 85' lang='lat' dir='ltr'>octo</span> <span class='ocrx_word' id='word_1_208' title='bbox 1438 1868 1554 1902; x_wconf 66' lang='lat' dir='ltr'>tetii-</span> 
     </span>
    </p>

    <p class='ocr_par' dir='ltr' id='par_1_9' title="bbox 374 1915 1560 2197">
     <span class='ocr_line' id='line_1_31' title="bbox 405 1915 1560 1966; baseline -0.006 0"><span class='ocrx_word' id='word_1_209' title='bbox 405 1926 441 1966; x_wconf 89' lang='lat' dir='ltr'>la</span> <span class='ocrx_word' id='word_1_210' title='bbox 467 1925 618 1966; x_wconf 81' lang='lat' dir='ltr'>animae</span> <span class='ocrx_word' id='word_1_211' title='bbox 638 1923 800 1966; x_wconf 74' lang='lat' dir='ltr'>devotae</span> <span class='ocrx_word' id='word_1_212' title='bbox 826 1920 1114 1964; x_wconf 60' lang='lat' dir='ltr'>inhabitandae</span> <span class='ocrx_word' id='word_1_213' title='bbox 1137 1926 1252 1963; x_wconf 88' lang='lat' dir='ltr'>sunt.</span> <span class='ocrx_word' id='word_1_214' title='bbox 1277 1943 1333 1950; x_wconf 93' lang='lat'>--</span> <span class='ocrx_word' id='word_1_215' title='bbox 1358 1918 1426 1960; x_wconf 76' lang='grc' dir='ltr'>Μ.</span> <span class='ocrx_word' id='word_1_216' title='bbox 1450 1915 1560 1959; x_wconf 86' lang='lat' dir='ltr'>Pro·</span> 
     </span>
     <span class='ocr_line' id='line_1_32' title="bbox 374 1937 1558 2023; baseline -0.006 -1"><span class='ocrx_word' id='word_1_217' title='bbox 374 1937 501 2023; x_wconf 59' lang='lat' dir='ltr'>fixim-</span> <span class='ocrx_word' id='word_1_218' title='bbox 521 1979 618 2022; x_wconf 91' lang='lat' dir='ltr'>alibi</span> <span class='ocrx_word' id='word_1_219' title='bbox 637 1977 920 2021; x_wconf 88' lang='lat' dir='ltr'>confessionis</span> <span class='ocrx_word' id='word_1_220' title='bbox 937 1976 1149 2019; x_wconf 87' lang='lat' dir='ltr'>tractatio.</span> <span class='ocrx_word' id='word_1_221' title='bbox 1167 1975 1306 2018; x_wconf 77' lang='grc'>-15,</span> <span class='ocrx_word' id='word_1_222' title='bbox 1331 1972 1558 2017; x_wconf 77' lang='lat' dir='ltr'>Confessio</span> 
     </span>
     <span class='ocr_line' id='line_1_33' title="bbox 378 2030 1554 2087; baseline -0.005 -9"><span class='ocrx_word' id='word_1_223' title='bbox 378 2036 462 2078; x_wconf 83' lang='lat' dir='ltr'>alia</span> <span class='ocrx_word' id='word_1_224' title='bbox 483 2036 621 2077; x_wconf 75' lang='lat' dir='ltr'>laudis.</span> <span class='ocrx_word' id='word_1_225' title='bbox 640 2034 811 2084; x_wconf 80' lang='lat' dir='ltr'>divinae,</span> <span class='ocrx_word' id='word_1_226' title='bbox 841 2033 923 2076; x_wconf 86' lang='lat' dir='ltr'>alia</span> <span class='ocrx_word' id='word_1_227' title='bbox 947 2034 991 2075; x_wconf 89' lang='lat' dir='ltr'>iii</span> <span class='ocrx_word' id='word_1_228' title='bbox 1015 2033 1082 2075; x_wconf 89' lang='lat' dir='ltr'>sui</span> <span class='ocrx_word' id='word_1_229' title='bbox 1103 2031 1240 2087; x_wconf 88' lang='lat' dir='ltr'>ipsius</span> <span class='ocrx_word' id='word_1_230' title='bbox 1263 2030 1554 2073; x_wconf 79' lang='lat' dir='ltr'>accusatione.</span> 
     </span>
     <span class='ocr_line' id='line_1_34' title="bbox 375 2085 1559 2148; baseline -0.007 -13"><span class='ocrx_word' id='word_1_231' title='bbox 375 2115 430 2124; x_wconf 94' lang='lat'>—-</span> <span class='ocrx_word' id='word_1_232' title='bbox 455 2091 523 2134; x_wconf 89' lang='grc'>16.</span> <span class='ocrx_word' id='word_1_233' title='bbox 545 2090 633 2134; x_wconf 84' lang='lat' dir='ltr'>Lex.</span> <span class='ocrx_word' id='word_1_234' title='bbox 662 2089 829 2132; x_wconf 87' lang='lat' dir='ltr'>Domini</span> <span class='ocrx_word' id='word_1_235' title='bbox 851 2121 862 2137; x_wconf 84' lang='lat'>,</span> <span class='ocrx_word' id='word_1_236' title='bbox 888 2087 1225 2131; x_wconf 84' lang='lat' dir='ltr'>antonomastice</span> <span class='ocrx_word' id='word_1_237' title='bbox 1260 2092 1326 2130; x_wconf 89' lang='lat' dir='ltr'>est</span> <span class='ocrx_word' id='word_1_238' title='bbox 1345 2086 1436 2141; x_wconf 86' lang='lat' dir='ltr'>ipsa</span> <span class='ocrx_word' id='word_1_239' title='bbox 1454 2085 1559 2148; x_wconf 78' lang='lat' dir='ltr'>cha-</span> 
     </span>
     <span class='ocr_line' id='line_1_35' title="bbox 375 2140 1558 2197; baseline -0.006 -7"><span class='ocrx_word' id='word_1_240' title='bbox 375 2148 498 2191; x_wconf 86' lang='lat' dir='ltr'>ritas.</span> <span class='ocrx_word' id='word_1_241' title='bbox 530 2170 586 2178; x_wconf 86' lang='lat'>-</span> <span class='ocrx_word' id='word_1_242' title='bbox 622 2146 691 2189; x_wconf 77' lang='lat'>¹7.</span> <span class='ocrx_word' id='word_1_243' title='bbox 732 2143 910 2197; x_wconf 86' lang='lat' dir='ltr'>Qualem</span> <span class='ocrx_word' id='word_1_244' title='bbox 948 2157 995 2188; x_wconf 84' lang='lat' dir='ltr'>se</span> <span class='ocrx_word' id='word_1_245' title='bbox 1025 2143 1226 2188; x_wconf 86' lang='lat' dir='ltr'>Christus</span> <span class='ocrx_word' id='word_1_246' title='bbox 1264 2140 1558 2187; x_wconf 76' lang='lat' dir='ltr'>manifestabit</span> 
     </span>
    </p>
   </div>
   <div class='ocr_carea' id='block_1_9' title="bbox 373 2203 1550 2336">
    <p class='ocr_par' dir='ltr' id='par_1_10' title="bbox 373 2203 1550 2336">
     <span class='ocr_line' id='line_1_36' title="bbox 373 2203 513 2247; baseline 0.007 -1"><span class='ocrx_word' id='word_1_247' title='bbox 373 2203 513 2247; x_wconf 84' lang='lat' dir='ltr'>nobis.</span> 
     </span>
     <span class='ocr_line' id='line_1_37' title="bbox 374 2278 1550 2336; baseline -0.005 -9"><span class='ocrx_word' id='word_1_248' title='bbox 374 2283 408 2327; x_wconf 90' lang='lat'>1.</span> <span class='ocrx_word' id='word_1_249' title='bbox 442 2281 598 2326; x_wconf 86' lang='lat' dir='ltr'>Sancta</span> <span class='ocrx_word' id='word_1_250' title='bbox 620 2280 711 2326; x_wconf 86' lang='lat' dir='ltr'>baec</span> <span class='ocrx_word' id='word_1_251' title='bbox 738 2281 906 2330; x_wconf 78' lang='lat' dir='ltr'>mulier,</span> <span class='ocrx_word' id='word_1_252' title='bbox 929 2280 981 2324; x_wconf 90' lang='lat' dir='ltr'>de</span> <span class='ocrx_word' id='word_1_253' title='bbox 998 2292 1082 2336; x_wconf 88' lang='lat' dir='ltr'>qua</span> <span class='ocrx_word' id='word_1_254' title='bbox 1099 2279 1233 2322; x_wconf 87' lang='lat' dir='ltr'>multa</span> <span class='ocrx_word' id='word_1_255' title='bbox 1253 2278 1358 2335; x_wconf 69' lang='lat' dir='ltr'>iam,</span> <span class='ocrx_word' id='word_1_256' title='bbox 1383 2278 1428 2322; x_wconf 89' lang='lat' dir='ltr'>iu</span> <span class='ocrx_word' id='word_1_257' title='bbox 1460 2290 1550 2324; x_wconf 86' lang='lat' dir='ltr'>ser-</span> 
     </span>
    </p>
   </div>
   <div class='ocr_carea' id='block_1_10' title="bbox 1195 53 2877 284">
    <p class='ocr_par' dir='ltr' id='par_1_11' title="bbox 1195 53 2877 284">
     <span class='ocr_line' id='line_1_38' title="bbox 1195 53 2877 142; baseline -0.016 -19"><span class='ocrx_word' id='word_1_258' title='bbox 1195 53 1366 123; x_wconf 70' lang='lat' dir='ltr'>Anam</span> <span class='ocrx_word' id='word_1_259' title='bbox 1395 66 1986 119; x_wconf 72' lang='lat' dir='ltr'>PRAEMONSTRATENffls</span> <span class='ocrx_word' id='word_1_260' title='bbox 2875 131 2877 142; x_wconf 53' lang='lat'>.</span> 
     </span>
     <span class='ocr_line' id='line_1_39' title="bbox 1577 150 2877 230; baseline -0.007 -25"><span class='ocrx_word' id='word_1_261' title='bbox 1577 175 1613 221; x_wconf 70' lang='grc' dir='ltr'><strong>Α</strong></span> <span class='ocrx_word' id='word_1_262' title='bbox 1633 161 1720 205; x_wconf 84' lang='lat' dir='ltr'>nisi</span> <span class='ocrx_word' id='word_1_263' title='bbox 1737 159 1851 216; x_wconf 88' lang='lat' dir='ltr'>quod</span> <span class='ocrx_word' id='word_1_264' title='bbox 1870 158 2020 230; x_wconf 63' lang='lat' dir='ltr'>&#39;anima</span> <span class='ocrx_word' id='word_1_265' title='bbox 2038 166 2138 200; x_wconf 87' lang='lat' dir='ltr'>cum</span> <span class='ocrx_word' id='word_1_266' title='bbox 2167 154 2309 212; x_wconf 82' lang='lat' dir='ltr'>gladio</span> <span class='ocrx_word' id='word_1_267' title='bbox 2333 153 2512 212; x_wconf 79' lang='lat' dir='ltr'>spiritus</span> <span class='ocrx_word' id='word_1_268' title='bbox 2527 185 2540 207; x_wconf 90' lang='lat'>,</span> <span class='ocrx_word' id='word_1_269' title='bbox 2556 153 2672 211; x_wconf 89' lang='lat' dir='ltr'>quod</span> <span class='ocrx_word' id='word_1_270' title='bbox 2694 159 2762 199; x_wconf 84' lang='lat' dir='ltr'>est</span> <span class='ocrx_word' id='word_1_271' title='bbox 2811 150 2828 195; x_wconf 85' lang='grc'>“.</span> <span class='ocrx_word' id='word_1_272' title='bbox 2876 199 2877 218; x_wconf 29' lang='lat'>3</span> 
     </span>
     <span class='ocr_line' id='line_1_40' title="bbox 1588 226 2836 284; baseline -0.009 -4"><span class='ocrx_word' id='word_1_273' title='bbox 1588 236 1591 237; x_wconf 69' lang='grc'>’</span> <span class='ocrx_word' id='word_1_274' title='bbox 1631 236 1735 279; x_wconf 88' lang='lat' dir='ltr'>bum</span> <span class='ocrx_word' id='word_1_275' title='bbox 1750 233 1852 284; x_wconf 85' lang='lat' dir='ltr'>Dei,</span> <span class='ocrx_word' id='word_1_276' title='bbox 1875 228 2176 276; x_wconf 84' lang='lat' dir='ltr'>mortificanda</span> <span class='ocrx_word' id='word_1_277' title='bbox 2198 234 2243 272; x_wconf 85' lang='lat' dir='ltr'>et</span> <span class='ocrx_word' id='word_1_278' title='bbox 2268 226 2491 272; x_wconf 75' lang='lat' dir='ltr'>offerenda</span> <span class='ocrx_word' id='word_1_279' title='bbox 2516 232 2600 282; x_wconf 81' lang='lat' dir='ltr'>est,</span> <span class='ocrx_word' id='word_1_280' title='bbox 2617 228 2673 273; x_wconf 85' lang='lat' dir='ltr'>de</span> <span class='ocrx_word' id='word_1_281' title='bbox 2699 240 2775 271; x_wconf 90' lang='lat' dir='ltr'>an</span> <span class='ocrx_word' id='word_1_282' title='bbox 2813 230 2836 282; x_wconf 58' lang='lat' dir='ltr'>j</span> 
     </span>
    </p>
   </div>
   <div class='ocr_carea' id='block_1_11' title="bbox 1626 300 2878 1235">
    <p class='ocr_par' dir='ltr' id='par_1_12' title="bbox 1626 300 2878 1235">
     <span class='ocr_line' id='line_1_41' title="bbox 1630 300 2878 366; baseline -0.006 -15"><span class='ocrx_word' id='word_1_283' title='bbox 1630 308 1720 351; x_wconf 85' lang='lat' dir='ltr'>hita</span> <span class='ocrx_word' id='word_1_284' title='bbox 1748 307 1874 351; x_wconf 86' lang='lat' dir='ltr'>debet</span> <span class='ocrx_word' id='word_1_285' title='bbox 1906 303 2135 350; x_wconf 75' lang='lat' dir='ltr'>sterilitate</span> <span class='ocrx_word' id='word_1_286' title='bbox 2158 301 2368 359; x_wconf 86' lang='lat' dir='ltr'>poenitcre</span> <span class='ocrx_word' id='word_1_287' title='bbox 2394 317 2408 345; x_wconf 73' lang='grc' dir='ltr'><strong>ε</strong></span> <span class='ocrx_word' id='word_1_288' title='bbox 2443 312 2591 358; x_wconf 81' lang='lat' dir='ltr'>proeo</span> <span class='ocrx_word' id='word_1_289' title='bbox 2619 301 2737 358; x_wconf 79' lang='lat' dir='ltr'>quod</span> <span class='ocrx_word' id='word_1_290' title='bbox 2751 300 2789 358; x_wconf 97' lang='grc'><em>3</em></span> <span class='ocrx_word' id='word_1_291' title='bbox 2876 360 2878 366; x_wconf 18' lang='lat' dir='ltr'>y</span> 
     </span>
     <span class='ocr_line' id='line_1_42' title="bbox 1632 371 2842 431; baseline -0.005 -8"><span class='ocrx_word' id='word_1_292' title='bbox 1632 380 1746 423; x_wconf 88' lang='lat' dir='ltr'>hunc</span> <span class='ocrx_word' id='word_1_293' title='bbox 1764 390 1958 423; x_wconf 73' lang='lat' dir='ltr'>sensum,</span> <span class='ocrx_word' id='word_1_294' title='bbox 1984 375 2183 420; x_wconf 82' lang='lat' dir='ltr'>nonnihil</span> <span class='ocrx_word' id='word_1_295' title='bbox 2203 373 2322 431; x_wconf 88' lang='lat' dir='ltr'>quod</span> <span class='ocrx_word' id='word_1_296' title='bbox 2344 371 2567 430; x_wconf 84' lang='lat' dir='ltr'>probabile</span> <span class='ocrx_word' id='word_1_297' title='bbox 2583 385 2670 417; x_wconf 82' lang='lat' dir='ltr'>non</span> <span class='ocrx_word' id='word_1_298' title='bbox 2692 378 2781 425; x_wconf 80' lang='lat' dir='ltr'>est,</span> <span class='ocrx_word' id='word_1_299' title='bbox 2814 393 2817 410; x_wconf 67' lang='grc' dir='ltr'><strong>ι</strong></span> <span class='ocrx_word' id='word_1_300' title='bbox 2839 381 2842 385; x_wconf 85' lang='grc'><em>·</em></span> 
     </span>
     <span class='ocr_line' id='line_1_43' title="bbox 1626 446 2878 508; baseline -0.004 -13"><span class='ocrx_word' id='word_1_301' title='bbox 1626 447 1704 497; x_wconf 69' lang='lat' dir='ltr'>ibet</span> <span class='ocrx_word' id='word_1_302' title='bbox 1728 450 1957 507; x_wconf 81' lang='lat' dir='ltr'>virginitas</span> <span class='ocrx_word' id='word_1_303' title='bbox 1979 449 2175 499; x_wconf 83' lang='lat' dir='ltr'>innuere,</span> <span class='ocrx_word' id='word_1_304' title='bbox 2197 448 2290 504; x_wconf 83' lang='lat' dir='ltr'>ipsa</span> <span class='ocrx_word' id='word_1_305' title='bbox 2312 446 2631 503; x_wconf 85' lang='lat' dir='ltr'>quodammodo</span> <span class='ocrx_word' id='word_1_306' title='bbox 2647 447 2717 491; x_wconf 80' lang='lat' dir='ltr'>lex</span> <span class='ocrx_word' id='word_1_307' title='bbox 2735 446 2823 491; x_wconf 77' lang='lat' dir='ltr'>mul</span> <span class='ocrx_word' id='word_1_308' title='bbox 2846 450 2850 452; x_wconf 75' lang='grc'>’</span> <span class='ocrx_word' id='word_1_309' title='bbox 2877 503 2878 508; x_wconf 12' lang='lat'>¹</span> 
     </span>
     <span class='ocr_line' id='line_1_44' title="bbox 1630 519 2840 580; baseline -0.006 -11"><span class='ocrx_word' id='word_1_310' title='bbox 1630 536 1724 569; x_wconf 83' lang='lat' dir='ltr'>rem</span> <span class='ocrx_word' id='word_1_311' title='bbox 1758 525 1839 568; x_wconf 88' lang='lat' dir='ltr'>sub</span> <span class='ocrx_word' id='word_1_312' title='bbox 1862 523 1967 580; x_wconf 85' lang='lat' dir='ltr'>jugo</span> <span class='ocrx_word' id='word_1_313' title='bbox 1999 519 2319 566; x_wconf 80' lang='lat' dir='ltr'>maledictionis</span> <span class='ocrx_word' id='word_1_314' title='bbox 2355 520 2548 564; x_wconf 78' lang='lat' dir='ltr'>sterilem</span> <span class='ocrx_word' id='word_1_315' title='bbox 2573 520 2749 577; x_wconf 78' lang='lat' dir='ltr'>pressit.</span> <span class='ocrx_word' id='word_1_316' title='bbox 2785 525 2795 557; x_wconf 74' lang='lat' dir='ltr'>t</span> <span class='ocrx_word' id='word_1_317' title='bbox 2822 542 2840 559; x_wconf 46' lang='grc' dir='ltr'><strong><em>ω</em></strong></span> 
     </span>
     <span class='ocr_line' id='line_1_45' title="bbox 1630 592 2817 652; baseline -0.003 -11"><span class='ocrx_word' id='word_1_318' title='bbox 1630 597 1717 642; x_wconf 88' lang='lat' dir='ltr'>duo</span> <span class='ocrx_word' id='word_1_319' title='bbox 1734 602 1911 641; x_wconf 88' lang='lat' dir='ltr'>manent</span> <span class='ocrx_word' id='word_1_320' title='bbox 1926 594 2120 652; x_wconf 83' lang='lat' dir='ltr'>pericula</span> <span class='ocrx_word' id='word_1_321' title='bbox 2144 595 2343 639; x_wconf 83' lang='lat' dir='ltr'>arborem</span> <span class='ocrx_word' id='word_1_322' title='bbox 2364 592 2697 645; x_wconf 78' lang='lat' dir='ltr'>infructuosam,</span> <span class='ocrx_word' id='word_1_323' title='bbox 2715 604 2817 638; x_wconf 78' lang='lat' dir='ltr'>secu</span> 
     </span>
     <span class='ocr_line' id='line_1_46' title="bbox 1634 666 2826 725; baseline -0.003 -12"><span class='ocrx_word' id='word_1_324' title='bbox 1634 669 1848 721; x_wconf 88' lang='lat' dir='ltr'>incidens,</span> <span class='ocrx_word' id='word_1_325' title='bbox 1876 675 1919 713; x_wconf 85' lang='lat' dir='ltr'>et</span> <span class='ocrx_word' id='word_1_326' title='bbox 1935 668 2050 725; x_wconf 81' lang='lat' dir='ltr'>ignis</span> <span class='ocrx_word' id='word_1_327' title='bbox 2065 679 2282 712; x_wconf 72' lang='lat' dir='ltr'>exurens:</span> <span class='ocrx_word' id='word_1_328' title='bbox 2306 667 2518 711; x_wconf 84' lang='lat' dir='ltr'>sententia</span> <span class='ocrx_word' id='word_1_329' title='bbox 2542 666 2743 711; x_wconf 72' lang='lat' dir='ltr'>videlicet</span> <span class='ocrx_word' id='word_1_330' title='bbox 2778 685 2797 703; x_wconf 64' lang='grc' dir='ltr'>«ι</span> <span class='ocrx_word' id='word_1_331' title='bbox 2820 684 2826 700; x_wconf 65' lang='lat'>³</span> 
     </span>
     <span class='ocr_line' id='line_1_47' title="bbox 1632 738 2841 795; baseline -0.004 -10"><span class='ocrx_word' id='word_1_332' title='bbox 1632 743 1688 787; x_wconf 88' lang='lat' dir='ltr'>tis</span> <span class='ocrx_word' id='word_1_333' title='bbox 1700 743 1831 786; x_wconf 73' lang='lat' dir='ltr'>vitam</span> <span class='ocrx_word' id='word_1_334' title='bbox 1850 741 2069 792; x_wconf 83' lang='lat' dir='ltr'>auferens,</span> <span class='ocrx_word' id='word_1_335' title='bbox 2089 745 2132 784; x_wconf 90' lang='lat' dir='ltr'>et</span> <span class='ocrx_word' id='word_1_336' title='bbox 2145 739 2370 784; x_wconf 79' lang='lat' dir='ltr'>damnatio</span> <span class='ocrx_word' id='word_1_337' title='bbox 2387 740 2431 782; x_wconf 91' lang='lat' dir='ltr'>in</span> <span class='ocrx_word' id='word_1_338' title='bbox 2447 744 2655 782; x_wconf 61' lang='lat' dir='ltr'>aeternum</span> <span class='ocrx_word' id='word_1_339' title='bbox 2673 738 2783 795; x_wconf 68' lang='lat' dir='ltr'>ami„</span> <span class='ocrx_word' id='word_1_340' title='bbox 2797 763 2813 774; x_wconf 56' lang='lat'>..</span> <span class='ocrx_word' id='word_1_341' title='bbox 2839 765 2841 768; x_wconf 94' lang='lat'>-</span> 
     </span>
     <span class='ocr_line' id='line_1_48' title="bbox 1634 810 2820 880; baseline -0.003 -22"><span class='ocrx_word' id='word_1_342' title='bbox 1634 812 1718 859; x_wconf 77' lang='lat' dir='ltr'>Sed</span> <span class='ocrx_word' id='word_1_343' title='bbox 1742 827 1839 870; x_wconf 79' lang='lat' dir='ltr'>quae</span> <span class='ocrx_word' id='word_1_344' title='bbox 1858 813 1913 856; x_wconf 92' lang='lat' dir='ltr'>ab</span> <span class='ocrx_word' id='word_1_345' title='bbox 1942 813 2024 858; x_wconf 82' lang='lat' dir='ltr'>hac</span> <span class='ocrx_word' id='word_1_346' title='bbox 2041 811 2292 880; x_wconf 56' lang='lat' dir='ltr'>virginitate</span> <span class='ocrx_word' id='word_1_347' title='bbox 2314 821 2394 855; x_wconf 75' lang='lat' dir='ltr'>sua</span> <span class='ocrx_word' id='word_1_348' title='bbox 2425 818 2586 867; x_wconf 77' lang='lat' dir='ltr'>septeni</span> <span class='ocrx_word' id='word_1_349' title='bbox 2621 811 2747 855; x_wconf 86' lang='lat' dir='ltr'>annis</span> <span class='ocrx_word' id='word_1_350' title='bbox 2795 810 2820 822; x_wconf 73' lang='grc'>”</span> 
     </span>
     <span class='ocr_line' id='line_1_49' title="bbox 1633 880 2858 941; baseline -0.008 -9"><span class='ocrx_word' id='word_1_351' title='bbox 1633 900 1732 932; x_wconf 89' lang='lat' dir='ltr'>cum</span> <span class='ocrx_word' id='word_1_352' title='bbox 1760 888 1854 930; x_wconf 80' lang='lat' dir='ltr'>viro</span> <span class='ocrx_word' id='word_1_353' title='bbox 1888 898 1984 937; x_wconf 86' lang='lat' dir='ltr'>suo,</span> <span class='ocrx_word' id='word_1_354' title='bbox 2022 895 2120 941; x_wconf 83' lang='lat' dir='ltr'>quae</span> <span class='ocrx_word' id='word_1_355' title='bbox 2157 890 2203 928; x_wconf 89' lang='grc' dir='ltr'>ει</span> <span class='ocrx_word' id='word_1_356' title='bbox 2222 883 2351 926; x_wconf 85' lang='lat' dir='ltr'>vidua</span> <span class='ocrx_word' id='word_1_357' title='bbox 2382 889 2477 927; x_wconf 88' lang='lat' dir='ltr'>erat</span> <span class='ocrx_word' id='word_1_358' title='bbox 2498 895 2636 939; x_wconf 88' lang='lat' dir='ltr'>usque</span> <span class='ocrx_word' id='word_1_359' title='bbox 2668 883 2724 927; x_wconf 88' lang='lat' dir='ltr'>ad</span> <span class='ocrx_word' id='word_1_360' title='bbox 2745 896 2790 928; x_wconf 79' lang='lat' dir='ltr'>a·</span> <span class='ocrx_word' id='word_1_361' title='bbox 2816 905 2818 922; x_wconf 74' lang='lat'><em>1</em></span> <span class='ocrx_word' id='word_1_362' title='bbox 2848 880 2858 889; x_wconf 77' lang='grc'><em>”</em></span> 
     </span>
     <span class='ocr_line' id='line_1_50' title="bbox 1633 954 2776 1016; baseline -0.004 -11"><span class='ocrx_word' id='word_1_363' title='bbox 1633 961 1854 1016; x_wconf 85' lang='lat' dir='ltr'>octoginta</span> <span class='ocrx_word' id='word_1_364' title='bbox 1873 964 2076 1015; x_wconf 84' lang='lat' dir='ltr'>quatuor,</span> <span class='ocrx_word' id='word_1_365' title='bbox 2091 962 2180 1000; x_wconf 88' lang='lat' dir='ltr'>tam</span> <span class='ocrx_word' id='word_1_366' title='bbox 2204 957 2354 1000; x_wconf 83' lang='lat' dir='ltr'>devote</span> <span class='ocrx_word' id='word_1_367' title='bbox 2379 954 2562 1009; x_wconf 86' lang='lat' dir='ltr'>fructui,</span> <span class='ocrx_word' id='word_1_368' title='bbox 2580 956 2776 1014; x_wconf 85' lang='lat' dir='ltr'>deposita</span> 
     </span>
     <span class='ocr_line' id='line_1_51' title="bbox 1632 1029 2852 1087; baseline -0.002 -9"><span class='ocrx_word' id='word_1_369' title='bbox 1632 1036 1807 1084; x_wconf 61' lang='lat' dir='ltr'>uilitate,</span> <span class='ocrx_word' id='word_1_370' title='bbox 1828 1032 2012 1076; x_wconf 84' lang='lat' dir='ltr'>intendit</span> <span class='ocrx_word' id='word_1_371' title='bbox 2036 1029 2277 1087; x_wconf 84' lang='lat' dir='ltr'>spirituali;</span> <span class='ocrx_word' id='word_1_372' title='bbox 2305 1035 2392 1072; x_wconf 85' lang='lat' dir='ltr'>tam</span> <span class='ocrx_word' id='word_1_373' title='bbox 2415 1029 2600 1077; x_wconf 84' lang='lat' dir='ltr'>sollicite</span> <span class='ocrx_word' id='word_1_374' title='bbox 2622 1030 2783 1076; x_wconf 85' lang='lat' dir='ltr'>actioni</span> <span class='ocrx_word' id='word_1_375' title='bbox 2815 1034 2852 1058; x_wconf 77' lang='lat'>,·</span> 
     </span>
     <span class='ocr_line' id='line_1_52' title="bbox 1629 1101 2799 1160; baseline -0.001 -11"><span class='ocrx_word' id='word_1_376' title='bbox 1629 1106 1744 1160; x_wconf 85' lang='lat' dir='ltr'>jecta</span> <span class='ocrx_word' id='word_1_377' title='bbox 1785 1103 2021 1151; x_wconf 84' lang='lat' dir='ltr'>otiositate.</span> <span class='ocrx_word' id='word_1_378' title='bbox 2063 1102 2227 1146; x_wconf 87' lang='lat' dir='ltr'>insistit</span> <span class='ocrx_word' id='word_1_379' title='bbox 2263 1101 2506 1157; x_wconf 80' lang='lat' dir='ltr'>probabili,</span> <span class='ocrx_word' id='word_1_380' title='bbox 2532 1106 2582 1145; x_wconf 86' lang='lat' dir='ltr'>ut</span> <span class='ocrx_word' id='word_1_381' title='bbox 2602 1101 2719 1146; x_wconf 84' lang='lat' dir='ltr'>dicat</span> <span class='ocrx_word' id='word_1_382' title='bbox 2744 1102 2799 1149; x_wconf 83' lang='lat' dir='ltr'>de</span> 
     </span>
     <span class='ocr_line' id='line_1_53' title="bbox 1629 1173 2827 1235; baseline -0.003 -12"><span class='ocrx_word' id='word_1_383' title='bbox 1629 1178 1878 1235; x_wconf 82' lang='lat' dir='ltr'>Scriptura,</span> <span class='ocrx_word' id='word_1_384' title='bbox 1899 1174 2017 1233; x_wconf 87' lang='lat' dir='ltr'>quod</span> <span class='ocrx_word' id='word_1_385' title='bbox 2038 1183 2131 1219; x_wconf 81' lang='lat' dir='ltr'>erat</span> <span class='ocrx_word' id='word_1_386' title='bbox 2162 1174 2424 1219; x_wconf 76' lang='lat' dir='ltr'>orationibus</span> <span class='ocrx_word' id='word_1_387' title='bbox 2442 1183 2481 1218; x_wconf 85' lang='lat' dir='ltr'>et</span> <span class='ocrx_word' id='word_1_388' title='bbox 2503 1173 2681 1231; x_wconf 74' lang='lat' dir='ltr'>jejuniis</span> <span class='ocrx_word' id='word_1_389' title='bbox 2703 1189 2748 1220; x_wconf 74' lang='lat' dir='ltr'>se</span> <span class='ocrx_word' id='word_1_390' title='bbox 2783 1179 2827 1213; x_wconf 53' lang='grc' dir='ltr'>ι’.</span> 
     </span>
    </p>
   </div>
   <div class='ocr_carea' id='block_1_12' title="bbox 1634 1319 2877 2328">
    <p class='ocr_par' dir='ltr' id='par_1_13' title="bbox 1634 1319 2877 2334">
     <span class='ocr_line' id='line_1_54' title="bbox 1635 1319 2862 1382; baseline -0.003 -12"><span class='ocrx_word' id='word_1_391' title='bbox 1635 1326 1719 1377; x_wconf 90' lang='lat' dir='ltr'>bis,</span> <span class='ocrx_word' id='word_1_392' title='bbox 1745 1325 1895 1382; x_wconf 88' lang='lat' dir='ltr'>paucis</span> <span class='ocrx_word' id='word_1_393' title='bbox 1913 1323 2087 1380; x_wconf 85' lang='lat' dir='ltr'>quidem</span> <span class='ocrx_word' id='word_1_394' title='bbox 2104 1333 2302 1372; x_wconf 85' lang='lat' dir='ltr'>numero,</span> <span class='ocrx_word' id='word_1_395' title='bbox 2322 1333 2454 1366; x_wconf 90' lang='lat' dir='ltr'>sensu</span> <span class='ocrx_word' id='word_1_396' title='bbox 2471 1327 2615 1367; x_wconf 86' lang='lat' dir='ltr'>autem</span> <span class='ocrx_word' id='word_1_397' title='bbox 2639 1319 2812 1380; x_wconf 78' lang='lat' dir='ltr'>prolum</span> <span class='ocrx_word' id='word_1_398' title='bbox 2828 1322 2862 1379; x_wconf 27' lang='grc' dir='ltr'>’Ἴ</span> 
     </span>
     <span class='ocr_line' id='line_1_55' title="bbox 1634 1395 2812 1455; baseline -0.002 -11"><span class='ocrx_word' id='word_1_399' title='bbox 1634 1405 1780 1444; x_wconf 76' lang='lat' dir='ltr'>vestra</span> <span class='ocrx_word' id='word_1_400' title='bbox 1797 1398 2122 1455; x_wconf 80' lang='lat' dir='ltr'>deprehendere</span> <span class='ocrx_word' id='word_1_401' title='bbox 2143 1395 2369 1452; x_wconf 77' lang='lat' dir='ltr'>diligentia</span> <span class='ocrx_word' id='word_1_402' title='bbox 2392 1395 2523 1448; x_wconf 71' lang='lat' dir='ltr'>valet,</span> <span class='ocrx_word' id='word_1_403' title='bbox 2548 1396 2812 1454; x_wconf 71' lang='lat' dir='ltr'>quodperse</span> 
     </span>
     <span class='ocr_line' id='line_1_56' title="bbox 1637 1469 2847 1528; baseline 0 -13"><span class='ocrx_word' id='word_1_404' title='bbox 1637 1477 1785 1516; x_wconf 89' lang='lat' dir='ltr'>ranter</span> <span class='ocrx_word' id='word_1_405' title='bbox 1809 1472 1986 1528; x_wconf 86' lang='lat' dir='ltr'>puritati</span> <span class='ocrx_word' id='word_1_406' title='bbox 2004 1478 2093 1515; x_wconf 86' lang='lat' dir='ltr'>tam</span> <span class='ocrx_word' id='word_1_407' title='bbox 2118 1470 2293 1523; x_wconf 89' lang='lat' dir='ltr'>mentis,</span> <span class='ocrx_word' id='word_1_408' title='bbox 2309 1470 2442 1526; x_wconf 73' lang='lat' dir='ltr'>‘quam</span> <span class='ocrx_word' id='word_1_409' title='bbox 2464 1469 2663 1526; x_wconf 80' lang='lat' dir='ltr'>eorporis</span> <span class='ocrx_word' id='word_1_410' title='bbox 2689 1470 2793 1516; x_wconf 78' lang='lat' dir='ltr'>intei</span> <span class='ocrx_word' id='word_1_411' title='bbox 2823 1478 2847 1506; x_wconf 82' lang='lat'>=·</span> 
     </span>
     <span class='ocr_line' id='line_1_57' title="bbox 1637 1541 2856 1600; baseline -0.004 -13"><span class='ocrx_word' id='word_1_412' title='bbox 1637 1545 1734 1587; x_wconf 89' lang='lat' dir='ltr'>bat:</span> <span class='ocrx_word' id='word_1_413' title='bbox 1758 1542 1970 1600; x_wconf 88' lang='lat' dir='ltr'>siquidem</span> <span class='ocrx_word' id='word_1_414' title='bbox 1993 1555 2071 1599; x_wconf 90' lang='lat' dir='ltr'>per</span> <span class='ocrx_word' id='word_1_415' title='bbox 2084 1542 2247 1599; x_wconf 73' lang='lat' dir='ltr'>ieiunia</span> <span class='ocrx_word' id='word_1_416' title='bbox 2267 1541 2545 1586; x_wconf 83' lang='lat' dir='ltr'>mortificatio</span> <span class='ocrx_word' id='word_1_417' title='bbox 2564 1542 2776 1600; x_wconf 82' lang='lat' dir='ltr'>accipitur</span> <span class='ocrx_word' id='word_1_418' title='bbox 2799 1560 2815 1582; x_wconf 80' lang='lat' dir='ltr'>t-</span> <span class='ocrx_word' id='word_1_419' title='bbox 2852 1548 2856 1549; x_wconf 48' lang='lat'><em>⁷</em></span> 
     </span>
     <span class='ocr_line' id='line_1_58' title="bbox 1636 1614 2858 1673; baseline 0.002 -13"><span class='ocrx_word' id='word_1_420' title='bbox 1636 1615 1722 1669; x_wconf 91' lang='lat' dir='ltr'>nis,</span> <span class='ocrx_word' id='word_1_421' title='bbox 1747 1628 1825 1673; x_wconf 86' lang='lat' dir='ltr'>per</span> <span class='ocrx_word' id='word_1_422' title='bbox 1839 1616 2167 1660; x_wconf 85' lang='lat' dir='ltr'>obsecrationes</span> <span class='ocrx_word' id='word_1_423' title='bbox 2191 1625 2294 1659; x_wconf 74' lang='lat' dir='ltr'>vero</span> <span class='ocrx_word' id='word_1_424' title='bbox 2316 1614 2492 1659; x_wconf 77' lang='lat' dir='ltr'>devotio</span> <span class='ocrx_word' id='word_1_425' title='bbox 2508 1617 2682 1662; x_wconf 88' lang='lat' dir='ltr'>inentis.</span> <span class='ocrx_word' id='word_1_426' title='bbox 2702 1615 2785 1662; x_wconf 80' lang='lat' dir='ltr'>Per</span> <span class='ocrx_word' id='word_1_427' title='bbox 2830 1622 2835 1627; x_wconf 89' lang='grc'><em>“</em></span> <span class='ocrx_word' id='word_1_428' title='bbox 2856 1660 2858 1662; x_wconf 78' lang='grc'>,</span> 
     </span>
     <span class='ocr_line' id='line_1_59' title="bbox 1637 1686 2858 1744; baseline 0.002 -15"><span class='ocrx_word' id='word_1_429' title='bbox 1637 1693 1798 1739; x_wconf 82' lang='lat' dir='ltr'>autem,</span> <span class='ocrx_word' id='word_1_430' title='bbox 1821 1687 1937 1744; x_wconf 83' lang='lat' dir='ltr'>quod</span> <span class='ocrx_word' id='word_1_431' title='bbox 1954 1687 2022 1732; x_wconf 87' lang='lat' dir='ltr'>his</span> <span class='ocrx_word' id='word_1_432' title='bbox 2045 1692 2134 1730; x_wconf 89' lang='lat' dir='ltr'>tam</span> <span class='ocrx_word' id='word_1_433' title='bbox 2160 1686 2236 1731; x_wconf 90' lang='lat' dir='ltr'>die</span> <span class='ocrx_word' id='word_1_434' title='bbox 2247 1698 2376 1743; x_wconf 79' lang='lat' dir='ltr'>quam</span> <span class='ocrx_word' id='word_1_435' title='bbox 2405 1692 2533 1732; x_wconf 74' lang='lat' dir='ltr'>noete</span> <span class='ocrx_word' id='word_1_436' title='bbox 2554 1689 2754 1741; x_wconf 82' lang='lat' dir='ltr'>intendit,</span> <span class='ocrx_word' id='word_1_437' title='bbox 2768 1689 2801 1744; x_wconf 84' lang='lat' dir='ltr'>ji</span> <span class='ocrx_word' id='word_1_438' title='bbox 2830 1689 2858 1744; x_wconf 44' lang='grc' dir='ltr'>μζ</span> 
     </span>
     <span class='ocr_line' id='line_1_60' title="bbox 1635 1761 2862 1820; baseline 0.001 -15"><span class='ocrx_word' id='word_1_439' title='bbox 1635 1761 1888 1818; x_wconf 77' lang='lat' dir='ltr'>intelligitur</span> <span class='ocrx_word' id='word_1_440' title='bbox 1911 1761 2247 1818; x_wconf 71' lang='lat' dir='ltr'>perseverantia,</span> <span class='ocrx_word' id='word_1_441' title='bbox 2267 1773 2395 1818; x_wconf 86' lang='lat' dir='ltr'>quam</span> <span class='ocrx_word' id='word_1_442' title='bbox 2417 1763 2459 1806; x_wconf 90' lang='lat' dir='ltr'>in</span> <span class='ocrx_word' id='word_1_443' title='bbox 2480 1761 2595 1806; x_wconf 89' lang='lat' dir='ltr'>bono</span> <span class='ocrx_word' id='word_1_444' title='bbox 2616 1773 2747 1820; x_wconf 77' lang='lat' dir='ltr'>opere</span> <span class='ocrx_word' id='word_1_445' title='bbox 2756 1775 2834 1807; x_wconf 78' lang='lat' dir='ltr'>ex</span> <span class='ocrx_word' id='word_1_446' title='bbox 2854 1769 2862 1777; x_wconf 68' lang='lat'>²</span> 
     </span>
     <span class='ocr_line' id='line_1_61' title="bbox 1636 1833 2859 1891; baseline 0.001 -13"><span class='ocrx_word' id='word_1_447' title='bbox 1636 1835 1743 1879; x_wconf 88' lang='lat' dir='ltr'>cuit.</span> <span class='ocrx_word' id='word_1_448' title='bbox 1762 1833 1897 1878; x_wconf 89' lang='lat' dir='ltr'>Nocte</span> <span class='ocrx_word' id='word_1_449' title='bbox 1921 1846 1971 1877; x_wconf 90' lang='lat' dir='ltr'>ac</span> <span class='ocrx_word' id='word_1_450' title='bbox 1990 1833 2061 1877; x_wconf 89' lang='lat' dir='ltr'>die</span> <span class='ocrx_word' id='word_1_451' title='bbox 2079 1835 2456 1879; x_wconf 83' lang='lat' dir='ltr'>obsecrationibus</span> <span class='ocrx_word' id='word_1_452' title='bbox 2478 1847 2531 1879; x_wconf 85' lang='lat' dir='ltr'>ac</span> <span class='ocrx_word' id='word_1_453' title='bbox 2543 1835 2726 1891; x_wconf 69' lang='lat' dir='ltr'>ieiuniis</span> <span class='ocrx_word' id='word_1_454' title='bbox 2755 1847 2836 1879; x_wconf 81' lang='lat' dir='ltr'>va</span> <span class='ocrx_word' id='word_1_455' title='bbox 2857 1847 2859 1849; x_wconf 85' lang='lat'>·</span> 
     </span>
     <span class='ocr_line' id='line_1_62' title="bbox 1635 1906 2810 1965; baseline 0 -13"><span class='ocrx_word' id='word_1_456' title='bbox 1635 1908 1740 1952; x_wconf 87' lang='lat' dir='ltr'>bat:</span> <span class='ocrx_word' id='word_1_457' title='bbox 1782 1913 1830 1951; x_wconf 87' lang='lat' dir='ltr'>ut</span> <span class='ocrx_word' id='word_1_458' title='bbox 1851 1907 2036 1959; x_wconf 83' lang='lat' dir='ltr'>Annam,</span> <span class='ocrx_word' id='word_1_459' title='bbox 2070 1907 2128 1950; x_wconf 88' lang='lat' dir='ltr'>mi</span> <span class='ocrx_word' id='word_1_460' title='bbox 2160 1906 2311 1959; x_wconf 89' lang='lat' dir='ltr'>frater,</span> <span class='ocrx_word' id='word_1_461' title='bbox 2353 1915 2488 1960; x_wconf 87' lang='lat' dir='ltr'>tuam,</span> <span class='ocrx_word' id='word_1_462' title='bbox 2515 1907 2571 1951; x_wconf 89' lang='lat' dir='ltr'>ab</span> <span class='ocrx_word' id='word_1_463' title='bbox 2598 1907 2690 1960; x_wconf 86' lang='lat' dir='ltr'>his,</span> <span class='ocrx_word' id='word_1_464' title='bbox 2713 1920 2810 1965; x_wconf 79' lang='lat' dir='ltr'>qnae</span> 
     </span>
     <span class='ocr_line' id='line_1_63' title="bbox 1635 1968 2855 2044; baseline 0 -20"><span class='ocrx_word' id='word_1_465' title='bbox 1635 1980 2024 2025; x_wconf 85' lang='lat' dir='ltr'>sanctificationem</span> <span class='ocrx_word' id='word_1_466' title='bbox 2059 1981 2217 2024; x_wconf 88' lang='lat' dir='ltr'>mentis</span> <span class='ocrx_word' id='word_1_467' title='bbox 2242 1986 2328 2025; x_wconf 84' lang='lat' dir='ltr'>tuae</span> <span class='ocrx_word' id='word_1_468' title='bbox 2361 1986 2405 2025; x_wconf 88' lang='lat' dir='ltr'>et</span> <span class='ocrx_word' id='word_1_469' title='bbox 2427 1981 2623 2038; x_wconf 87' lang='lat' dir='ltr'>corporis</span> <span class='ocrx_word' id='word_1_470' title='bbox 2651 1968 2855 2044; x_wconf 61' lang='lat' dir='ltr'>pertines¹</span> 
     </span>
     <span class='ocr_line' id='line_1_64' title="bbox 1635 2053 2877 2111; baseline -0.002 -13"><span class='ocrx_word' id='word_1_471' title='bbox 1635 2066 1717 2099; x_wconf 86' lang='lat' dir='ltr'>nec</span> <span class='ocrx_word' id='word_1_472' title='bbox 1738 2054 2005 2111; x_wconf 81' lang='lat' dir='ltr'>prosperitas</span> <span class='ocrx_word' id='word_1_473' title='bbox 2022 2054 2216 2098; x_wconf 88' lang='lat' dir='ltr'>retrahat</span> <span class='ocrx_word' id='word_1_474' title='bbox 2240 2054 2517 2102; x_wconf 80' lang='lat' dir='ltr'>dissolutam,</span> <span class='ocrx_word' id='word_1_475' title='bbox 2545 2066 2626 2099; x_wconf 86' lang='lat' dir='ltr'>nee</span> <span class='ocrx_word' id='word_1_476' title='bbox 2648 2053 2833 2100; x_wconf 79' lang='lat' dir='ltr'>adversit</span> <span class='ocrx_word' id='word_1_477' title='bbox 2851 2054 2854 2058; x_wconf 83' lang='lat'>&#39;</span> <span class='ocrx_word' id='word_1_478' title='bbox 2875 2061 2877 2111; x_wconf 46' lang='grc'>]</span> 
     </span>
     <span class='ocr_line' id='line_1_65' title="bbox 1637 2126 2840 2178; baseline 0.001 -8"><span class='ocrx_word' id='word_1_479' title='bbox 1637 2128 1867 2172; x_wconf 79' lang='lat' dir='ltr'>turbatam.</span> <span class='ocrx_word' id='word_1_480' title='bbox 1889 2126 2142 2171; x_wconf 83' lang='lat' dir='ltr'>Retrabitur</span> <span class='ocrx_word' id='word_1_481' title='bbox 2165 2132 2309 2172; x_wconf 85' lang='lat' dir='ltr'>autem</span> <span class='ocrx_word' id='word_1_482' title='bbox 2328 2128 2383 2171; x_wconf 90' lang='lat' dir='ltr'>ab</span> <span class='ocrx_word' id='word_1_483' title='bbox 2404 2127 2491 2178; x_wconf 89' lang='lat' dir='ltr'>bis,</span> <span class='ocrx_word' id='word_1_484' title='bbox 2518 2139 2606 2171; x_wconf 91' lang='lat' dir='ltr'>non</span> <span class='ocrx_word' id='word_1_485' title='bbox 2629 2127 2769 2172; x_wconf 86' lang='lat' dir='ltr'>solum</span> <span class='ocrx_word' id='word_1_486' title='bbox 2785 2139 2840 2172; x_wconf 87' lang='lat' dir='ltr'>cu</span> 
     </span>
     <span class='ocr_line' id='line_1_66' title="bbox 1637 2197 2850 2257; baseline 0.001 -15"><span class='ocrx_word' id='word_1_487' title='bbox 1637 2198 1797 2257; x_wconf 85' lang='lat' dir='ltr'>appetit</span> <span class='ocrx_word' id='word_1_488' title='bbox 1814 2198 1990 2251; x_wconf 90' lang='lat' dir='ltr'>malum,</span> <span class='ocrx_word' id='word_1_489' title='bbox 2011 2198 2085 2243; x_wconf 87' lang='lat' dir='ltr'>sed</span> <span class='ocrx_word' id='word_1_490' title='bbox 2109 2204 2268 2243; x_wconf 87' lang='lat' dir='ltr'>etcum</span> <span class='ocrx_word' id='word_1_491' title='bbox 2282 2197 2444 2243; x_wconf 86' lang='lat' dir='ltr'>deserit</span> <span class='ocrx_word' id='word_1_492' title='bbox 2463 2199 2623 2244; x_wconf 88' lang='lat' dir='ltr'>honum</span> <span class='ocrx_word' id='word_1_493' title='bbox 2640 2213 2654 2253; x_wconf 90' lang='lat'>;</span> <span class='ocrx_word' id='word_1_494' title='bbox 2670 2211 2770 2243; x_wconf 90' lang='lat' dir='ltr'>cum</span> <span class='ocrx_word' id='word_1_495' title='bbox 2793 2204 2850 2244; x_wconf 90' lang='lat' dir='ltr'>te</span> 
     </span>
     <span class='ocr_line' id='line_1_67' title="bbox 1637 2272 2839 2328; baseline 0.002 -13"><span class='ocrx_word' id='word_1_496' title='bbox 1637 2274 1753 2316; x_wconf 84' lang='lat' dir='ltr'>tatur</span> <span class='ocrx_word' id='word_1_497' title='bbox 1774 2272 1972 2317; x_wconf 68' lang='lat' dir='ltr'>videlicet</span> <span class='ocrx_word' id='word_1_498' title='bbox 2004 2275 2041 2328; x_wconf 70' lang='lat' dir='ltr'>a}</span> <span class='ocrx_word' id='word_1_499' title='bbox 2062 2272 2415 2328; x_wconf 84' lang='lat' dir='ltr'>concupiscentia</span> <span class='ocrx_word' id='word_1_500' title='bbox 2438 2273 2656 2318; x_wconf 87' lang='lat' dir='ltr'>abstracta</span> <span class='ocrx_word' id='word_1_501' title='bbox 2679 2277 2726 2317; x_wconf 83' lang='lat' dir='ltr'>et</span> <span class='ocrx_word' id='word_1_502' title='bbox 2745 2273 2839 2318; x_wconf 85' lang='lat' dir='ltr'>illec</span> 
     </span>
    </p>
   </div>
   <div class='ocr_carea' id='block_1_13' title="bbox 322 2334 2836 2411">
    <p class='ocr_par' dir='ltr' id='par_1_14' title="bbox 322 2334 2877 2411">
     <span class='ocr_line' id='line_1_68' title="bbox 322 2334 2836 2411; baseline -0.004 -11"><span class='ocrx_word' id='word_1_503' title='bbox 322 2368 447 2400; x_wconf 78' lang='lat' dir='ltr'>mone</span> <span class='ocrx_word' id='word_1_504' title='bbox 468 2354 723 2411; x_wconf 80' lang='lat' dir='ltr'>praecedenti</span> <span class='ocrx_word' id='word_1_505' title='bbox 742 2387 750 2406; x_wconf 94' lang='lat'>,</span> <span class='ocrx_word' id='word_1_506' title='bbox 778 2353 966 2397; x_wconf 86' lang='lat' dir='ltr'>diximus</span> <span class='ocrx_word' id='word_1_507' title='bbox 984 2385 994 2405; x_wconf 86' lang='lat'>,</span> <span class='ocrx_word' id='word_1_508' title='bbox 1027 2353 1188 2396; x_wconf 83' lang='lat' dir='ltr'>vixisse</span> <span class='ocrx_word' id='word_1_509' title='bbox 1226 2352 1437 2397; x_wconf 85' lang='lat' dir='ltr'>asseritur</span> <span class='ocrx_word' id='word_1_510' title='bbox 1457 2363 1554 2395; x_wconf 86' lang='lat' dir='ltr'>cum</span> <span class='ocrx_word' id='word_1_511' title='bbox 1578 2334 1610 2380; x_wconf 79' lang='lat' dir='ltr'>C</span> <span class='ocrx_word' id='word_1_512' title='bbox 1640 2345 1750 2404; x_wconf 73' lang='lat' dir='ltr'>(Iac.</span> <span class='ocrx_word' id='word_1_513' title='bbox 1777 2357 1809 2397; x_wconf 87' lang='lat'>1,</span> <span class='ocrx_word' id='word_1_514' title='bbox 1834 2346 1902 2403; x_wconf 71' lang='grc'>14)</span> <span class='ocrx_word' id='word_1_515' title='bbox 1921 2361 1931 2389; x_wconf 88' lang='lat'>:</span> <span class='ocrx_word' id='word_1_516' title='bbox 1959 2346 2175 2390; x_wconf 87' lang='lat' dir='ltr'>abstracta</span> <span class='ocrx_word' id='word_1_517' title='bbox 2197 2359 2221 2389; x_wconf 89' lang='lat' dir='ltr'>a</span> <span class='ocrx_word' id='word_1_518' title='bbox 2244 2346 2374 2398; x_wconf 86' lang='lat' dir='ltr'>bono,</span> <span class='ocrx_word' id='word_1_519' title='bbox 2397 2351 2441 2391; x_wconf 85' lang='lat' dir='ltr'>et</span> <span class='ocrx_word' id='word_1_520' title='bbox 2464 2346 2608 2390; x_wconf 80' lang='lat' dir='ltr'>illecta</span> <span class='ocrx_word' id='word_1_521' title='bbox 2629 2345 2683 2390; x_wconf 85' lang='lat' dir='ltr'>ad</span> <span class='ocrx_word' id='word_1_522' title='bbox 2705 2343 2836 2390; x_wconf 85' lang='lat' dir='ltr'>malui</span> 
     </span>
    </p>
   </div>
   <div class='ocr_carea' id='block_1_14' title="bbox 315 2423 1558 4433">
    <p class='ocr_par' dir='ltr' id='par_1_15' title="bbox 315 2423 1558 4151">
     <span class='ocr_line' id='line_1_69' title="bbox 320 2423 1554 2483; baseline -0.002 -12"><span class='ocrx_word' id='word_1_523' title='bbox 320 2429 415 2471; x_wconf 76' lang='lat' dir='ltr'>viro</span> <span class='ocrx_word' id='word_1_524' title='bbox 434 2439 511 2472; x_wconf 86' lang='lat' dir='ltr'>suo</span> <span class='ocrx_word' id='word_1_525' title='bbox 528 2428 652 2471; x_wconf 88' lang='lat' dir='ltr'>annis</span> <span class='ocrx_word' id='word_1_526' title='bbox 669 2433 830 2483; x_wconf 78' lang='lat' dir='ltr'>septem</span> <span class='ocrx_word' id='word_1_527' title='bbox 849 2438 870 2468; x_wconf 89' lang='lat' dir='ltr'>a</span> <span class='ocrx_word' id='word_1_528' title='bbox 891 2425 1137 2482; x_wconf 67' lang='lat' dir='ltr'>virginitate</span> <span class='ocrx_word' id='word_1_529' title='bbox 1157 2437 1234 2470; x_wconf 90' lang='lat' dir='ltr'>sua</span> <span class='ocrx_word' id='word_1_530' title='bbox 1248 2423 1364 2482; x_wconf 84' lang='lat' dir='ltr'>(Luc.</span> <span class='ocrx_word' id='word_1_531' title='bbox 1391 2436 1440 2476; x_wconf 86' lang='lat' dir='ltr'>ii,</span> <span class='ocrx_word' id='word_1_532' title='bbox 1467 2423 1554 2480; x_wconf 78' lang='lat'>56).</span> 
     </span>
     <span class='ocr_line' id='line_1_70' title="bbox 322 2493 1558 2561; baseline -0.004 -19"><span class='ocrx_word' id='word_1_533' title='bbox 322 2500 434 2552; x_wconf 88' lang='lat' dir='ltr'>Quid</span> <span class='ocrx_word' id='word_1_534' title='bbox 455 2500 702 2555; x_wconf 77' lang='lat' dir='ltr'>autem-ipsa</span> <span class='ocrx_word' id='word_1_535' title='bbox 726 2498 934 2554; x_wconf 71' lang='lat' dir='ltr'>designet,</span> <span class='ocrx_word' id='word_1_536' title='bbox 954 2496 1123 2561; x_wconf 74' lang='lat' dir='ltr'>quidve</span> <span class='ocrx_word' id='word_1_537' title='bbox 1139 2496 1195 2541; x_wconf 86' lang='lat' dir='ltr'>sit</span> <span class='ocrx_word' id='word_1_538' title='bbox 1220 2499 1357 2552; x_wconf 86' lang='lat' dir='ltr'>ipsam</span> <span class='ocrx_word' id='word_1_539' title='bbox 1389 2493 1558 2540; x_wconf 75' lang='lat' dir='ltr'>Annam</span> 
     </span>
     <span class='ocr_line' id='line_1_71' title="bbox 322 2569 1558 2628; baseline -0.002 -13"><span class='ocrx_word' id='word_1_540' title='bbox 322 2572 483 2625; x_wconf 69' lang='lat' dir='ltr'>vocari,</span> <span class='ocrx_word' id='word_1_541' title='bbox 502 2571 659 2628; x_wconf 81' lang='lat' dir='ltr'>quidve</span> <span class='ocrx_word' id='word_1_542' title='bbox 674 2571 995 2628; x_wconf 78' lang='lat' dir='ltr'>prophetissam</span> <span class='ocrx_word' id='word_1_543' title='bbox 1019 2575 1129 2621; x_wconf 84' lang='lat' dir='ltr'>esse,</span> <span class='ocrx_word' id='word_1_544' title='bbox 1154 2569 1257 2626; x_wconf 86' lang='lat' dir='ltr'>quid</span> <span class='ocrx_word' id='word_1_545' title='bbox 1280 2570 1409 2613; x_wconf 79' lang='lat' dir='ltr'>etiam</span> <span class='ocrx_word' id='word_1_546' title='bbox 1430 2569 1558 2612; x_wconf 85' lang='lat' dir='ltr'>anuis</span> 
     </span>
     <span class='ocr_line' id='line_1_72' title="bbox 322 2641 1557 2702; baseline -0.004 -11"><span class='ocrx_word' id='word_1_547' title='bbox 322 2651 483 2702; x_wconf 77' lang='lat' dir='ltr'>septem</span> <span class='ocrx_word' id='word_1_548' title='bbox 506 2657 603 2688; x_wconf 84' lang='lat' dir='ltr'>cum</span> <span class='ocrx_word' id='word_1_549' title='bbox 627 2644 720 2688; x_wconf 84' lang='lat' dir='ltr'>viro</span> <span class='ocrx_word' id='word_1_550' title='bbox 748 2656 825 2688; x_wconf 86' lang='lat' dir='ltr'>suo</span> <span class='ocrx_word' id='word_1_551' title='bbox 852 2643 1033 2688; x_wconf 72' lang='lat' dir='ltr'>iixisse:</span> <span class='ocrx_word' id='word_1_552' title='bbox 1052 2642 1156 2700; x_wconf 88' lang='lat' dir='ltr'>quid</span> <span class='ocrx_word' id='word_1_553' title='bbox 1180 2649 1320 2687; x_wconf 90' lang='lat' dir='ltr'>autem</span> <span class='ocrx_word' id='word_1_554' title='bbox 1341 2655 1478 2700; x_wconf 88' lang='lat' dir='ltr'>usque</span> <span class='ocrx_word' id='word_1_555' title='bbox 1501 2641 1557 2686; x_wconf 88' lang='lat' dir='ltr'>ad</span> 
     </span>
     <span class='ocr_line' id='line_1_73' title="bbox 322 2716 1554 2775; baseline -0.001 -13"><span class='ocrx_word' id='word_1_556' title='bbox 322 2732 459 2762; x_wconf 85' lang='lat' dir='ltr'>annos</span> <span class='ocrx_word' id='word_1_557' title='bbox 499 2719 713 2775; x_wconf 79' lang='lat' dir='ltr'>octoginta</span> <span class='ocrx_word' id='word_1_558' title='bbox 765 2724 951 2774; x_wconf 82' lang='lat' dir='ltr'>quatuor</span> <span class='ocrx_word' id='word_1_559' title='bbox 983 2717 1032 2760; x_wconf 71' lang='lat' dir='ltr'>in</span> <span class='ocrx_word' id='word_1_560' title='bbox 1075 2716 1281 2760; x_wconf 84' lang='lat' dir='ltr'>viduitate</span> <span class='ocrx_word' id='word_1_561' title='bbox 1315 2716 1554 2770; x_wconf 83' lang='lat' dir='ltr'>mansisse;</span> 
     </span>
     <span class='ocr_line' id='line_1_74' title="bbox 319 2790 1555 2848; baseline 0 -14"><span class='ocrx_word' id='word_1_562' title='bbox 319 2791 422 2848; x_wconf 83' lang='lat' dir='ltr'>quid</span> <span class='ocrx_word' id='word_1_563' title='bbox 458 2790 655 2847; x_wconf 73' lang='lat' dir='ltr'>denique,</span> <span class='ocrx_word' id='word_1_564' title='bbox 694 2791 807 2847; x_wconf 89' lang='lat' dir='ltr'>quod</span> <span class='ocrx_word' id='word_1_565' title='bbox 855 2801 965 2847; x_wconf 87' lang='lat' dir='ltr'>pene</span> <span class='ocrx_word' id='word_1_566' title='bbox 1008 2790 1136 2834; x_wconf 88' lang='lat' dir='ltr'>modo</span> <span class='ocrx_word' id='word_1_567' title='bbox 1167 2791 1396 2834; x_wconf 85' lang='lat' dir='ltr'>omiseram</span> <span class='ocrx_word' id='word_1_568' title='bbox 1426 2790 1555 2834; x_wconf 81' lang='lat' dir='ltr'>tiliam</span> 
     </span>
     <span class='ocr_line' id='line_1_75' title="bbox 320 2861 1555 2922; baseline -0.001 -14"><span class='ocrx_word' id='word_1_569' title='bbox 320 2863 405 2908; x_wconf 87' lang='lat' dir='ltr'>diei</span> <span class='ocrx_word' id='word_1_570' title='bbox 437 2862 643 2915; x_wconf 85' lang='lat' dir='ltr'>Phanuel,</span> <span class='ocrx_word' id='word_1_571' title='bbox 684 2870 726 2908; x_wconf 87' lang='lat' dir='ltr'>et</span> <span class='ocrx_word' id='word_1_572' title='bbox 760 2872 859 2907; x_wconf 83' lang='lat' dir='ltr'>esse</span> <span class='ocrx_word' id='word_1_573' title='bbox 890 2861 949 2914; x_wconf 86' lang='lat' dir='ltr'>de</span> <span class='ocrx_word' id='word_1_574' title='bbox 989 2863 1106 2907; x_wconf 81' lang='lat' dir='ltr'>tribu</span> <span class='ocrx_word' id='word_1_575' title='bbox 1141 2861 1275 2922; x_wconf 72' lang='lat' dir='ltr'>Aser,</span> <span class='ocrx_word' id='word_1_576' title='bbox 1307 2869 1351 2907; x_wconf 89' lang='lat' dir='ltr'>et</span> <span class='ocrx_word' id='word_1_577' title='bbox 1379 2863 1422 2907; x_wconf 90' lang='lat' dir='ltr'>in</span> <span class='ocrx_word' id='word_1_578' title='bbox 1463 2862 1555 2907; x_wconf 86' lang='lat' dir='ltr'>die-</span> 
     </span>
     <span class='ocr_line' id='line_1_76' title="bbox 320 2935 1555 2993; baseline 0 -12"><span class='ocrx_word' id='word_1_579' title='bbox 320 2937 401 2981; x_wconf 87' lang='lat' dir='ltr'>bus</span> <span class='ocrx_word' id='word_1_580' title='bbox 426 2937 574 2980; x_wconf 85' lang='lat' dir='ltr'>multis</span> <span class='ocrx_word' id='word_1_581' title='bbox 616 2939 905 2992; x_wconf 86' lang='lat' dir='ltr'>processisse;</span> <span class='ocrx_word' id='word_1_582' title='bbox 926 2935 1065 2988; x_wconf 84' lang='lat' dir='ltr'>iiico,</span> <span class='ocrx_word' id='word_1_583' title='bbox 1097 2938 1172 2993; x_wconf 88' lang='lat' dir='ltr'>qui</span> <span class='ocrx_word' id='word_1_584' title='bbox 1207 2936 1321 2981; x_wconf 88' lang='lat' dir='ltr'>hunc</span> <span class='ocrx_word' id='word_1_585' title='bbox 1359 2935 1555 2992; x_wconf 77' lang='lat' dir='ltr'>proxime</span> 
     </span>
     <span class='ocr_line' id='line_1_77' title="bbox 320 3007 1552 3064; baseline 0.002 -15"><span class='ocrx_word' id='word_1_586' title='bbox 320 3007 554 3064; x_wconf 73' lang='lat' dir='ltr'>praeccssit,</span> <span class='ocrx_word' id='word_1_587' title='bbox 571 3019 784 3057; x_wconf 81' lang='lat' dir='ltr'>sermone,</span> <span class='ocrx_word' id='word_1_588' title='bbox 801 3012 929 3062; x_wconf 86' lang='lat' dir='ltr'>prout</span> <span class='ocrx_word' id='word_1_589' title='bbox 946 3013 1047 3050; x_wconf 85' lang='lat' dir='ltr'>tunc</span> <span class='ocrx_word' id='word_1_590' title='bbox 1063 3020 1292 3053; x_wconf 80' lang='lat' dir='ltr'>occurrere</span> <span class='ocrx_word' id='word_1_591' title='bbox 1309 3008 1463 3064; x_wconf 87' lang='lat' dir='ltr'>potuit,</span> <span class='ocrx_word' id='word_1_592' title='bbox 1478 3020 1552 3052; x_wconf 85' lang='lat' dir='ltr'>os·</span> 
     </span>
     <span class='ocr_line' id='line_1_78' title="bbox 318 3078 1553 3135; baseline 0.002 -12"><span class='ocrx_word' id='word_1_593' title='bbox 318 3081 534 3124; x_wconf 86' lang='lat' dir='ltr'>tendimus</span> <span class='ocrx_word' id='word_1_594' title='bbox 556 3081 691 3124; x_wconf 86' lang='lat' dir='ltr'>vobis.</span> <span class='ocrx_word' id='word_1_595' title='bbox 715 3078 838 3135; x_wconf 63' lang='lat' dir='ltr'>‚Quid</span> <span class='ocrx_word' id='word_1_596' title='bbox 873 3092 975 3124; x_wconf 73' lang='lat' dir='ltr'>vcro</span> <span class='ocrx_word' id='word_1_597' title='bbox 996 3081 1136 3124; x_wconf 83' lang='lat' dir='ltr'>visum</span> <span class='ocrx_word' id='word_1_598' title='bbox 1172 3081 1228 3125; x_wconf 89' lang='lat' dir='ltr'>sit</span> <span class='ocrx_word' id='word_1_599' title='bbox 1251 3081 1376 3125; x_wconf 89' lang='lat' dir='ltr'>nobis</span> <span class='ocrx_word' id='word_1_600' title='bbox 1401 3081 1553 3125; x_wconf 85' lang='lat' dir='ltr'>debere</span> 
     </span>
     <span class='ocr_line' id='line_1_79' title="bbox 319 3150 1550 3208; baseline 0 -14"><span class='ocrx_word' id='word_1_601' title='bbox 319 3152 471 3207; x_wconf 87' lang='lat' dir='ltr'>accipi,</span> <span class='ocrx_word' id='word_1_602' title='bbox 498 3150 611 3207; x_wconf 86' lang='lat' dir='ltr'>quod</span> <span class='ocrx_word' id='word_1_603' title='bbox 628 3164 651 3194; x_wconf 89' lang='lat' dir='ltr'>a</span> <span class='ocrx_word' id='word_1_604' title='bbox 667 3150 912 3208; x_wconf 80' lang='lat' dir='ltr'>virginitate</span> <span class='ocrx_word' id='word_1_605' title='bbox 935 3163 1010 3194; x_wconf 91' lang='lat' dir='ltr'>sua</span> <span class='ocrx_word' id='word_1_606' title='bbox 1028 3156 1089 3195; x_wconf 91' lang='lat' dir='ltr'>tot</span> <span class='ocrx_word' id='word_1_607' title='bbox 1104 3151 1229 3195; x_wconf 86' lang='lat' dir='ltr'>aunis</span> <span class='ocrx_word' id='word_1_608' title='bbox 1243 3164 1341 3195; x_wconf 91' lang='lat' dir='ltr'>cum</span> <span class='ocrx_word' id='word_1_609' title='bbox 1361 3151 1453 3196; x_wconf 77' lang='lat' dir='ltr'>viro</span> <span class='ocrx_word' id='word_1_610' title='bbox 1470 3164 1550 3195; x_wconf 89' lang='lat' dir='ltr'>suo</span> 
     </span>
     <span class='ocr_line' id='line_1_80' title="bbox 318 3223 1549 3280; baseline -0.001 -12"><span class='ocrx_word' id='word_1_611' title='bbox 318 3227 488 3275; x_wconf 63' lang='lat' dir='ltr'>tinen-it,</span> <span class='ocrx_word' id='word_1_612' title='bbox 513 3224 614 3280; x_wconf 88' lang='lat' dir='ltr'>quid</span> <span class='ocrx_word' id='word_1_613' title='bbox 630 3226 755 3269; x_wconf 84' lang='lat' dir='ltr'>etiam</span> <span class='ocrx_word' id='word_1_614' title='bbox 780 3224 892 3280; x_wconf 81' lang='lat' dir='ltr'>quod</span> <span class='ocrx_word' id='word_1_615' title='bbox 919 3223 971 3267; x_wconf 89' lang='lat' dir='ltr'>de</span> <span class='ocrx_word' id='word_1_616' title='bbox 994 3225 1151 3280; x_wconf 87' lang='lat' dir='ltr'>templo</span> <span class='ocrx_word' id='word_1_617' title='bbox 1173 3237 1260 3267; x_wconf 87' lang='lat' dir='ltr'>non</span> <span class='ocrx_word' id='word_1_618' title='bbox 1286 3225 1549 3278; x_wconf 84' lang='lat' dir='ltr'>discesserit,</span> 
     </span>
     <span class='ocr_line' id='line_1_81' title="bbox 315 3295 1551 3352; baseline 0.001 -13"><span class='ocrx_word' id='word_1_619' title='bbox 315 3296 549 3352; x_wconf 81' lang='lat' dir='ltr'>jcjiinaiido</span> <span class='ocrx_word' id='word_1_620' title='bbox 574 3302 614 3340; x_wconf 89' lang='lat' dir='ltr'>et</span> <span class='ocrx_word' id='word_1_621' title='bbox 630 3297 793 3340; x_wconf 85' lang='lat' dir='ltr'>orando</span> <span class='ocrx_word' id='word_1_622' title='bbox 816 3295 1008 3341; x_wconf 81' lang='lat' dir='ltr'>serviens</span> <span class='ocrx_word' id='word_1_623' title='bbox 1026 3302 1152 3340; x_wconf 89' lang='lat' dir='ltr'>nocte</span> <span class='ocrx_word' id='word_1_624' title='bbox 1171 3303 1213 3340; x_wconf 86' lang='lat' dir='ltr'>et</span> <span class='ocrx_word' id='word_1_625' title='bbox 1236 3297 1329 3346; x_wconf 87' lang='lat' dir='ltr'>die,</span> <span class='ocrx_word' id='word_1_626' title='bbox 1349 3298 1393 3340; x_wconf 89' lang='lat' dir='ltr'>in</span> <span class='ocrx_word' id='word_1_627' title='bbox 1420 3298 1551 3341; x_wconf 87' lang='lat' dir='ltr'>istum</span> 
     </span>
     <span class='ocr_line' id='line_1_82' title="bbox 318 3369 1551 3426; baseline 0.002 -15"><span class='ocrx_word' id='word_1_628' title='bbox 318 3370 580 3420; x_wconf 83' lang='lat' dir='ltr'>distulimus,</span> <span class='ocrx_word' id='word_1_629' title='bbox 610 3382 737 3426; x_wconf 86' lang='lat' dir='ltr'>quem</span> <span class='ocrx_word' id='word_1_630' title='bbox 767 3369 894 3413; x_wconf 87' lang='lat' dir='ltr'>inodo</span> <span class='ocrx_word' id='word_1_631' title='bbox 923 3370 967 3414; x_wconf 91' lang='lat' dir='ltr'>in</span> <span class='ocrx_word' id='word_1_632' title='bbox 1000 3371 1201 3415; x_wconf 87' lang='lat' dir='ltr'>manibus</span> <span class='ocrx_word' id='word_1_633' title='bbox 1235 3370 1459 3418; x_wconf 67' lang='lat' dir='ltr'>habemus.</span> <span class='ocrx_word' id='word_1_634' title='bbox 1500 3371 1551 3414; x_wconf 78' lang='lat' dir='ltr'>Et</span> 
     </span>
     <span class='ocr_line' id='line_1_83' title="bbox 316 3442 1547 3502; baseline 0.004 -18"><span class='ocrx_word' id='word_1_635' title='bbox 316 3442 403 3497; x_wconf 81' lang='lat' dir='ltr'>jam</span> <span class='ocrx_word' id='word_1_636' title='bbox 427 3443 596 3498; x_wconf 87' lang='lat' dir='ltr'>quidem</span> <span class='ocrx_word' id='word_1_637' title='bbox 615 3450 783 3500; x_wconf 89' lang='lat' dir='ltr'>tempus</span> <span class='ocrx_word' id='word_1_638' title='bbox 805 3448 886 3495; x_wconf 87' lang='lat' dir='ltr'>est,</span> <span class='ocrx_word' id='word_1_639' title='bbox 914 3449 959 3487; x_wconf 91' lang='lat' dir='ltr'>ut</span> <span class='ocrx_word' id='word_1_640' title='bbox 988 3444 1102 3500; x_wconf 90' lang='lat' dir='ltr'>quod</span> <span class='ocrx_word' id='word_1_641' title='bbox 1124 3452 1226 3488; x_wconf 87' lang='lat' dir='ltr'>tunc</span> <span class='ocrx_word' id='word_1_642' title='bbox 1255 3446 1547 3502; x_wconf 83' lang='lat' dir='ltr'>promisimus,</span> 
     </span>
     <span class='ocr_line' id='line_1_84' title="bbox 321 3515 1550 3575; baseline 0.005 -19"><span class='ocrx_word' id='word_1_643' title='bbox 321 3527 395 3570; x_wconf 78' lang='lat' dir='ltr'>pro</span> <span class='ocrx_word' id='word_1_644' title='bbox 420 3528 562 3571; x_wconf 80' lang='lat' dir='ltr'>posse,</span> <span class='ocrx_word' id='word_1_645' title='bbox 585 3515 711 3561; x_wconf 88' lang='lat' dir='ltr'>modo</span> <span class='ocrx_word' id='word_1_646' title='bbox 746 3515 914 3560; x_wconf 86' lang='lat' dir='ltr'>solvere</span> <span class='ocrx_word' id='word_1_647' title='bbox 952 3516 1266 3574; x_wconf 78' lang='lat' dir='ltr'>aggrediamur.</span> <span class='ocrx_word' id='word_1_648' title='bbox 1299 3517 1412 3571; x_wconf 86' lang='lat' dir='ltr'>Quid</span> <span class='ocrx_word' id='word_1_649' title='bbox 1450 3531 1550 3575; x_wconf 73' lang='lat' dir='ltr'>crgo</span> 
     </span>
     <span class='ocr_line' id='line_1_85' title="bbox 318 3588 1552 3647; baseline 0.005 -17"><span class='ocrx_word' id='word_1_650' title='bbox 318 3599 393 3642; x_wconf 87' lang='lat' dir='ltr'>pei·</span> <span class='ocrx_word' id='word_1_651' title='bbox 416 3588 493 3632; x_wconf 80' lang='lat' dir='ltr'>hoc</span> <span class='ocrx_word' id='word_1_652' title='bbox 510 3594 708 3645; x_wconf 90' lang='lat' dir='ltr'>putamus</span> <span class='ocrx_word' id='word_1_653' title='bbox 739 3589 864 3633; x_wconf 86' lang='lat' dir='ltr'>nobis</span> <span class='ocrx_word' id='word_1_654' title='bbox 891 3601 1017 3646; x_wconf 89' lang='lat' dir='ltr'>posse</span> <span class='ocrx_word' id='word_1_655' title='bbox 1040 3590 1177 3642; x_wconf 89' lang='lat' dir='ltr'>innui,</span> <span class='ocrx_word' id='word_1_656' title='bbox 1197 3591 1314 3647; x_wconf 84' lang='lat' dir='ltr'>quod</span> <span class='ocrx_word' id='word_1_657' title='bbox 1333 3591 1457 3636; x_wconf 86' lang='lat' dir='ltr'>annis</span> <span class='ocrx_word' id='word_1_658' title='bbox 1483 3605 1552 3636; x_wconf 89' lang='lat' dir='ltr'>se-</span> 
     </span>
     <span class='ocr_line' id='line_1_86' title="bbox 318 3662 1549 3720; baseline 0.005 -17"><span class='ocrx_word' id='word_1_659' title='bbox 318 3667 432 3715; x_wconf 86' lang='lat' dir='ltr'>ptem</span> <span class='ocrx_word' id='word_1_660' title='bbox 453 3662 552 3705; x_wconf 67' lang='lat' dir='ltr'>vixit</span> <span class='ocrx_word' id='word_1_661' title='bbox 580 3673 677 3707; x_wconf 88' lang='lat' dir='ltr'>cum</span> <span class='ocrx_word' id='word_1_662' title='bbox 697 3663 790 3706; x_wconf 80' lang='lat' dir='ltr'>viro</span> <span class='ocrx_word' id='word_1_663' title='bbox 813 3674 892 3707; x_wconf 93' lang='lat' dir='ltr'>suo</span> <span class='ocrx_word' id='word_1_664' title='bbox 914 3674 938 3705; x_wconf 91' lang='lat' dir='ltr'>a</span> <span class='ocrx_word' id='word_1_665' title='bbox 970 3662 1214 3720; x_wconf 74' lang='lat' dir='ltr'>virginitate</span> <span class='ocrx_word' id='word_1_666' title='bbox 1238 3677 1332 3716; x_wconf 89' lang='lat' dir='ltr'>sua,</span> <span class='ocrx_word' id='word_1_667' title='bbox 1359 3665 1444 3709; x_wconf 88' lang='lat' dir='ltr'>nisi</span> <span class='ocrx_word' id='word_1_668' title='bbox 1469 3666 1549 3709; x_wconf 82' lang='lat' dir='ltr'>hoc</span> 
     </span>
     <span class='ocr_line' id='line_1_87' title="bbox 319 3732 1548 3790; baseline 0.004 -17"><span class='ocrx_word' id='word_1_669' title='bbox 319 3732 433 3784; x_wconf 79' lang='lat' dir='ltr'>quod</span> <span class='ocrx_word' id='word_1_670' title='bbox 450 3739 638 3786; x_wconf 82' lang='lat' dir='ltr'>quotidie</span> <span class='ocrx_word' id='word_1_671' title='bbox 654 3732 871 3786; x_wconf 78' lang='lat' dir='ltr'>videmus3</span> <span class='ocrx_word' id='word_1_672' title='bbox 894 3732 995 3790; x_wconf 82' lang='lat' dir='ltr'>quia</span> <span class='ocrx_word' id='word_1_673' title='bbox 1016 3734 1269 3790; x_wconf 84' lang='lat' dir='ltr'>priusquam</span> <span class='ocrx_word' id='word_1_674' title='bbox 1293 3735 1394 3780; x_wconf 81' lang='lat' dir='ltr'>huic</span> <span class='ocrx_word' id='word_1_675' title='bbox 1415 3737 1548 3779; x_wconf 86' lang='lat' dir='ltr'>inter—</span> 
     </span>
     <span class='ocr_line' id='line_1_88' title="bbox 321 3804 1548 3865; baseline 0.005 -21"><span class='ocrx_word' id='word_1_676' title='bbox 321 3815 385 3844; x_wconf 85' lang='lat' dir='ltr'>nae</span> <span class='ocrx_word' id='word_1_677' title='bbox 405 3804 551 3845; x_wconf 77' lang='lat' dir='ltr'>virtuti</span> <span class='ocrx_word' id='word_1_678' title='bbox 571 3805 611 3847; x_wconf 89' lang='lat' dir='ltr'>in</span> <span class='ocrx_word' id='word_1_679' title='bbox 634 3805 775 3847; x_wconf 85' lang='lat' dir='ltr'>stabili</span> <span class='ocrx_word' id='word_1_680' title='bbox 801 3806 1003 3860; x_wconf 84' lang='lat' dir='ltr'>puritate,</span> <span class='ocrx_word' id='word_1_681' title='bbox 1028 3813 1208 3851; x_wconf 78' lang='lat' dir='ltr'>vocante</span> <span class='ocrx_word' id='word_1_682' title='bbox 1227 3807 1390 3864; x_wconf 74' lang='lat' dir='ltr'>Spiritu</span> <span class='ocrx_word' id='word_1_683' title='bbox 1416 3809 1548 3865; x_wconf 77' lang='lat' dir='ltr'>septi-</span> 
     </span>
     <span class='ocr_line' id='line_1_89' title="bbox 322 3876 1548 3933; baseline 0.007 -17"><span class='ocrx_word' id='word_1_684' title='bbox 322 3876 461 3928; x_wconf 83' lang='lat' dir='ltr'>formi,</span> <span class='ocrx_word' id='word_1_685' title='bbox 487 3877 627 3918; x_wconf 87' lang='lat' dir='ltr'>anima</span> <span class='ocrx_word' id='word_1_686' title='bbox 650 3877 948 3933; x_wconf 81' lang='lat' dir='ltr'>conjungatur,</span> <span class='ocrx_word' id='word_1_687' title='bbox 979 3879 1196 3923; x_wconf 87' lang='lat' dir='ltr'>otiositate</span> <span class='ocrx_word' id='word_1_688' title='bbox 1218 3882 1372 3933; x_wconf 87' lang='lat' dir='ltr'>sterili,</span> <span class='ocrx_word' id='word_1_689' title='bbox 1398 3887 1439 3925; x_wconf 88' lang='lat' dir='ltr'>et</span> <span class='ocrx_word' id='word_1_690' title='bbox 1463 3889 1548 3924; x_wconf 86' lang='lat' dir='ltr'>ste-</span> 
     </span>
     <span class='ocr_line' id='line_1_90' title="bbox 321 3947 1547 4008; baseline 0.007 -21"><span class='ocrx_word' id='word_1_691' title='bbox 321 3947 476 3991; x_wconf 87' lang='lat' dir='ltr'>rilitate</span> <span class='ocrx_word' id='word_1_692' title='bbox 495 3948 617 4002; x_wconf 76' lang='lat'>172</span> <span class='ocrx_word' id='word_1_693' title='bbox 635 3948 771 3992; x_wconf 84' lang='lat' dir='ltr'>otiosa</span> <span class='ocrx_word' id='word_1_694' title='bbox 786 3950 972 3992; x_wconf 83' lang='lat' dir='ltr'>marcet?</span> <span class='ocrx_word' id='word_1_695' title='bbox 987 3948 1221 4006; x_wconf 81' lang='lat' dir='ltr'>Virginitas</span> <span class='ocrx_word' id='word_1_696' title='bbox 1237 3965 1421 4008; x_wconf 86' lang='lat' dir='ltr'>namque</span> <span class='ocrx_word' id='word_1_697' title='bbox 1436 3953 1547 3996; x_wconf 88' lang='lat' dir='ltr'>sicut</span> 
     </span>
     <span class='ocr_line' id='line_1_91' title="bbox 321 4019 1546 4075; baseline 0.007 -15"><span class='ocrx_word' id='word_1_698' title='bbox 321 4030 472 4072; x_wconf 80' lang='lat' dir='ltr'>inagna</span> <span class='ocrx_word' id='word_1_699' title='bbox 499 4019 702 4060; x_wconf 82' lang='lat' dir='ltr'>munditia</span> <span class='ocrx_word' id='word_1_700' title='bbox 723 4026 763 4062; x_wconf 85' lang='lat' dir='ltr'>ct</span> <span class='ocrx_word' id='word_1_701' title='bbox 787 4021 949 4075; x_wconf 85' lang='lat' dir='ltr'>puritas</span> <span class='ocrx_word' id='word_1_702' title='bbox 975 4028 1041 4065; x_wconf 88' lang='lat' dir='ltr'>est</span> <span class='ocrx_word' id='word_1_703' title='bbox 1056 4054 1066 4073; x_wconf 93' lang='lat'>,</span> <span class='ocrx_word' id='word_1_704' title='bbox 1088 4023 1132 4066; x_wconf 90' lang='lat' dir='ltr'>in</span> <span class='ocrx_word' id='word_1_705' title='bbox 1150 4023 1229 4067; x_wconf 82' lang='lat' dir='ltr'>hac</span> <span class='ocrx_word' id='word_1_706' title='bbox 1252 4025 1424 4068; x_wconf 89' lang='lat' dir='ltr'>mortali</span> <span class='ocrx_word' id='word_1_707' title='bbox 1450 4037 1546 4068; x_wconf 89' lang='lat' dir='ltr'>car-</span> 
     </span>
     <span class='ocr_line' id='line_1_92' title="bbox 322 4090 1424 4151; baseline 0.007 -19"><span class='ocrx_word' id='word_1_708' title='bbox 322 4101 398 4138; x_wconf 91' lang='lat' dir='ltr'>nc‚</span> <span class='ocrx_word' id='word_1_709' title='bbox 423 4090 483 4131; x_wconf 84' lang='lat' dir='ltr'>sic</span> <span class='ocrx_word' id='word_1_710' title='bbox 503 4095 544 4130; x_wconf 78' lang='lat' dir='ltr'>et</span> <span class='ocrx_word' id='word_1_711' title='bbox 562 4090 827 4133; x_wconf 85' lang='lat' dir='ltr'>sterilitatem</span> <span class='ocrx_word' id='word_1_712' title='bbox 855 4092 1005 4135; x_wconf 82' lang='lat' dir='ltr'>animae</span> <span class='ocrx_word' id='word_1_713' title='bbox 1023 4099 1165 4148; x_wconf 87' lang='lat' dir='ltr'>potest</span> <span class='ocrx_word' id='word_1_714' title='bbox 1185 4094 1424 4151; x_wconf 86' lang='lat' dir='ltr'>designare.</span> 
     </span>
    </p>

    <p class='ocr_par' dir='ltr' id='par_1_16' title="bbox 318 4156 1546 4433">
     <span class='ocr_line' id='line_1_93' title="bbox 372 4156 1546 4222; baseline 0.01 -23"><span class='ocrx_word' id='word_1_715' title='bbox 372 4156 421 4199; x_wconf 88' lang='lat' dir='ltr'>tl.</span> <span class='ocrx_word' id='word_1_716' title='bbox 441 4158 587 4201; x_wconf 89' lang='lat' dir='ltr'>Nonne</span> <span class='ocrx_word' id='word_1_717' title='bbox 610 4159 708 4201; x_wconf 84' lang='lat' dir='ltr'>huic</span> <span class='ocrx_word' id='word_1_718' title='bbox 727 4160 914 4214; x_wconf 88' lang='lat' dir='ltr'>adaptari</span> <span class='ocrx_word' id='word_1_719' title='bbox 936 4164 1079 4207; x_wconf 89' lang='lat' dir='ltr'>sensui</span> <span class='ocrx_word' id='word_1_720' title='bbox 1099 4171 1255 4220; x_wconf 86' lang='lat' dir='ltr'>potest,</span> <span class='ocrx_word' id='word_1_721' title='bbox 1274 4166 1388 4222; x_wconf 90' lang='lat' dir='ltr'>quod</span> <span class='ocrx_word' id='word_1_722' title='bbox 1414 4166 1457 4210; x_wconf 85' lang='lat' dir='ltr'>in</span> <span class='ocrx_word' id='word_1_723' title='bbox 1474 4180 1546 4211; x_wconf 75' lang='lat' dir='ltr'>ve-</span> 
     </span>
     <span class='ocr_line' id='line_1_94' title="bbox 320 4229 1540 4293; baseline 0.008 -22"><span class='ocrx_word' id='word_1_724' title='bbox 320 4229 407 4271; x_wconf 81' lang='lat' dir='ltr'>raci</span> <span class='ocrx_word' id='word_1_725' title='bbox 428 4230 498 4272; x_wconf 87' lang='lat' dir='ltr'>illa</span> <span class='ocrx_word' id='word_1_726' title='bbox 522 4229 695 4274; x_wconf 86' lang='lat' dir='ltr'>historia</span> <span class='ocrx_word' id='word_1_727' title='bbox 726 4230 920 4284; x_wconf 84' lang='lat' dir='ltr'>legimus,</span> <span class='ocrx_word' id='word_1_728' title='bbox 949 4233 991 4275; x_wconf 92' lang='lat' dir='ltr'>in</span> <span class='ocrx_word' id='word_1_729' title='bbox 1029 4247 1110 4288; x_wconf 82' lang='lat' dir='ltr'>qua</span> <span class='ocrx_word' id='word_1_730' title='bbox 1149 4235 1389 4282; x_wconf 62' lang='lat' dir='ltr'>invenimus</span> <span class='ocrx_word' id='word_1_731' title='bbox 1412 4238 1540 4293; x_wconf 86' lang='lat' dir='ltr'>quod,</span> 
     </span>
     <span class='ocr_line' id='line_1_95' title="bbox 318 4299 1541 4363; baseline 0.009 -24"><span class='ocrx_word' id='word_1_732' title='bbox 318 4309 415 4340; x_wconf 87' lang='lat' dir='ltr'>cum</span> <span class='ocrx_word' id='word_1_733' title='bbox 446 4306 559 4342; x_wconf 84' lang='lat' dir='ltr'>essct</span> <span class='ocrx_word' id='word_1_734' title='bbox 615 4299 871 4342; x_wconf 86' lang='lat' dir='ltr'>immolanda</span> <span class='ocrx_word' id='word_1_735' title='bbox 912 4300 994 4343; x_wconf 82' lang='lat' dir='ltr'>filia</span> <span class='ocrx_word' id='word_1_736' title='bbox 1034 4302 1199 4359; x_wconf 73' lang='lat' dir='ltr'>sophie,</span> <span class='ocrx_word' id='word_1_737' title='bbox 1253 4307 1541 4363; x_wconf 81' lang='lat' dir='ltr'>virginitatem</span> 
     </span>
     <span class='ocr_line' id='line_1_96' title="bbox 321 4370 1543 4433; baseline 0.007 -18"><span class='ocrx_word' id='word_1_738' title='bbox 321 4381 441 4415; x_wconf 78' lang='lat' dir='ltr'>suam</span> <span class='ocrx_word' id='word_1_739' title='bbox 474 4370 666 4415; x_wconf 76' lang='lat' dir='ltr'>deflevit?</span> <span class='ocrx_word' id='word_1_740' title='bbox 687 4371 830 4428; x_wconf 78' lang='lat' dir='ltr'>(Ephe.</span> <span class='ocrx_word' id='word_1_741' title='bbox 849 4385 907 4425; x_wconf 72' lang='lat' dir='ltr'>ri,</span> <span class='ocrx_word' id='word_1_742' title='bbox 932 4375 1016 4431; x_wconf 53' lang='lat'>17.)</span> <span class='ocrx_word' id='word_1_743' title='bbox 1044 4377 1161 4428; x_wconf 80' lang='lat' dir='ltr'>Quod</span> <span class='ocrx_word' id='word_1_744' title='bbox 1190 4379 1290 4433; x_wconf 82' lang='lat' dir='ltr'>quid</span> <span class='ocrx_word' id='word_1_745' title='bbox 1329 4386 1392 4424; x_wconf 88' lang='lat' dir='ltr'>est</span> <span class='ocrx_word' id='word_1_746' title='bbox 1428 4380 1543 4424; x_wconf 85' lang='lat' dir='ltr'>aliud</span> 
     </span>
    </p>
   </div>
   <div class='ocr_carea' id='block_1_15' title="bbox 1630 2419 2877 3358">
    <p class='ocr_par' dir='ltr' id='par_1_17' title="bbox 1630 2419 2877 3358">
     <span class='ocr_line' id='line_1_97' title="bbox 1640 2419 2877 2478; baseline -0.002 -15"><span class='ocrx_word' id='word_1_747' title='bbox 1640 2419 1695 2463; x_wconf 90' lang='lat' dir='ltr'>ab</span> <span class='ocrx_word' id='word_1_748' title='bbox 1716 2420 1787 2463; x_wconf 83' lang='lat' dir='ltr'>illo</span> <span class='ocrx_word' id='word_1_749' title='bbox 1813 2419 2025 2463; x_wconf 87' lang='lat' dir='ltr'>abstrahit</span> <span class='ocrx_word' id='word_1_750' title='bbox 2045 2419 2161 2463; x_wconf 86' lang='lat' dir='ltr'>illam</span> <span class='ocrx_word' id='word_1_751' title='bbox 2185 2419 2363 2464; x_wconf 85' lang='lat' dir='ltr'>claritas</span> <span class='ocrx_word' id='word_1_752' title='bbox 2386 2419 2706 2477; x_wconf 83' lang='lat' dir='ltr'>prosperitatis,</span> <span class='ocrx_word' id='word_1_753' title='bbox 2731 2420 2785 2464; x_wconf 88' lang='lat' dir='ltr'>ad</span> <span class='ocrx_word' id='word_1_754' title='bbox 2803 2420 2850 2465; x_wconf 74' lang='lat' dir='ltr'>h·</span> <span class='ocrx_word' id='word_1_755' title='bbox 2876 2474 2877 2478; x_wconf 10' lang='grc' dir='ltr'><strong>Ἰ</strong></span> 
     </span>
     <span class='ocr_line' id='line_1_98' title="bbox 1639 2492 2876 2542; baseline 0.001 -5"><span class='ocrx_word' id='word_1_756' title='bbox 1639 2505 1742 2537; x_wconf 73' lang='lat' dir='ltr'>vcro</span> <span class='ocrx_word' id='word_1_757' title='bbox 1763 2505 1858 2537; x_wconf 90' lang='lat' dir='ltr'>eam</span> <span class='ocrx_word' id='word_1_758' title='bbox 1884 2493 2005 2536; x_wconf 84' lang='lat' dir='ltr'>illicit</span> <span class='ocrx_word' id='word_1_759' title='bbox 2028 2492 2275 2542; x_wconf 86' lang='lat' dir='ltr'>obscuritas</span> <span class='ocrx_word' id='word_1_760' title='bbox 2293 2492 2588 2538; x_wconf 81' lang='lat' dir='ltr'>adversitatis.</span> <span class='ocrx_word' id='word_1_761' title='bbox 2859 2528 2876 2538; x_wconf 71' lang='lat'><em>.</em></span> 
     </span>
     <span class='ocr_line' id='line_1_99' title="bbox 1693 2552 2877 2623; baseline 0.003 -16"><span class='ocrx_word' id='word_1_762' title='bbox 1693 2566 1763 2610; x_wconf 83' lang='lat' dir='ltr'>nt.</span> <span class='ocrx_word' id='word_1_763' title='bbox 1798 2565 1880 2610; x_wconf 84' lang='lat' dir='ltr'>Sed</span> <span class='ocrx_word' id='word_1_764' title='bbox 1901 2566 2004 2622; x_wconf 87' lang='lat' dir='ltr'>quid</span> <span class='ocrx_word' id='word_1_765' title='bbox 2029 2572 2096 2610; x_wconf 87' lang='lat' dir='ltr'>est</span> <span class='ocrx_word' id='word_1_766' title='bbox 2120 2567 2234 2623; x_wconf 90' lang='lat' dir='ltr'>quod</span> <span class='ocrx_word' id='word_1_767' title='bbox 2257 2567 2470 2612; x_wconf 88' lang='lat' dir='ltr'>asseritur</span> <span class='ocrx_word' id='word_1_768' title='bbox 2503 2579 2591 2611; x_wconf 91' lang='lat' dir='ltr'>non</span> <span class='ocrx_word' id='word_1_769' title='bbox 2627 2567 2849 2613; x_wconf 79' lang='lat' dir='ltr'>discessi</span> <span class='ocrx_word' id='word_1_770' title='bbox 2875 2552 2877 2561; x_wconf 17' lang='grc' dir='ltr'>ἱ</span> 
     </span>
     <span class='ocr_line' id='line_1_100' title="bbox 1639 2639 2836 2698; baseline 0.002 -16"><span class='ocrx_word' id='word_1_771' title='bbox 1639 2651 1661 2682; x_wconf 92' lang='lat' dir='ltr'>a</span> <span class='ocrx_word' id='word_1_772' title='bbox 1679 2639 1868 2695; x_wconf 75' lang='lat' dir='ltr'>templo?</span> <span class='ocrx_word' id='word_1_773' title='bbox 1889 2639 1962 2684; x_wconf 89' lang='lat' dir='ltr'>Sic</span> <span class='ocrx_word' id='word_1_774' title='bbox 1983 2641 2099 2684; x_wconf 89' lang='lat' dir='ltr'>enim</span> <span class='ocrx_word' id='word_1_775' title='bbox 2120 2652 2168 2686; x_wconf 82' lang='lat' dir='ltr'>se</span> <span class='ocrx_word' id='word_1_776' title='bbox 2203 2641 2334 2686; x_wconf 84' lang='lat' dir='ltr'>habet</span> <span class='ocrx_word' id='word_1_777' title='bbox 2366 2641 2458 2698; x_wconf 87' lang='lat' dir='ltr'>ipsa</span> <span class='ocrx_word' id='word_1_778' title='bbox 2498 2641 2635 2686; x_wconf 79' lang='lat' dir='ltr'>series</span> <span class='ocrx_word' id='word_1_779' title='bbox 2654 2642 2836 2686; x_wconf 84' lang='lat' dir='ltr'>verboru</span> 
     </span>
     <span class='ocr_line' id='line_1_101' title="bbox 1637 2712 2848 2774; baseline 0.004 -19"><span class='ocrx_word' id='word_1_780' title='bbox 1637 2712 1987 2769; x_wconf 67' lang='lat' dir='ltr'>praecedentium.</span> <span class='ocrx_word' id='word_1_781' title='bbox 2007 2714 2112 2767; x_wconf 76' lang='lat' dir='ltr'>Qua:</span> <span class='ocrx_word' id='word_1_782' title='bbox 2128 2728 2209 2759; x_wconf 83' lang='lat' dir='ltr'>non</span> <span class='ocrx_word' id='word_1_783' title='bbox 2226 2714 2479 2766; x_wconf 76' lang='lat' dir='ltr'>discedebat,</span> <span class='ocrx_word' id='word_1_784' title='bbox 2498 2716 2559 2759; x_wconf 87' lang='lat' dir='ltr'>ait</span> <span class='ocrx_word' id='word_1_785' title='bbox 2578 2715 2816 2774; x_wconf 82' lang='lat' dir='ltr'>Scriptura,</span> <span class='ocrx_word' id='word_1_786' title='bbox 2843 2736 2848 2750; x_wconf 57' lang='lat' dir='ltr'>r</span> 
     </span>
     <span class='ocr_line' id='line_1_102' title="bbox 1636 2788 2840 2844; baseline 0.002 -14"><span class='ocrx_word' id='word_1_787' title='bbox 1636 2789 1786 2843; x_wconf 76' lang='lat' dir='ltr'>templo</span> <span class='ocrx_word' id='word_1_788' title='bbox 1790 2789 1966 2844; x_wconf 75' lang='lat' dir='ltr'>jejuniis</span> <span class='ocrx_word' id='word_1_789' title='bbox 1983 2796 2020 2831; x_wconf 85' lang='lat' dir='ltr'>et</span> <span class='ocrx_word' id='word_1_790' title='bbox 2034 2788 2386 2834; x_wconf 67' lang='lat' dir='ltr'>obsecrationibus</span> <span class='ocrx_word' id='word_1_791' title='bbox 2403 2790 2580 2834; x_wconf 70' lang='lat' dir='ltr'>serviens</span> <span class='ocrx_word' id='word_1_792' title='bbox 2601 2789 2668 2833; x_wconf 79' lang='lat' dir='ltr'>die</span> <span class='ocrx_word' id='word_1_793' title='bbox 2682 2803 2732 2834; x_wconf 79' lang='lat' dir='ltr'>ac</span> <span class='ocrx_word' id='word_1_794' title='bbox 2748 2797 2840 2834; x_wconf 75' lang='lat' dir='ltr'>noct</span> 
     </span>
     <span class='ocr_line' id='line_1_103' title="bbox 1635 2861 2857 2920; baseline 0.002 -16"><span class='ocrx_word' id='word_1_795' title='bbox 1635 2861 1758 2914; x_wconf 83' lang='lat' dir='ltr'>Quod</span> <span class='ocrx_word' id='word_1_796' title='bbox 1781 2868 1847 2906; x_wconf 91' lang='lat' dir='ltr'>est</span> <span class='ocrx_word' id='word_1_797' title='bbox 1870 2861 1950 2905; x_wconf 87' lang='lat' dir='ltr'>lioc</span> <span class='ocrx_word' id='word_1_798' title='bbox 1974 2862 2197 2918; x_wconf 83' lang='lat' dir='ltr'>templum,</span> <span class='ocrx_word' id='word_1_799' title='bbox 2215 2862 2270 2907; x_wconf 87' lang='lat' dir='ltr'>de</span> <span class='ocrx_word' id='word_1_800' title='bbox 2284 2875 2372 2920; x_wconf 81' lang='lat' dir='ltr'>quo</span> <span class='ocrx_word' id='word_1_801' title='bbox 2393 2875 2479 2907; x_wconf 86' lang='lat' dir='ltr'>non</span> <span class='ocrx_word' id='word_1_802' title='bbox 2498 2862 2776 2908; x_wconf 76' lang='lat' dir='ltr'>discedebat?</span> <span class='ocrx_word' id='word_1_803' title='bbox 2838 2882 2857 2914; x_wconf 77' lang='grc'>;-,</span> 
     </span>
     <span class='ocr_line' id='line_1_104' title="bbox 1637 2933 2874 2992; baseline 0.003 -16"><span class='ocrx_word' id='word_1_804' title='bbox 1637 2941 1739 2990; x_wconf 80' lang='lat' dir='ltr'>puto</span> <span class='ocrx_word' id='word_1_805' title='bbox 1762 2936 2145 2992; x_wconf 85' lang='lat' dir='ltr'>niultipliciternos</span> <span class='ocrx_word' id='word_1_806' title='bbox 2169 2935 2367 2992; x_wconf 89' lang='lat' dir='ltr'>accipere</span> <span class='ocrx_word' id='word_1_807' title='bbox 2389 2947 2516 2992; x_wconf 87' lang='lat' dir='ltr'>posse</span> <span class='ocrx_word' id='word_1_808' title='bbox 2534 2934 2755 2991; x_wconf 86' lang='lat' dir='ltr'>templum.</span> <span class='ocrx_word' id='word_1_809' title='bbox 2773 2933 2835 2980; x_wconf 85' lang='lat' dir='ltr'>Na</span> <span class='ocrx_word' id='word_1_810' title='bbox 2871 2988 2874 2990; x_wconf 43' lang='grc'>,</span> 
     </span>
     <span class='ocr_line' id='line_1_105' title="bbox 1634 3006 2862 3063; baseline 0.002 -13"><span class='ocrx_word' id='word_1_811' title='bbox 1634 3019 1861 3052; x_wconf 82' lang='lat' dir='ltr'>curramus</span> <span class='ocrx_word' id='word_1_812' title='bbox 1908 3008 1962 3052; x_wconf 91' lang='lat' dir='ltr'>ad</span> <span class='ocrx_word' id='word_1_813' title='bbox 2003 3006 2271 3063; x_wconf 89' lang='lat' dir='ltr'>Scripturam</span> <span class='ocrx_word' id='word_1_814' title='bbox 2308 3019 2479 3052; x_wconf 90' lang='lat' dir='ltr'>sacram</span> <span class='ocrx_word' id='word_1_815' title='bbox 2516 3007 2631 3052; x_wconf 87' lang='lat' dir='ltr'>sicut</span> <span class='ocrx_word' id='word_1_816' title='bbox 2657 3006 2862 3052; x_wconf 86' lang='lat' dir='ltr'>solemus</span> 
     </span>
     <span class='ocr_line' id='line_1_106' title="bbox 1633 3080 2865 3138; baseline 0 -13"><span class='ocrx_word' id='word_1_817' title='bbox 1633 3082 1802 3138; x_wconf 86' lang='lat' dir='ltr'>quoties</span> <span class='ocrx_word' id='word_1_818' title='bbox 1820 3092 1998 3127; x_wconf 87' lang='lat' dir='ltr'>neeesse</span> <span class='ocrx_word' id='word_1_819' title='bbox 2019 3080 2230 3127; x_wconf 84' lang='lat' dir='ltr'>habemus</span> <span class='ocrx_word' id='word_1_820' title='bbox 2248 3113 2260 3135; x_wconf 89' lang='lat'>,</span> <span class='ocrx_word' id='word_1_821' title='bbox 2277 3087 2321 3127; x_wconf 85' lang='lat' dir='ltr'>et</span> <span class='ocrx_word' id='word_1_822' title='bbox 2351 3081 2620 3126; x_wconf 83' lang='lat' dir='ltr'>inveniemus</span> <span class='ocrx_word' id='word_1_823' title='bbox 2638 3080 2768 3125; x_wconf 87' lang='lat' dir='ltr'>modo</span> <span class='ocrx_word' id='word_1_824' title='bbox 2783 3092 2835 3126; x_wconf 87' lang='lat' dir='ltr'>co</span> <span class='ocrx_word' id='word_1_825' title='bbox 2862 3099 2865 3101; x_wconf 97' lang='lat'>·</span> 
     </span>
     <span class='ocr_line' id='line_1_107' title="bbox 1632 3153 2803 3212; baseline 0.002 -16"><span class='ocrx_word' id='word_1_826' title='bbox 1632 3167 1713 3209; x_wconf 83' lang='lat' dir='ltr'>pus</span> <span class='ocrx_word' id='word_1_827' title='bbox 1737 3154 1901 3199; x_wconf 87' lang='lat' dir='ltr'>Christi</span> <span class='ocrx_word' id='word_1_828' title='bbox 1923 3155 2139 3212; x_wconf 86' lang='lat' dir='ltr'>appellare</span> <span class='ocrx_word' id='word_1_829' title='bbox 2161 3154 2387 3211; x_wconf 84' lang='lat' dir='ltr'>templum,</span> <span class='ocrx_word' id='word_1_830' title='bbox 2412 3153 2543 3199; x_wconf 86' lang='lat' dir='ltr'>modo</span> <span class='ocrx_word' id='word_1_831' title='bbox 2563 3154 2773 3212; x_wconf 76' lang='lat' dir='ltr'>virginem</span> <span class='ocrx_word' id='word_1_832' title='bbox 2800 3181 2803 3188; x_wconf 82' lang='lat'>·</span> 
     </span>
     <span class='ocr_line' id='line_1_108' title="bbox 1633 3214 2872 3288; baseline 0.002 -18"><span class='ocrx_word' id='word_1_833' title='bbox 1633 3228 1757 3280; x_wconf 82' lang='lat' dir='ltr'>riam,</span> <span class='ocrx_word' id='word_1_834' title='bbox 1781 3228 1908 3272; x_wconf 91' lang='lat' dir='ltr'>modo</span> <span class='ocrx_word' id='word_1_835' title='bbox 1932 3233 2126 3272; x_wconf 88' lang='lat' dir='ltr'>sanctam</span> <span class='ocrx_word' id='word_1_836' title='bbox 2152 3227 2407 3281; x_wconf 83' lang='lat' dir='ltr'>Ecclesiam,</span> <span class='ocrx_word' id='word_1_837' title='bbox 2426 3229 2555 3288; x_wconf 84' lang='lat' dir='ltr'>modo</span> <span class='ocrx_word' id='word_1_838' title='bbox 2573 3228 2720 3279; x_wconf 87' lang='lat' dir='ltr'>etiam,</span> <span class='ocrx_word' id='word_1_839' title='bbox 2743 3214 2872 3285; x_wconf 78' lang='lat' dir='ltr'>quii</span> 
     </span>
     <span class='ocr_line' id='line_1_109' title="bbox 1630 3301 2868 3358; baseline 0 -12"><span class='ocrx_word' id='word_1_840' title='bbox 1630 3313 1680 3346; x_wconf 88' lang='lat' dir='ltr'>ea</span> <span class='ocrx_word' id='word_1_841' title='bbox 1704 3307 1823 3355; x_wconf 89' lang='lat' dir='ltr'>sunt,</span> <span class='ocrx_word' id='word_1_842' title='bbox 1841 3304 1958 3347; x_wconf 85' lang='lat' dir='ltr'>viros</span> <span class='ocrx_word' id='word_1_843' title='bbox 1975 3308 2165 3354; x_wconf 87' lang='lat' dir='ltr'>sanctos,</span> <span class='ocrx_word' id='word_1_844' title='bbox 2191 3301 2320 3346; x_wconf 91' lang='lat' dir='ltr'>modo</span> <span class='ocrx_word' id='word_1_845' title='bbox 2340 3313 2501 3358; x_wconf 85' lang='lat' dir='ltr'>corpus</span> <span class='ocrx_word' id='word_1_846' title='bbox 2514 3306 2730 3354; x_wconf 83' lang='lat' dir='ltr'>nostrum,</span> <span class='ocrx_word' id='word_1_847' title='bbox 2749 3310 2811 3346; x_wconf 85' lang='lat' dir='ltr'>m</span> <span class='ocrx_word' id='word_1_848' title='bbox 2829 3316 2832 3318; x_wconf 43' lang='lat'><em>⁷</em></span> <span class='ocrx_word' id='word_1_849' title='bbox 2848 3318 2868 3342; x_wconf 79' lang='grc' dir='ltr'><strong>-ι</strong></span> 
     </span>
    </p>
   </div>
   <div class='ocr_carea' id='block_1_16' title="bbox 1575 3374 2861 3441">
    <p class='ocr_par' dir='ltr' id='par_1_18' title="bbox 1575 3374 2861 3441">
     <span class='ocr_line' id='line_1_110' title="bbox 1575 3374 2861 3441; baseline 0 -26"><span class='ocrx_word' id='word_1_850' title='bbox 1575 3399 1609 3441; x_wconf 78' lang='lat' dir='ltr'>D</span> <span class='ocrx_word' id='word_1_851' title='bbox 1632 3380 1816 3418; x_wconf 86' lang='lat' dir='ltr'>mentem</span> <span class='ocrx_word' id='word_1_852' title='bbox 1838 3382 2050 3426; x_wconf 88' lang='lat' dir='ltr'>nostram,</span> <span class='ocrx_word' id='word_1_853' title='bbox 2070 3374 2202 3418; x_wconf 87' lang='lat' dir='ltr'>inodo</span> <span class='ocrx_word' id='word_1_854' title='bbox 2226 3386 2399 3441; x_wconf 76' lang='lat' dir='ltr'>quoque</span> <span class='ocrx_word' id='word_1_855' title='bbox 2434 3374 2717 3431; x_wconf 76' lang='lat' dir='ltr'>capacitatem</span> <span class='ocrx_word' id='word_1_856' title='bbox 2741 3382 2861 3431; x_wconf 66' lang='lat' dir='ltr'>angi</span> 
     </span>
    </p>
   </div>
   <div class='ocr_carea' id='block_1_17' title="bbox 1623 3445 2875 4448">
    <p class='ocr_par' dir='ltr' id='par_1_19' title="bbox 1623 3445 2875 4448">
     <span class='ocr_line' id='line_1_111' title="bbox 1632 3445 2795 3506; baseline 0.004 -19"><span class='ocrx_word' id='word_1_857' title='bbox 1632 3445 1703 3490; x_wconf 86' lang='lat' dir='ltr'>lici</span> <span class='ocrx_word' id='word_1_858' title='bbox 1730 3453 1772 3491; x_wconf 87' lang='lat' dir='ltr'>et</span> <span class='ocrx_word' id='word_1_859' title='bbox 1798 3446 1973 3491; x_wconf 84' lang='lat' dir='ltr'>humani</span> <span class='ocrx_word' id='word_1_860' title='bbox 1997 3448 2257 3499; x_wconf 81' lang='lat' dir='ltr'>intellectus,</span> <span class='ocrx_word' id='word_1_861' title='bbox 2280 3448 2408 3492; x_wconf 87' lang='lat' dir='ltr'>modo</span> <span class='ocrx_word' id='word_1_862' title='bbox 2437 3448 2622 3505; x_wconf 80' lang='lat' dir='ltr'>denique</span> <span class='ocrx_word' id='word_1_863' title='bbox 2639 3448 2795 3506; x_wconf 65' lang='lat' dir='ltr'>ipnm,</span> 
     </span>
     <span class='ocr_line' id='line_1_112' title="bbox 1630 3519 2863 3579; baseline 0.006 -20"><span class='ocrx_word' id='word_1_864' title='bbox 1630 3530 1759 3574; x_wconf 80' lang='lat' dir='ltr'>quam</span> <span class='ocrx_word' id='word_1_865' title='bbox 1785 3519 2057 3575; x_wconf 85' lang='lat' dir='ltr'>suspiramus</span> <span class='ocrx_word' id='word_1_866' title='bbox 2072 3553 2084 3575; x_wconf 91' lang='lat'><strong><em>‚</em></strong></span> <span class='ocrx_word' id='word_1_867' title='bbox 2109 3519 2294 3576; x_wconf 82' lang='lat' dir='ltr'>patriam</span> <span class='ocrx_word' id='word_1_868' title='bbox 2323 3521 2545 3565; x_wconf 85' lang='lat' dir='ltr'>coelestem</span> <span class='ocrx_word' id='word_1_869' title='bbox 2570 3528 2614 3565; x_wconf 87' lang='lat' dir='ltr'>et</span> <span class='ocrx_word' id='word_1_870' title='bbox 2634 3525 2741 3577; x_wconf 81' lang='lat' dir='ltr'>puto</span> <span class='ocrx_word' id='word_1_871' title='bbox 2761 3524 2863 3579; x_wconf 73' lang='lat' dir='ltr'>quoi</span> 
     </span>
     <span class='ocr_line' id='line_1_113' title="bbox 1630 3591 2855 3651; baseline 0.002 -19"><span class='ocrx_word' id='word_1_872' title='bbox 1630 3601 1822 3647; x_wconf 69' lang='lat' dir='ltr'>congrua</span> <span class='ocrx_word' id='word_1_873' title='bbox 1858 3603 1949 3647; x_wconf 78' lang='lat' dir='ltr'>prae</span> <span class='ocrx_word' id='word_1_874' title='bbox 1986 3593 2189 3636; x_wconf 86' lang='lat' dir='ltr'>manibus</span> <span class='ocrx_word' id='word_1_875' title='bbox 2225 3599 2355 3637; x_wconf 85' lang='lat' dir='ltr'>erunt</span> <span class='ocrx_word' id='word_1_876' title='bbox 2392 3592 2602 3650; x_wconf 83' lang='lat' dir='ltr'>exempla.</span> <span class='ocrx_word' id='word_1_877' title='bbox 2637 3591 2699 3638; x_wconf 83' lang='lat' dir='ltr'>De</span> <span class='ocrx_word' id='word_1_878' title='bbox 2732 3605 2763 3651; x_wconf 85' lang='lat' dir='ltr'>p</span> <span class='ocrx_word' id='word_1_879' title='bbox 2789 3591 2855 3634; x_wconf 67' lang='lat' dir='ltr'>&#39;n&#39;</span> 
     </span>
     <span class='ocr_line' id='line_1_114' title="bbox 1629 3661 2873 3720; baseline 0.006 -17"><span class='ocrx_word' id='word_1_880' title='bbox 1629 3673 1815 3716; x_wconf 84' lang='lat' dir='ltr'>namque</span> <span class='ocrx_word' id='word_1_881' title='bbox 1840 3661 2048 3706; x_wconf 85' lang='lat' dir='ltr'>habemus</span> <span class='ocrx_word' id='word_1_882' title='bbox 2068 3661 2298 3707; x_wconf 88' lang='lat' dir='ltr'>Dominum</span> <span class='ocrx_word' id='word_1_883' title='bbox 2321 3663 2364 3706; x_wconf 93' lang='lat' dir='ltr'>in</span> <span class='ocrx_word' id='word_1_884' title='bbox 2384 3661 2616 3720; x_wconf 83' lang='lat' dir='ltr'>Evangelio</span> <span class='ocrx_word' id='word_1_885' title='bbox 2631 3663 2873 3715; x_wconf 79' lang='lat' dir='ltr'>dicentem</span> 
     </span>
     <span class='ocr_line' id='line_1_115' title="bbox 1631 3731 2857 3788; baseline 0.006 -13"><span class='ocrx_word' id='word_1_886' title='bbox 1631 3731 1784 3775; x_wconf 75' lang='lat' dir='ltr'>Solvite</span> <span class='ocrx_word' id='word_1_887' title='bbox 1801 3734 1999 3788; x_wconf 80' lang='lat' dir='ltr'>templum</span> <span class='ocrx_word' id='word_1_888' title='bbox 2015 3732 2106 3785; x_wconf 74' lang='lat' dir='ltr'>lice,</span> <span class='ocrx_word' id='word_1_889' title='bbox 2125 3742 2162 3777; x_wconf 80' lang='lat' dir='ltr'>et</span> <span class='ocrx_word' id='word_1_890' title='bbox 2179 3735 2221 3779; x_wconf 85' lang='lat' dir='ltr'>in</span> <span class='ocrx_word' id='word_1_891' title='bbox 2237 3734 2369 3777; x_wconf 77' lang='lat' dir='ltr'>tribus</span> <span class='ocrx_word' id='word_1_892' title='bbox 2385 3734 2527 3778; x_wconf 75' lang='lat' dir='ltr'>diebus</span> <span class='ocrx_word' id='word_1_893' title='bbox 2542 3734 2733 3780; x_wconf 74' lang='lat' dir='ltr'>excitabo</span> <span class='ocrx_word' id='word_1_894' title='bbox 2747 3736 2857 3782; x_wconf 67' lang='lat' dir='ltr'>illua</span> 
     </span>
     <span class='ocr_line' id='line_1_116' title="bbox 1630 3789 2862 3862; baseline 0.007 -18"><span class='ocrx_word' id='word_1_895' title='bbox 1630 3802 1671 3845; x_wconf 86' lang='lat' dir='ltr'>id</span> <span class='ocrx_word' id='word_1_896' title='bbox 1695 3802 1838 3859; x_wconf 72' lang='lat' dir='ltr'>(loun.</span> <span class='ocrx_word' id='word_1_897' title='bbox 1877 3816 1924 3854; x_wconf 84' lang='lat' dir='ltr'>ii,</span> <span class='ocrx_word' id='word_1_898' title='bbox 1954 3803 2021 3860; x_wconf 74' lang='lat'>19)</span> <span class='ocrx_word' id='word_1_899' title='bbox 2046 3811 2127 3856; x_wconf 87' lang='lat' dir='ltr'>est,</span> <span class='ocrx_word' id='word_1_900' title='bbox 2153 3804 2339 3850; x_wconf 83' lang='lat' dir='ltr'>occidite</span> <span class='ocrx_word' id='word_1_901' title='bbox 2374 3817 2534 3862; x_wconf 86' lang='lat' dir='ltr'>corpus</span> <span class='ocrx_word' id='word_1_902' title='bbox 2567 3816 2738 3860; x_wconf 85' lang='lat' dir='ltr'>meum,</span> <span class='ocrx_word' id='word_1_903' title='bbox 2761 3814 2804 3853; x_wconf 82' lang='lat' dir='ltr'>et</span> <span class='ocrx_word' id='word_1_904' title='bbox 2826 3789 2862 3852; x_wconf 78' lang='lat' dir='ltr'>i&#39;</span> 
     </span>
     <span class='ocr_line' id='line_1_117' title="bbox 1627 3873 2842 3926; baseline 0.005 -8"><span class='ocrx_word' id='word_1_905' title='bbox 1627 3875 1697 3920; x_wconf 92' lang='lat' dir='ltr'>die</span> <span class='ocrx_word' id='word_1_906' title='bbox 1719 3877 1845 3921; x_wconf 83' lang='lat' dir='ltr'>tertia</span> <span class='ocrx_word' id='word_1_907' title='bbox 1866 3877 2281 3922; x_wconf 80' lang='lat' dir='ltr'>resuscitabo&#39;illud.</span> <span class='ocrx_word' id='word_1_908' title='bbox 2301 3877 2361 3923; x_wconf 85' lang='lat' dir='ltr'>De</span> <span class='ocrx_word' id='word_1_909' title='bbox 2378 3873 2570 3923; x_wconf 80' lang='lat' dir='ltr'>secundo</span> <span class='ocrx_word' id='word_1_910' title='bbox 2593 3885 2772 3926; x_wconf 82' lang='lat' dir='ltr'>sanctus</span> <span class='ocrx_word' id='word_1_911' title='bbox 2793 3880 2842 3924; x_wconf 76' lang='lat' dir='ltr'>t)</span> 
     </span>
     <span class='ocr_line' id='line_1_118' title="bbox 1626 3947 2875 4013; baseline 0.008 -23"><span class='ocrx_word' id='word_1_912' title='bbox 1626 3947 1697 3990; x_wconf 80' lang='lat' dir='ltr'>vid</span> <span class='ocrx_word' id='word_1_913' title='bbox 1714 3948 1757 3991; x_wconf 90' lang='lat' dir='ltr'>in</span> <span class='ocrx_word' id='word_1_914' title='bbox 1784 3950 1986 4005; x_wconf 81' lang='lat' dir='ltr'>psalmis:</span> <span class='ocrx_word' id='word_1_915' title='bbox 2011 3949 2216 3995; x_wconf 79' lang='lat' dir='ltr'>Dominus</span> <span class='ocrx_word' id='word_1_916' title='bbox 2240 3953 2283 3995; x_wconf 78' lang='lat' dir='ltr'>in</span> <span class='ocrx_word' id='word_1_917' title='bbox 2304 3952 2452 4007; x_wconf 81' lang='lat' dir='ltr'>templo</span> <span class='ocrx_word' id='word_1_918' title='bbox 2475 3961 2620 3998; x_wconf 70' lang='lat' dir='ltr'>sancto</span> <span class='ocrx_word' id='word_1_919' title='bbox 2635 3965 2712 4000; x_wconf 74' lang='lat' dir='ltr'>suo</span> <span class='ocrx_word' id='word_1_920' title='bbox 2730 3953 2854 4013; x_wconf 70' lang='lat' dir='ltr'>(Ptol</span> <span class='ocrx_word' id='word_1_921' title='bbox 2873 3981 2875 3987; x_wconf 94' lang='lat'>·</span> 
     </span>
     <span class='ocr_line' id='line_1_119' title="bbox 1627 4020 2875 4084; baseline 0.009 -21"><span class='ocrx_word' id='word_1_922' title='bbox 1627 4033 1670 4072; x_wconf 87' lang='lat' dir='ltr'>x,</span> <span class='ocrx_word' id='word_1_923' title='bbox 1698 4021 1764 4076; x_wconf 80' lang='lat'>5):</span> <span class='ocrx_word' id='word_1_924' title='bbox 1793 4021 1993 4067; x_wconf 86' lang='lat' dir='ltr'>Christus</span> <span class='ocrx_word' id='word_1_925' title='bbox 2014 4024 2216 4069; x_wconf 79' lang='lat' dir='ltr'>videlicet</span> <span class='ocrx_word' id='word_1_926' title='bbox 2227 4031 2461 4081; x_wconf 83' lang='lat' dir='ltr'>conceptus</span> <span class='ocrx_word' id='word_1_927' title='bbox 2478 4026 2523 4069; x_wconf 90' lang='lat' dir='ltr'>in</span> <span class='ocrx_word' id='word_1_928' title='bbox 2537 4026 2716 4084; x_wconf 76' lang='lat' dir='ltr'>virginis</span> <span class='ocrx_word' id='word_1_929' title='bbox 2727 4020 2875 4074; x_wconf 82' lang='lat' dir='ltr'>utero·</span> 
     </span>
     <span class='ocr_line' id='line_1_120' title="bbox 1627 4091 2858 4156; baseline 0.006 -19"><span class='ocrx_word' id='word_1_930' title='bbox 1627 4091 1711 4137; x_wconf 88' lang='lat' dir='ltr'>Sed</span> <span class='ocrx_word' id='word_1_931' title='bbox 1734 4101 1776 4138; x_wconf 91' lang='lat' dir='ltr'>et</span> <span class='ocrx_word' id='word_1_932' title='bbox 1800 4094 1912 4139; x_wconf 91' lang='lat' dir='ltr'>idem</span> <span class='ocrx_word' id='word_1_933' title='bbox 1931 4094 1985 4140; x_wconf 85' lang='lat' dir='ltr'>de</span> <span class='ocrx_word' id='word_1_934' title='bbox 2007 4096 2135 4141; x_wconf 87' lang='lat' dir='ltr'>tertio</span> <span class='ocrx_word' id='word_1_935' title='bbox 2169 4097 2257 4139; x_wconf 87' lang='lat' dir='ltr'>ait:</span> <span class='ocrx_word' id='word_1_936' title='bbox 2278 4096 2331 4140; x_wconf 83' lang='lat' dir='ltr'>Et</span> <span class='ocrx_word' id='word_1_937' title='bbox 2363 4098 2575 4154; x_wconf 78' lang='lat' dir='ltr'>intemplo</span> <span class='ocrx_word' id='word_1_938' title='bbox 2608 4099 2699 4156; x_wconf 78' lang='lat' dir='ltr'>ejus</span> <span class='ocrx_word' id='word_1_939' title='bbox 2728 4113 2858 4144; x_wconf 81' lang='lat' dir='ltr'>omn</span> 
     </span>
     <span class='ocr_line' id='line_1_121' title="bbox 1624 4160 2875 4227; baseline 0.009 -20"><span class='ocrx_word' id='word_1_940' title='bbox 1624 4164 1757 4209; x_wconf 73' lang='lat' dir='ltr'>dicent</span> <span class='ocrx_word' id='word_1_941' title='bbox 1781 4166 1958 4222; x_wconf 75' lang='lat' dir='ltr'>yloriam</span> <span class='ocrx_word' id='word_1_942' title='bbox 1975 4167 2114 4225; x_wconf 71' lang='lat' dir='ltr'>(Psal.</span> <span class='ocrx_word' id='word_1_943' title='bbox 2134 4181 2287 4222; x_wconf 74' lang='lat' dir='ltr'>xxvm,</span> <span class='ocrx_word' id='word_1_944' title='bbox 2310 4169 2353 4227; x_wconf 85' lang='lat'>9)</span> <span class='ocrx_word' id='word_1_945' title='bbox 2375 4172 2505 4227; x_wconf 87' lang='lat' dir='ltr'>:quia</span> <span class='ocrx_word' id='word_1_946' title='bbox 2525 4173 2652 4217; x_wconf 82' lang='lat' dir='ltr'>electi</span> <span class='ocrx_word' id='word_1_947' title='bbox 2669 4173 2715 4218; x_wconf 87' lang='lat' dir='ltr'>in</span> <span class='ocrx_word' id='word_1_948' title='bbox 2730 4174 2835 4219; x_wconf 85' lang='lat' dir='ltr'>eccl</span> <span class='ocrx_word' id='word_1_949' title='bbox 2874 4160 2875 4163; x_wconf 8' lang='grc' dir='ltr'><strong>Ἴ</strong></span> 
     </span>
     <span class='ocr_line' id='line_1_122' title="bbox 1625 4239 2811 4301; baseline 0.004 -20"><span class='ocrx_word' id='word_1_950' title='bbox 1625 4239 1688 4281; x_wconf 88' lang='lat' dir='ltr'>sia</span> <span class='ocrx_word' id='word_1_951' title='bbox 1716 4239 1986 4284; x_wconf 82' lang='lat' dir='ltr'>confitentur</span> <span class='ocrx_word' id='word_1_952' title='bbox 2005 4240 2132 4285; x_wconf 82' lang='lat' dir='ltr'>iidem</span> <span class='ocrx_word' id='word_1_953' title='bbox 2168 4253 2331 4286; x_wconf 74' lang='lat' dir='ltr'>veram.</span> <span class='ocrx_word' id='word_1_954' title='bbox 2358 4242 2418 4287; x_wconf 88' lang='lat' dir='ltr'>De</span> <span class='ocrx_word' id='word_1_955' title='bbox 2445 4250 2601 4299; x_wconf 83' lang='lat' dir='ltr'>quarto</span> <span class='ocrx_word' id='word_1_956' title='bbox 2631 4244 2811 4301; x_wconf 61' lang='lat' dir='ltr'>apostol</span> 
     </span>
     <span class='ocr_line' id='line_1_123' title="bbox 1623 4303 2875 4374; baseline 0.008 -22"><span class='ocrx_word' id='word_1_957' title='bbox 1623 4308 1806 4355; x_wconf 85' lang='lat' dir='ltr'>Paulus:</span> <span class='ocrx_word' id='word_1_958' title='bbox 1831 4311 2061 4367; x_wconf 72' lang='lat' dir='ltr'>Templum,</span> <span class='ocrx_word' id='word_1_959' title='bbox 2074 4313 2320 4370; x_wconf 83' lang='lat' dir='ltr'>inquit,Dei</span> <span class='ocrx_word' id='word_1_960' title='bbox 2337 4323 2526 4363; x_wconf 73' lang='lat' dir='ltr'>sanctum</span> <span class='ocrx_word' id='word_1_961' title='bbox 2541 4317 2740 4374; x_wconf 48' lang='lat' dir='ltr'>estquod</span> <span class='ocrx_word' id='word_1_962' title='bbox 2762 4319 2856 4362; x_wconf 73' lang='lat' dir='ltr'>est*</span> <span class='ocrx_word' id='word_1_963' title='bbox 2874 4303 2875 4308; x_wconf 26' lang='lat'>¹</span> 
     </span>
     <span class='ocr_line' id='line_1_124' title="bbox 1624 4383 2849 4448; baseline 0.008 -21"><span class='ocrx_word' id='word_1_964' title='bbox 1624 4396 1693 4427; x_wconf 72' lang='lat' dir='ltr'>uos</span> <span class='ocrx_word' id='word_1_965' title='bbox 1711 4383 1752 4443; x_wconf 79' lang='lat'>(1</span> <span class='ocrx_word' id='word_1_966' title='bbox 1770 4384 1866 4430; x_wconf 87' lang='lat' dir='ltr'>Cor.</span> <span class='ocrx_word' id='word_1_967' title='bbox 1894 4397 1960 4438; x_wconf 87' lang='lat' dir='ltr'>ui,</span> <span class='ocrx_word' id='word_1_968' title='bbox 1983 4385 2077 4444; x_wconf 69' lang='lat' dir='ltr'>m:</span> <span class='ocrx_word' id='word_1_969' title='bbox 2105 4387 2223 4443; x_wconf 84' lang='lat' dir='ltr'>ipsos</span> <span class='ocrx_word' id='word_1_970' title='bbox 2250 4388 2455 4432; x_wconf 82' lang='lat' dir='ltr'>nimirum</span> <span class='ocrx_word' id='word_1_971' title='bbox 2476 4397 2679 4448; x_wconf 63' lang='lat' dir='ltr'>sanctos,</span> <span class='ocrx_word' id='word_1_972' title='bbox 2705 4393 2780 4448; x_wconf 83' lang='lat' dir='ltr'>qui</span> <span class='ocrx_word' id='word_1_973' title='bbox 2819 4393 2849 4417; x_wconf 80' lang='lat'>&#39;-</span> 
     </span>
    </p>
   </div>
  </div>
 </body>
</html>
