2924 4588
290 260 565 305 dicentium:
589 257 725 300 Ponat
758 262 799 299 te
835 254 1038 297 Dominus
1073 253 1184 295 sicut
1209 251 1463 301 Sedeciam,
1496 256 1541 293 et

293 331 406 375 sicu't
425 312 587 379 Achab,
615 340 725 382 quos
750 327 867 368 frixit
893 338 966 367 rex
990 322 1223 378 Babylonis
1250 324 1291 366 in
1322 324 1436 379 igne,
1463 334 1542 377 pro

291 416 344 447 co
364 403 475 459 quod
511 400 705 443 fecerunt
738 394 1044 441 mititiam-in
1076 394 1234 442 lsrael.
1257 400 1299 436 et
1335 393 1541 448 moechati

291 482 393 519 sunt
416 476 458 515 in
486 478 644 515 'uxores
678 464 923 512 amicorum
952 478 1157 516 suorum,
1184 471 1226 508 et
1267 463 1397 507 locuti
1440 466 1541 504 sunt

291 547 468 591 verbum
489 546 530 587 in
555 537 728 586 immine
743 553 854 591 meo,
875 540 1102 596 quod'non
1124 537 1326 580 mandavi
1345 537 1408 578 eis
1433 533 1538 590 (Jer.

290 619 429 675 xxix),
465 634 478 658 ι
508 616 596 660 Hos
618 616 728 658 duos
754 615 931 656 tradunt
956 610 1123 655 Hebraei
1151 610 1286 652 fuisse
1314 609 1414 655 ilios
1432 607 1541 650 duos

292 706 436 744 senes,
476 703 586 747 quos
622 696 770 745 postea
799 684 1056 740 dijudicavit
1080 684 1246 727 Daniel.
1289 681 1381 725 Nec'
1399 681 1538 731 obest,

291 767 407 823 quod
431 764 591 809 dicitur
626 776 702 806 rex
741 760 977 818 Babylonis
1015 758 1221 806 frixisse,
1259 750 1358 799 cum
1390 754 1541 797 Daniel

290 840 407 882 dicat
431 843 512 881 eos'
528 834 742 891 lapidatos
761 832 894 890 (Dan.
922 826 1038 887 xiii).
1062 830 1294 874 Convictos
1317 828 1431 872 enim
1451 833 1541 870 tra-

291 911 496 954 diderunt
518 908 608 964 regi
632 908 682 950 ad
709 918 879 963 poenam
896 937 908 954 ,
933 916 1028 960 quse
1046 904 1218 946 nomine
1245 901 1356 956 ignis
1378 899 1543 956 signiti-

291 988 384 1026 cata
409 990 492 1025 est.
531 980 726 1035 Cumque
768 977 984 1021 redissent
1013 975 1154 1019 nuntii
1196 974 1249 1018 (le
1293 973 1540 1030 Babylone,

291 1055 526 1096 attulerunt
550 1054 715 1096 litteras
738 1063 787 1093 cx
819 1057 939 1107 parte
984 1047 1455 1103 pseudoprophetarum
1488 1044 1540 1086 ad

293 1126 543 1170 sacerdotes
566 1126 609 1168 in
631 1124 867 1174 Jerusalem
893 1122 936 1165 in
954 1122 1045 1164 haec
1069 1121 1198 1164 verba
1222 1136 1230 1163 :
1254 1135 1268 1158 ι
1291 1118 1442 1163 Posuit
1466 1131 1541 1160 vos

291 1192 500 1242 Dominus
518 1198 562 1240 in
592 1196 720 1240 [ionio
747 1208 824 1255 sua
848 1207 977 1250 super
1000 1206 1170 1237 omnem
1196 1195 1336 1236 virum
1357 1183 1542 1248 arrepti-

290 1274 457 1315 tinniet
482 1261 807 1326 prophetantem
829 1300 839 1318 ,
872 1268 1236 1324 utmittatisleum
1266 1267 1308 1309 in
1340 1279 1538 1318 nervum,

289 1351 334 1386 et
354 1345 395 1388 in
421 1355 638 1387 carcerem
660 1375 671 1394 ,
702 1350 742 1387 et
767 1354 881 1385 nunc
907 1336 1038 1396 quare
1058 1341 1398 1401 noninerepatis
1420 1340 1542 1384 ‚lere-

291 1418 438 1468 miam,
465 1418 536 1472 qui
561 1417 671 1458 dixit
695 1417 815 1459 vobis
844 1431 854 1458 :
885 1414 1114 1471 AEdilicate
1130 1413 1302 1463 domus,
1327 1414 1428 1470 quia
1453 1426 1540 1457 non

291 1491 504 1546 redibitis.
527 1488 577 1531 Et
596 1489 697 1543 legit
715 1488 959 1544 Sophonias
983 1487 1210 1542 epistolam
1233 1499 1380 1530 coram
1407 1486 1542 1532 Sede-

291 1563 358 1604 cia
385 1563 428 1606 in
453 1561 630 1604 auribus
654 1559 864 1605 Jeremiae.
895 1560 947 1602 Et
973 1562 1029 1602 ait
1048 1559 1257 1604 ,Ieremias
1284 1575 1294 1604 :
1319 1559 1419 1604 Haee
1437 1560 1543 1604 dicit

291 1634 538 1678 Dominus.
567 1632 705 1690 Super
737 1645 812 1678 eos
836 1646 944 1689 quos
970 1633 1283 1688 transmigrare
1312 1632 1411 1684 feci,
1437 1632 1544 1677 visi-

288 1706 390 1748 tabo
412 1705 591 1749 verbum
636 1706 831 1755 bonum,
858 1710 903 1746 ut
927 1704 1134 1768 reducam
1168 1717 1272 1754 eos,
1304 1716 1435 1760 super
1468 1716 1542 1748 vos

291 1781 450 1827 autem,
462 1775 535 1831 qui
551 1774 776 1818 nonestis
799 1776 962 1830 egressi
982 1763 1175 1824 cumeis,
1203 1776 1433 1840 immittam
1458 1776 1542 1832 gla-

289 1851 435 1900 dium,
461 1856 502 1893 et
542 1849 715 1900 samem,
740 1855 781 1892 et
806 1855 997 1904 pestem,
1024 1854 1067 1892 et
1110 1861 1268 1907 ponam
1296 1861 1373 1893 vos
1415 1849 1543 1905 quasi

290 1923 397 1966 ficus
423 1914 584 1966 malas.
613 1932 707 1981 uua:
731 1922 896 1965 comedi
916 1934 1001 1964 non
1035 1928 1256 1978 possunt
1244 1920 1350 1968 (Jer.
1371 1924 1536 1981 xxix).»

289 1994 502 2038 Ostendit
514 1985 629 2037 enim
666 1993 873 2037 Dominus
896 1993 1000 2037 mihi
1029 1994 1229 2051 signum,
1256 2000 1299 2038 et
1324 2007 1425 2039 eece
1455 1997 1542 2039 duo

289 2067 446 2110 calathi
479 2067 592 2122 pleni
619 2066 711 2109 [icis
738 2066 864 2121 positi
889 2072 990 2108 sunt
1012 2073 1110 2108 ante
1128 2063 1352 2122 templum
1376 2066 1542 2110 Etdicit

248 2194 252 2198 λ
287 2139 497 2183 Dominus
516 2137 567 2181 ad
585 2150 653 2182 me
680 2154 691 2181 z
717 2132 829 2193 Quid
848 2144 892 2180 tu
918 2132 1066 2192 vides,
1088 2138 1304 2183 sei-emin?
1335 2141 1384 2182 Et
1413 2141 1500 2184 dixi
1527 2156 1539 2188 :

289 2212 445 2263 Ficus,
475 2213 585 2255 licus
606 2212 769 2261 bonas,
798 2204 932 2256 bonas
958 2213 1082 2259 valde
1100 2244 1113 2263 ,
1156 2220 1198 2256 et
1235 2211 1342 2256 {icus
1385 2214 1539 2267 malas,

290 2362 355 2404 sic
392 2371 647 2415 cognoscam
682 2361 1138 2416 transmigrationem,
1172 2371 1300 2415 quam
1340 2361 1464 2405 emisi
1490 2362 1544 2405 de

291 2436 387 2479 loco
414 2436 523 2484 isto,
548 2439 591 2476 et
613 2432 820 2489 reducam
843 2446 918 2477 eos
944 2435 986 2476 in
1008 2439 1167 2478 terram
1204 2434 1332 2476 hano.
1358 2433 1410 2476 Et
1429 2435 1549 2488 sicut·

291 2509 398 2551 licus
422 2508 635 2563 pessimae,
667 2507 730 2551 sic
761 2507 873 2551 dabo
898 2507 1139 2558 Sedeciam,
1179 2497 1222 2550 et
1254 2508 1444 2563 reli-quos
1467 2509 1542 2564 qui

292 2587 595 2624 remanserunt
614 2581 657 2623 in
682 2581 762 2623 hae
794 2580 935 2634 urbe
927 2595 967 2624 in
986 2582 1294 2634 tertationem,
1315 2586 1543 2642 etoppro-

291 2652 430 2695 brium
453 2652 655 2696 omnibus
678 2654 822 2708 regnis
845 2659 968 2697 terrze
998 2652 1108 2710 (Jer.
1132 2653 1267 2709 xxiv.)
1298 2669 1314 2694 ›

284 2736 287 2739 ’
525 2719 629 2770 Ου’.
668 2725 773 2770 XLl
802 2726 860 2770 De
889 2727 1113 2786 laguncula
1152 2735 1299 2771 testea,

351 2810 366 2836 ‹
398 2795 570 2840 Etdixit
593 2799 748 2841 iterum
786 2793 997 2854 Dominus
1034 2799 1088 2843 ad
1132 2799 1363 2845 Jeremiam
1387 2817 1399 2844 ι
1425 2798 1544 2844 Vade

290 2874 335 2912 et
361 2870 510 2925 accipe
553 2870 824 2925 lagunculam
859 2871 973 2928 siguli
999 2878 1197 2921 testeam,
1234 2878 1276 2915 et
1301 2871 1440 2915 duces
1481 2878 1547 2916 te-

292 2953 391 2984 cum
422 2942 475 2985 de
516 2942 762 2987 senioribus
798 2944 1092 2994 sacerdotum,
1132 2950 1176 2987 et
1213 2946 1266 2988 de
1295 2946 1545 2989 senioribus

292 3013 439 3069 populi
465 3014 517 3055 ad
543 3014 694 3057 vallem
716 3014 900 3058 liliorum
922 3014 1107 3066 Ennom,
1126 3029 1222 3071 quae
1244 3018 1448 3070 estjiixta
1475 3018 1543 3061 in·-

291 3089 469 3130 ‘troitum
496 3094 631 3143 portae
675 3076 820 3131 fictilis
838 3121 848 3136 .
876 3096 917 3131 et
946 3097 1147 3133 conteres
1188 3091 1461 3146 lagunculam
1500 3094 1542 3134 in

295 3150 611 3208 oeuliseorum,
628 3166 669 3202 et
686 3161 828 3203 dices:
850 3159 947 3203 llaec
963 3160 1068 3204 dicit
1088 3160 1323 3205 Dominus:
1347 3161 1419 3205 Sic
1437 3175 1543 3205 con-

295 3238 430 3273 teram
448 3231 591 3274 locum
611 3233 759 3283 istum,
792 3239 835 3276 et
859 3235 1077 3276 civitatem
1104 3235 1214 3276 hanc
1231 3267 1241 3285 ,
1263 3222 1343 3278 nec
1365 3237 1541 3279 vocabi-

294 3306 368 3343 tur
390 3301 511 3344 loeus
556 3301 638 3346 iste
680 3303 865 3358 amplius
896 3303 1109 3359 Thophet,
1136 3312 1178 3348 et
1202 3305 1328 3350 vallis
1355 3305 1542 3350 tiliorum

1306 80 1470 128 Ptt‘mt
1500 76 1852 126 COMESToms

1623 259 1739 297 nem,
1780 253 1821 289 et
1858 245 1995 288 oravit
2034 243 2248 288 Jeremias
2283 244 2335 287 ad
2362 242 2620 287 Dominum:
2650 258 2665 284 ι
2697 243 2816 288 Domi

1622 320 1736 364 Deus
1759 320 2044 366 exercituum,
2060 318 2132 373 qui
2154 317 2272 360 vides
2290 329 2417 360 renes
2441 324 2483 361 et
2499 329 2592 369 eor,
2611 317 2781 361 videam
2805 320 2856 362 ul.

1621 394 1783 437 tionem
1801 404 1852 435 ex
1875 391 1955 443 eis;
1975 390 2185 433 tibienim
2215 391 2401 433 revelavi
2425 401 2603 432 causam
2638 402 2796 434 meam.
2826 406 2842 432 ι

1757 465 1860 508 cip.
1885 462 1996 506 XLll
2037 463 2093 505 De
2109 463 2245 516 prima
2263 462 2475 513 obsidione
2488 461 2742 507 Jerusalem.

1675 536 1814 580 Porro
1855 536 1898 578 in
1938 547 2053 578 anno
2076 522 2228 590 (inimo
2254 533 2459 582 Sedecim,
2498 535 2590 588 ipse
2624 540 2691 578 est
2735 546 2882 587 annuisv

1622 611 1798 666 quintus
1824 609 2223 664 transmigrationis
2255 607 2436 656 ‚lo-ikim,
2463 619 2645 651 exorsus
2671 614 2737 651 est
2769 607 2893 676 Ειερ

1622 685 1734 727 chiel
1763 682 2079 738 piophetarein
2099 681 2316 736 Babylone
2345 681 2395 723 ad
2421 682 2629 736 captivos,
2645 683 2899 742 postquami.

1621 761 1880 811 acceperant
1927 755 2153 810 epistolam
2197 754 2661 812 Jeremiae(E2ech.1)
2682 744 2895 811 Prophe-,¹2

1621 833 1723 873 tiam
1749 829 1891 884 cuius,
1926 829 2038 872 sicut
2066 835 2107 872 et
2150 828 2355 880 Danielis,
2380 835 2530 885 postea
2560 834 2899 887 prosequemur-3*

1622 909 1720 959 post
1736 903 1950 946 excidium
1974 903 2110 949 urbis,
2138 907 2180 945 et
2214 902 2379 945 obitum
2420 902 2632 946 Jeremiae.
2659 903 2796 946 Porro
2831 903 2894 956 inf?

1623 971 1836 1034 principio
1875 975 1976 1017 anui
2003 976 2103 1017 noni
2147 974 2337 1018 Sedeeiae
2379 974 2778 1019 Nalmchodonosor
2797 963 2897 1038 uli-4}

1609 1040 1735 1095 ¹sedit
1758 1049 2090 1106 Jerosoiymam,
2121 1050 2222 1103 quia
2244 1055 2477 1104 negaverat
2500 1050 2539 1092 ei
2568 1049 2770 1092 Sedecias
2796 1049 2895 1101 tri-³,

1623 1126 1792 1168 butum.
1822 1123 1872 1166 Et
1907 1124 2025 1166 misit
2050 1123 2253 1166 Sedecias
2276 1122 2330 1164 ad
2357 1121 2586 1165 Jeremiam
2604 1121 2814 1175 Pliassur,
2831 1120 2897 1170 etf-

1625 1197 1891 1254 Sophoniam
1922 1197 2171 1242 sacerdotes
2195 1197 2376 1239 dicens:
2398 1210 2411 1235 ι
2439 1193 2659 1251 Interroga
2687 1209 2765 1252 pro
2797 1207 2891 1240 no-'

1624 1269 1691 1312 bis
1705 1267 1932 1313 Dominum
1950 1267 1984 1312 si
2004 1266 2113 1310 sorte
2126 1267 2253 1309 faciat
2270 1266 2497 1309 nobiscum
2515 1260 2875 1318 misericordiam,

1624 1348 1666 1384 et
1702 1340 1926 1396 respondit
1966 1338 2175 1388 Jeremias
2225 1337 2326 1381 Haec
2367 1338 2473 1380 dicit
2492 1337 2732 1383 Dominus:
2761 1339 2882 1384 Dabo

1625 1414 1848 1458 Sedeciam
1875 1425 2018 1468 regem
2039 1411 2167 1460 Jiida,
2204 1416 2247 1454 et
2282 1423 2433 1455 servos
2456 1412 2568 1467 ejuS,
2591 1415 2646 1467 {et
2670 1413 2892 1468 populum,

1624 1488 1719 1544 ejus
1740 1488 1785 1530 in
1821 1498 1950 1530 manu
1985 1485 2388 1529 Nabuchodonosor
2412 1488 2527 1542 regis
2551 1487 2799 1544 Babylonis,
2832 1491 2897 1532 etv

1624 1560 1836 1618 percutiet
1859 1572 1934 1604 eos
1956 1560 1999 1602 in
2016 1572 2091 1604 ore
2107 1559 2254 1616 gladii,
2280 1565 2324 1603 et
2342 1571 2428 1603 non
2448 1560 2657 1612 flectetur,
2683 1573 2763 1604 nee
2778 1571 2878 1616 par-

1624 1640 1710 1684 cet,
1736 1646 1878 1690 neque
1917 1633 2198 1677 miserebitur
2222 1631 2328 1690 (Jer.
2369 1633 2478 1688 xxi).
2507 1647 2522 1672 ›
2551 1632 2604 1674 Et
2629 1633 2762 1676 libere
2786 1644 2892 1675 am·-

1624 1707 1801 1752 bnlabat
1825 1704 2035 1767 Jeremias
2061 1706 2105 1750 in
2133 1706 2274 1759 medio
2300 1706 2447 1762 populi
2483 1705 2632 1750 eadem
2664 1707 2878 1761 clamans,

1625 1777 1767 1828 Porro
1807 1791 1884 1823 rex
1914 1778 2090 1837 AEgypti
2136 1791 2341 1835 egressus
2381 1784 2450 1822 est
2475 1779 2528 1822 de
2566 1779 2752 1835 AEgypto
2777 1790 2877 1822 cum

1624 1851 1836 1901 exercitu,
1874 1853 1999 1907 quasi
2030 1852 2256 1895 soluturus
2301 1850 2570 1895 obsidionem
2615 1851 2876 1905 Jerusalem,

1623 1930 1667 1968 et
1687 1926 1871 1969 recessit
1895 1938 1969 1970 rex
1994 1925 2224 1981 Babylonis
2247 1936 2272 1967 a
2295 1923 2551 1976 Jerusalem,
2575 1925 2620 1968 in
2644 1937 2875 1970 occursum

1622 1998 1736 2055 ejus,
1765 2005 1808 2043 et
1838 1998 1999 2055 fugavit
2017 2011 2113 2041 eum
2134 1998 2175 2040 in
2197 2007 2271 2040 ore
2293 1998 2440 2053 gladii,
2464 2003 2508 2042 et
2527 1999 2580 2042 de
2594 1996 2718 2055 Syria
2737 1998 2885 2056 coegit·

1623 2072 1759 2116 exire.
1785 2071 1981 2130 Cumque
1997 2072 2271 2114 discessisset
2293 2070 2694 2116 Nabuchodonosor
2710 2083 2733 2114 a
2757 2070 2880 2116 Jeru-

1625 2143 1779 2195 salem,
1820 2129 2050 2186 illusernnt
2086 2141 2178 2184 salsi
2207 2142 2429 2197 prophetae
2449 2141 2646 2185 Jeremiae
2674 2147 2717 2184 et
2754 2139 2876 2184 deci·-

1572 2250 1580 2256 .
1623 2217 1799 2273 piebant
1813 2214 2036 2259 Sedeciam
2052 2215 2271 2258 dicentes:
2299 2230 2310 2253 i
2333 2214 2425 2258 Non
2447 2220 2718 2258 revertentur
2738 2213 2879 2269 Baby·

289 2288 425 2330 malas
445 2287 582 2329 valde.
607 2285 658 2327 Et
682 2285 740 2327 ait
766 2284 972 2328 Dominus
1004 2301 1013 2328 :
1041 2283 1161 2329 Sicut
1188 2287 1294 2330 licus
1312 2287 1377 2330 hae
1398 2288 1539 2340 bonae,
1564 2316 1596 2360 C

1623 2288 1749 2339 lonii,
1775 2288 1854 2332 sed
1871 2289 2028 2332 redibit
2050 2290 2373 2343 transmigratio
2402 2293 2549 2331 nostra
2569 2286 2622 2330 ad
2649 2298 2745 2336 nos,
2777 2298 2876 2334 cum

1625 2363 1829 2407 omnibus
1852 2363 1967 2406 vasis
1988 2361 2158 2405 Domini
2177 2361 2483 2418 (Jer.1xxvtt).
2503 2360 2711 2404 jeremias
2733 2365 2878 2402 antem

1625 2437 1849 2480 contraria
1871 2437 1958 2486 his,
1983 2443 2025 2478 et
2049 2449 2149 2479 vera
2195 2436 2482 2491 prophetabat
2505 2435 2654 2479 dicens
2683 2448 2694 2477 ε
2721 2449 2734 2474 i
2766 2433 2877 2476 Tuae·

1625 2510 1754 2554 detur
1780 2509 1984 2553 Sedecias
2008 2512 2048 2551 in
2083 2521 2212 2551 manu
2237 2510 2350 2564 regis
2379 2509 2626 2565 Babylonis,
2650 2514 2693 2551 et
2727 2508 2876 2562 loque·

1624 2589 1699 2628 tur
1721 2595 1771 2628 os
1796 2582 1892 2637 ejus
1922 2594 2020 2625 cum
2065 2594 2141 2626 ore
2164 2582 2319 2637 ipsius,
2357 2587 2400 2625 et
2442 2581 2557 2623 oculi
2596 2581 2691 2634 ejiis
2725 2579 2883 2628 oculos

1624 2656 1721 2713 ejus
1739 2656 1967 2705 videbunt,
1992 2660 2035 2698 et
2065 2655 2107 2698 in
2134 2654 2393 2711 Babylonem
2421 2654 2548 2697 ducet
2578 2651 2819 2696 Sedeciam.
2856 2666 2871 2691 ι

1624 2728 1748 2786 lmpii
1774 2742 1875 2774 vero
1893 2729 2095 2772 dicebant
2133 2727 2361 2771 Jeremiam
2398 2739 2420 2769 a
2440 2734 2582 2771 mente
2613 2727 2872 2770 excessisse.

1625 2793 1764 2848 Porro
1785 2802 1996 2846 Jeremias
2035 2802 2191 2845 stravit
2233 2801 2421 2852 asinum,
2449 2808 2497 2842 ut
2520 2799 2799 2857 egrederetur
2820 2798 2874 2842 ad

1624 2874 1844 2918 Anathoth
1879 2873 2022 2917 vicum
2069 2885 2219 2923 suum,
2243 2873 2316 2928 qui
2339 2872 2495 2927 viginti·
2516 2871 2668 2915 stadiis
2691 2871 2823 2915 distat
2849 2883 2874 2912 a

1624 2949 1881 2993 Jerusalem.
1907 2963 1920 2987 ι
1947 2947 2145 3002 Cumque
2175 2947 2443 3003 pervenisset
2480 2946 2534 2988 ad
2566 2951 2731 3002 portam
2764 2945 2875 2989 Beu-

1622 3022 1776 3078 jamin,
1797 3028 1944 3064 custos
1963 3026 2099 3076 portae
2116 3019 2255 3062 Jerias
2270 3018 2551 3075 apprehendit
2569 3030 2684 3070 eum,
2704 3018 2870 3061 dicens:

1624 3082 1688 3139 Ad
1715 3095 1940 3139 Chaldaeos
1959 3093 2171 3150 profugis.
2193 3109 2207 3134 i
2236 3092 2288 3135 Et
2331 3093 2510 3136 adduxit
2532 3104 2630 3135 eum
2670 3092 2725 3134 ad
2746 3093 2872 3147 prin-

1625 3170 1758 3224 cipes.
1790 3184 1804 3210 «
1829 3169 1911 3220 Qui
1934 3180 2092 3214 caesum
2117 3168 2327 3211 miserunt
2354 3167 2394 3208 in
2417 3178 2652 3218 carcerem,
2682 3166 2872 3221 quierat

1625 3239 1668 3280 in
1691 3239 1819 3282 domo
1843 3238 2040 3283 Jonathae
2055 3239 2224 3282 scribae.
2252 3238 2304 3281 Et
2331 3238 2443 3281 sedit
2461 3238 2520 3281 ibi
2550 3239 2757 3282 Jeremias
2777 3238 2873 3283 die-

1624 3313 1707 3357 bus
1731 3314 1897 3362 multis,
1912 3320 1954 3356 et
1975 3313 2094 3356 venit
2115 3313 2169 3355 ad
2189 3324 2288 3355 eum
2303 3309 2537 3361 Hananeel,
2553 3310 2608 3353 lili
2614 3323 2666 3354 us
2689 3310 2867 3360 Selium,

287 3371 480 3424 'Ennom,
501 3375 575 3418 sed
603 3375 726 3418 vallis
760 3375 1022 3420 Occisionis
1066 3377 1258 3433 Implebo
1296 3380 1410 3423 enim
1444 3392 1543 3424 eum
1570 3383 1605 3427 D
1629 3387 1771 3441 patrui
1795 3388 1864 3430 sui
1904 3386 1957 3428 ad
1982 3385 2242 3429 vestibulum
2281 3384 2487 3434 carceris,
2523 3390 2566 3426 et
2598 3384 2690 3426 ait:
2723 3395 2738 3422 ι
2767 3382 2871 3435 Eme

297 3445 596 3496 cadaveribus,
624 3460 676 3490 eo
707 3449 821 3502 quod
847 3462 931 3491 non
954 3450 1009 3492 sit
1036 3439 1147 3493 alius
1182 3450 1304 3493 locus
1329 3450 1382 3492 ad
1420 3463 1545 3507 sepe-

297 3518 606 3575 liendum(1er
630 3520 736 3576 xix)
750 3534 763 3559 ι
782 3520 833 3562 Et
846 3522 960 3564 venit
978 3521 1186 3565 Jeremias
1203 3522 1255 3565 de
1269 3521 1482 3577 Thophet,
1501 3528 1544 3567 et

299 3591 417 3634 stetit
458 3592 501 3634 in
548 3593 659 3635 atrio
697 3593 852 3636 domus
886 3592 1070 3642 Domini,
1096 3600 1137 3635 et
1165 3594 1273 3636 dixit
1298 3595 1349 3636 ad
1370 3606 1542 3637 omnem

298 3666 503 3719 populum
533 3678 542 3704 :
574 3665 673 3708 llaec
691 3667 800 3710 dicit
831 3667 1041 3711 Dominus
1064 3681 1074 3708 :
1101 3667 1211 3711 Ecce
1235 3668 1438 3712 inducam
1466 3683 1544 3714 su-

300 3747 376 3790 per
406 3737 518 3779 hanc
541 3738 755 3782 civitatem
780 3741 980 3785 universa
1005 3742 1116 3784 mala
1139 3755 1233 3797 quae
1252 3743 1422 3787 locutus
1447 3756 1543 3787 sum

294 3806 511 3852 'adversus
536 3821 647 3852 eam.
680 3826 694 3851 ε
725 3811 774 3853 lit
812 3813 1060 3867 indignatus
1103 3813 1296 3858 Phassur
1340 3817 1545 3860 sacerdos

301 3883 516 3935 percussit
545 3882 791 3935 Jeremiam,
834 3892 875 3928 ct
916 3887 1032 3928 misit
1063 3900 1160 3930 eum
1193 3889 1234 3931 in
1283 3901 1458 3932 nervum
1493 3875 1543 3933 'in

300 3960 424 4008 porta
440 3954 669 4009 Beniamin
692 3957 904 4012 superiori
922 3961 963 4000 in
978 3960 1106 4003 domo
1139 3960 1324 4005 Domini.
1349 3962 1543 4018 Cumque

301 4025 517 4072 illuxisset
564 4028 608 4069 in
641 4029 875 4070 crastinum
915 4030 1060 4072 eduxit
1099 4030 1289 4075 Phassur
1312 4031 1541 4077 Jeremiam

301 4098 354 4140 de
380 4110 529 4150 nervo,
557 4105 599 4142 et
617 4099 725 4141 dixit
750 4100 802 4142 ad
829 4114 925 4145 eum
964 4103 1173 4148 Jeremias
1198 4122 1207 4147 :
1235 4106 1326 4149 Non
1351 4106 1543 4152 Phassur

302 4171 470 4213 vocavit
489 4171 694 4215 Dominus
729 4187 882 4217 nomen
924 4185 1059 4227 tumn,
1087 4179 1160 4221 sed
1190 4178 1396 4231 Pavorem
1418 4181 1545 4225 undi-

303 4255 386 4298 que
402 4243 506 4297 (Jer.
523 4244 612 4301 xx).
627 4261 640 4286 ι
657 4245 970 4301 Interpretatur
982 4250 1093 4291 enim
1118 4248 1326 4301 phassur,
1353 4252 1419 4295 vel
1435 4253 1542 4308 pba-

305 4316 523 4365 seor,oris
556 4316 749 4372 nigredo,
771 4319 893 4374 quasi
923 4320 1039 4365 dicat
1062 4320 1186 4363 :Non
1232 4322 1414 4367 habebis
1451 4326 1542 4371 oris

280 4386 588 4444 nigredinem,
613 4389 653 4432 id
684 4397 751 4435 est
793 4397 1048 4446 potestatem
1091 4391 1328 4449 imperandi
1373 4394 1536 4452 iniqua,

1629 3471 1778 3515 agrum
1803 3469 1964 3508 meum,
1991 3458 2064 3512 qui
2085 3458 2206 3501 estin
2228 3457 2479 3508 Anathotli;
2508 3456 2584 3499 tibi
2606 3457 2720 3499 enim
2747 3467 2869 3498 com-

1626 3535 1731 3589 petit
1760 3532 2006 3582 haercditas,
2022 3538 2224 3587 tanquam
2242 3531 2535 3587 propinquiori
2563 3528 2668 3586 (Jer.
2685 3528 2864 3583 xxxin.»

1626 3605 1677 3647 Et
1701 3605 1912 3648 intellexit
1933 3603 2163 3653 Jeremias,
2179 3602 2295 3658 quod
2312 3604 2487 3645 verbum
2530 3601 2697 3644 Domini
2734 3605 2866 3651 esset,

1625 3685 1665 3722 ct
1685 3679 1787 3722 emit
1809 3690 1960 3734 agrum
1981 3678 2228 3733 appendens
2247 3683 2406 3731 septem
2431 3680 2630 3722 stateres.
2653 3679 2695 3731 et
2713 3673 2872 3733 decem,

1626 3758 1869 3806 argenteos.
1885 3757 1927 3794 et
1944 3751 2140 3793 adhibuit
2160 3755 2309 3798 testes,
2336 3756 2376 3792 et
2394 3748 2569 3802 scripsit
2591 3747 2747 3790 tibrum
2762 3757 2868 3802 pos-

1625 3822 1834 3866 sessionis
1859 3823 2093 3877 signatum,
2121 3826 2164 3864 et
2187 3820 2508 3875 stipulationes,
2534 3824 2576 3861 et
2610 3823 2705 3860 rata
2733 3823 2775 3859 et
2807 3817 2868 3859 si-

1625 3906 1707 3949 gna
1735 3893 1996 3942 forinsecus,
2026 3899 2073 3940 et,
2094 3892 2353 3947 rescriptum
2380 3890 2478 3933 libri
2523 3888 2624 3933 fecit
2668 3895 2864 3943 apertum

1624 3971 1667 4008 et
1692 3965 1735 4008 in
1762 3964 2182 4015 oculis-Hanaueel‚-
2210 3970 2254 4008 et
2275 3963 2452 4007 testium
2478 3961 2595 4005 dedit
2620 3961 2756 4004 libros
2786 3959 2868 4001 Ba·

1624 4039 1732 4082 ruch
1750 4038 1899 4082 dicens
1919 4054 1929 4081 z
1956 4054 1970 4078 ι
2003 4037 2306 4098 Sumelihrum
2329 4034 2561 4090 emptionis
2585 4028 2700 4077 hune
2720 4033 2865 4088 signa-

1624 4118 1731 4161 tum,
1753 4117 1795 4154 et
1817 4110 1933 4153 hunc
1977 4110 2133 4155 librum
2157 4109 2232 4164 qui
2259 4113 2434 4163 apertus
2472 4111 2556 4156 est,
2595 4110 2637 4149 et
2658 4117 2769 4160 pone
2787 4115 2888 4170 eos*

1623 4183 1669 4226 in
1713 4195 1814 4226 vase
1860 4182 1998 4231 fictili,
2038 4187 2088 4225 ut
2132 4191 2384 4236 permanere
2428 4179 2596 4233 possint
2625 4177 2670 4220 in
2710 4176 2862 4220 diebus
2888 4170 2900 4229 j

1621 4254 1788 4298 multis.
1816 4253 1915 4297 Haee
1949 4243 2064 4296 enim
2089 4251 2194 4295 dicit
2230 4250 2470 4294 Dominus:
2495 4248 2646 4292 Adhuc
2668 4247 2862 4303 posside-

1615 4324 1799 4384 buntur,
1825 4331 1869 4369 et
1892 4326 2002 4380 agri,
2026 4330 2068 4369 et
2086 4326 2221 4367 vineae
2261 4325 2304 4366 in
2331 4328 2448 4366 terra
2473 4323 2572 4373 ista,
2601 4321 2654 4364 de
2676 4331 2758 4375 qua
2784 4332 2861 4363 vos

1621 4395 1780 4444 dicitis.
1800 4396 1902 4453 quia
1925 4397 2096 4441 deserta
2131 4395 2230 4440 erit.
2258 4393 2368 4438 Eece
2389 4405 2469 4450 ego
2492 4391 2761 4448 congregabo
2784 4402 2860 4435 vos

2880 4494 2901 4588 l
