<?xml version="1.0" encoding="UTF-8"?>
<!DOCTYPE html PUBLIC "-//W3C//DTD XHTML 1.0 Transitional//EN"
    "http://www.w3.org/TR/xhtml1/DTD/xhtml1-transitional.dtd">
<html xmlns="http://www.w3.org/1999/xhtml" xml:lang="en" lang="en">
 <head>
  <title>
</title>
<meta http-equiv="Content-Type" content="text/html;charset=utf-8" />
  <meta name='ocr-system' content='tesseract 3.04.00' />
  <meta name='ocr-capabilities' content='ocr_page ocr_carea ocr_par ocr_line ocrx_word'/>
</head>
<body>
  <div class='ocr_page' id='page_1' title='image "./patrologiaecursu00hammuoft_0374.png"; bbox 0 0 2924 4588; ppageno 0'>
   <div class='ocr_carea' id='block_1_1' title="bbox 261 163 585 206">
    <p class='ocr_par' dir='ltr' id='par_1_1' title="bbox 261 163 585 206">
     <span class='ocr_line' id='line_1_1' title="bbox 261 163 585 206; baseline 0 -1"><span class='ocrx_word' id='word_1_1' title='bbox 261 163 331 206; x_wconf 66' lang='lat' dir='ltr'>mi</span> <span class='ocrx_word' id='word_1_2' title='bbox 557 170 585 205; x_wconf 67' lang='lat'>0</span> 
     </span>
    </p>
   </div>
   <div class='ocr_carea' id='block_1_2' title="bbox 253 323 1486 602">
    <p class='ocr_par' dir='ltr' id='par_1_2' title="bbox 253 323 1486 602">
     <span class='ocr_line' id='line_1_2' title="bbox 256 323 1484 382; baseline -0.009 -6"><span class='ocrx_word' id='word_1_3' title='bbox 256 331 576 376; x_wconf 82' lang='lat' dir='ltr'>tabernaculum</span> <span class='ocrx_word' id='word_1_4' title='bbox 603 327 732 382; x_wconf 69' lang='lat' dir='ltr'>Moysi</span> <span class='ocrx_word' id='word_1_5' title='bbox 755 338 841 368; x_wconf 89' lang='lat' dir='ltr'>non</span> <span class='ocrx_word' id='word_1_6' title='bbox 862 325 1005 376; x_wconf 69' lang='lat' dir='ltr'>suerit,</span> <span class='ocrx_word' id='word_1_7' title='bbox 1039 325 1120 368; x_wconf 87' lang='lat' dir='ltr'>nisi</span> <span class='ocrx_word' id='word_1_8' title='bbox 1154 337 1237 367; x_wconf 85' lang='lat' dir='ltr'>nna</span> <span class='ocrx_word' id='word_1_9' title='bbox 1257 323 1484 375; x_wconf 41' lang='lat' dir='ltr'>column&amp;</span> 
     </span>
     <span class='ocr_line' id='line_1_3' title="bbox 254 395 1485 453; baseline -0.01 -4"><span class='ocrx_word' id='word_1_10' title='bbox 254 406 418 450; x_wconf 87' lang='lat' dir='ltr'>scilicet</span> <span class='ocrx_word' id='word_1_11' title='bbox 441 415 523 446; x_wconf 90' lang='lat' dir='ltr'>non</span> <span class='ocrx_word' id='word_1_12' title='bbox 549 395 631 444; x_wconf 66' lang='lat' dir='ltr'>nssi</span> <span class='ocrx_word' id='word_1_13' title='bbox 656 411 767 442; x_wconf 88' lang='lat' dir='ltr'>unus</span> <span class='ocrx_word' id='word_1_14' title='bbox 789 403 870 448; x_wconf 83' lang='lat' dir='ltr'>est,</span> <span class='ocrx_word' id='word_1_15' title='bbox 897 409 1023 453; x_wconf 82' lang='lat' dir='ltr'>quem</span> <span class='ocrx_word' id='word_1_16' title='bbox 1056 397 1148 453; x_wconf 83' lang='lat' dir='ltr'>ipsa</span> <span class='ocrx_word' id='word_1_17' title='bbox 1179 396 1485 453; x_wconf 79' lang='lat' dir='ltr'>praeliguravit,</span> 
     </span>
     <span class='ocr_line' id='line_1_4' title="bbox 253 471 1484 529; baseline -0.01 -7"><span class='ocrx_word' id='word_1_18' title='bbox 253 477 467 522; x_wconf 82' lang='lat' dir='ltr'>Christus.</span> <span class='ocrx_word' id='word_1_19' title='bbox 495 474 566 517; x_wconf 84' lang='lat' dir='ltr'>llla</span> <span class='ocrx_word' id='word_1_20' title='bbox 592 475 719 529; x_wconf 81' lang='lat' dir='ltr'>igitur</span> <span class='ocrx_word' id='word_1_21' title='bbox 754 472 967 520; x_wconf 90' lang='lat' dir='ltr'>columna,</span> <span class='ocrx_word' id='word_1_22' title='bbox 989 483 1083 526; x_wconf 70' lang='lat' dir='ltr'>qnae</span> <span class='ocrx_word' id='word_1_23' title='bbox 1107 471 1159 514; x_wconf 83' lang='lat' dir='ltr'>ad</span> <span class='ocrx_word' id='word_1_24' title='bbox 1179 477 1378 514; x_wconf 85' lang='lat' dir='ltr'>austrum</span> <span class='ocrx_word' id='word_1_25' title='bbox 1402 475 1484 519; x_wconf 86' lang='lat' dir='ltr'>est,</span> 
     </span>
     <span class='ocr_line' id='line_1_5' title="bbox 255 542 1486 602; baseline -0.008 -8"><span class='ocrx_word' id='word_1_26' title='bbox 255 551 480 594; x_wconf 78' lang='lat' dir='ltr'>Dominum</span> <span class='ocrx_word' id='word_1_27' title='bbox 505 548 700 602; x_wconf 75' lang='lat' dir='ltr'>designat</span> <span class='ocrx_word' id='word_1_28' title='bbox 722 544 868 589; x_wconf 68' lang='lat' dir='ltr'>lesum</span> <span class='ocrx_word' id='word_1_29' title='bbox 891 544 1128 595; x_wconf 80' lang='lat' dir='ltr'>Christum,</span> <span class='ocrx_word' id='word_1_30' title='bbox 1154 546 1226 600; x_wconf 87' lang='lat' dir='ltr'>qui</span> <span class='ocrx_word' id='word_1_31' title='bbox 1259 545 1300 586; x_wconf 91' lang='lat' dir='ltr'>in</span> <span class='ocrx_word' id='word_1_32' title='bbox 1326 542 1486 586; x_wconf 83' lang='lat' dir='ltr'>divini-</span> 
     </span>
    </p>
   </div>
   <div class='ocr_carea' id='block_1_3' title="bbox 1137 154 1920 209">
    <p class='ocr_par' dir='ltr' id='par_1_3' title="bbox 1137 154 1920 209">
     <span class='ocr_line' id='line_1_6' title="bbox 1137 154 1920 209; baseline -0.003 -8"><span class='ocrx_word' id='word_1_33' title='bbox 1137 155 1304 202; x_wconf 59' lang='lat' dir='ltr'>ADAR!</span> <span class='ocrx_word' id='word_1_34' title='bbox 1332 154 1920 209; x_wconf 57' lang='lat' dir='ltr'>manoNsTttA&#39;rssNsts</span> 
     </span>
    </p>
   </div>
   <div class='ocr_carea' id='block_1_4' title="bbox 256 235 2901 338">
    <p class='ocr_par' dir='ltr' id='par_1_4' title="bbox 256 233 2901 338">
     <span class='ocr_line' id='line_1_7' title="bbox 256 235 2901 338; baseline 0 -40"><span class='ocrx_word' id='word_1_35' title='bbox 256 270 300 303; x_wconf 84' lang='lat' dir='ltr'>:n</span> <span class='ocrx_word' id='word_1_36' title='bbox 323 260 448 317; x_wconf 81' lang='lat' dir='ltr'>plano</span> <span class='ocrx_word' id='word_1_37' title='bbox 483 256 653 309; x_wconf 57' lang='lat' dir='ltr'>picta-‚re</span> <span class='ocrx_word' id='word_1_38' title='bbox 678 250 842 307; x_wconf 67' lang='lat' dir='ltr'>depinxi</span> <span class='ocrx_word' id='word_1_39' title='bbox 870 267 879 294; x_wconf 94' lang='lat'><strong>:</strong></span> <span class='ocrx_word' id='word_1_40' title='bbox 909 265 1004 296; x_wconf 73' lang='lat' dir='ltr'>oum</span> <span class='ocrx_word' id='word_1_41' title='bbox 1049 256 1191 295; x_wconf 89' lang='lat' dir='ltr'>tamen</span> <span class='ocrx_word' id='word_1_42' title='bbox 1209 250 1327 294; x_wconf 66' lang='lat' dir='ltr'>elim</span> <span class='ocrx_word' id='word_1_43' title='bbox 1358 261 1488 306; x_wconf 82' lang='lat' dir='ltr'>super</span> <span class='ocrx_word' id='word_1_44' title='bbox 1512 253 1546 302; x_wconf 74' lang='grc' dir='ltr'><strong>Α</strong></span> <span class='ocrx_word' id='word_1_45' title='bbox 1567 261 1753 306; x_wconf 78' lang='lat' dir='ltr'>quoque,</span> <span class='ocrx_word' id='word_1_46' title='bbox 1778 254 1822 293; x_wconf 87' lang='lat' dir='ltr'>et</span> <span class='ocrx_word' id='word_1_47' title='bbox 1843 249 1924 293; x_wconf 86' lang='lat' dir='ltr'>viri</span> <span class='ocrx_word' id='word_1_48' title='bbox 1956 249 2103 298; x_wconf 88' lang='lat' dir='ltr'>etiam,</span> <span class='ocrx_word' id='word_1_49' title='bbox 2127 246 2203 304; x_wconf 80' lang='lat' dir='ltr'>qui</span> <span class='ocrx_word' id='word_1_50' title='bbox 2228 248 2272 292; x_wconf 82' lang='lat' dir='ltr'>iu</span> <span class='ocrx_word' id='word_1_51' title='bbox 2305 248 2452 293; x_wconf 88' lang='lat' dir='ltr'>habitu</span> <span class='ocrx_word' id='word_1_52' title='bbox 2487 235 2683 298; x_wconf 74' lang='lat' dir='ltr'>saeculari</span> <span class='ocrx_word' id='word_1_53' title='bbox 2715 241 2850 319; x_wconf 37' lang='lat' dir='ltr'>reuss</span> <span class='ocrx_word' id='word_1_54' title='bbox 2895 300 2901 338; x_wconf 69' lang='lat' dir='ltr'>i</span> 
     </span>
    </p>
   </div>
   <div class='ocr_carea' id='block_1_5' title="bbox 253 613 1514 677">
    <p class='ocr_par' dir='ltr' id='par_1_5' title="bbox 253 613 1514 677">
     <span class='ocr_line' id='line_1_8' title="bbox 253 613 1514 677; baseline -0.004 -11"><span class='ocrx_word' id='word_1_55' title='bbox 253 630 369 674; x_wconf 86' lang='lat' dir='ltr'>tate,</span> <span class='ocrx_word' id='word_1_56' title='bbox 406 634 499 677; x_wconf 85' lang='lat' dir='ltr'>quae</span> <span class='ocrx_word' id='word_1_57' title='bbox 534 634 609 675; x_wconf 87' lang='lat' dir='ltr'>per</span> <span class='ocrx_word' id='word_1_58' title='bbox 642 620 750 675; x_wconf 81' lang='lat' dir='ltr'>ignis</span> <span class='ocrx_word' id='word_1_59' title='bbox 774 619 1014 662; x_wconf 83' lang='lat' dir='ltr'>columnam</span> <span class='ocrx_word' id='word_1_60' title='bbox 1055 619 1270 670; x_wconf 78' lang='lat' dir='ltr'>innuitur,</span> <span class='ocrx_word' id='word_1_61' title='bbox 1311 613 1514 672; x_wconf 83' lang='lat' dir='ltr'>antiquo</span> 
     </span>
    </p>
   </div>
   <div class='ocr_carea' id='block_1_6' title="bbox 251 688 1487 1329">
    <p class='ocr_par' dir='ltr' id='par_1_6' title="bbox 251 688 1487 1329">
     <span class='ocr_line' id='line_1_9' title="bbox 252 688 1487 750; baseline -0.002 -16"><span class='ocrx_word' id='word_1_62' title='bbox 252 695 421 750; x_wconf 77' lang='lat' dir='ltr'>populo,</span> <span class='ocrx_word' id='word_1_63' title='bbox 448 694 519 747; x_wconf 86' lang='lat' dir='ltr'>qui</span> <span class='ocrx_word' id='word_1_64' title='bbox 553 693 608 734; x_wconf 83' lang='lat' dir='ltr'>ibi</span> <span class='ocrx_word' id='word_1_65' title='bbox 632 692 876 747; x_wconf 73' lang='lat' dir='ltr'>depingitur</span> <span class='ocrx_word' id='word_1_66' title='bbox 899 703 922 733; x_wconf 88' lang='lat' dir='ltr'>a</span> <span class='ocrx_word' id='word_1_67' title='bbox 945 690 1126 741; x_wconf 78' lang='lat' dir='ltr'>dextris,</span> <span class='ocrx_word' id='word_1_68' title='bbox 1155 691 1254 746; x_wconf 87' lang='lat' dir='ltr'>quia</span> <span class='ocrx_word' id='word_1_69' title='bbox 1286 690 1327 732; x_wconf 90' lang='lat' dir='ltr'>in</span> <span class='ocrx_word' id='word_1_70' title='bbox 1354 688 1487 733; x_wconf 90' lang='lat' dir='ltr'>Deum</span> 
     </span>
     <span class='ocr_line' id='line_1_10' title="bbox 252 763 1485 818; baseline -0.003 -10"><span class='ocrx_word' id='word_1_71' title='bbox 252 767 468 816; x_wconf 78' lang='lat' dir='ltr'>credebat,</span> <span class='ocrx_word' id='word_1_72' title='bbox 499 764 705 808; x_wconf 87' lang='lat' dir='ltr'>terribilis</span> <span class='ocrx_word' id='word_1_73' title='bbox 742 763 822 807; x_wconf 76' lang='lat' dir='ltr'>fuit</span> <span class='ocrx_word' id='word_1_74' title='bbox 857 775 1004 807; x_wconf 89' lang='lat' dir='ltr'>eorum</span> <span class='ocrx_word' id='word_1_75' title='bbox 1036 763 1252 818; x_wconf 82' lang='lat' dir='ltr'>puniendo</span> <span class='ocrx_word' id='word_1_76' title='bbox 1283 768 1485 818; x_wconf 78' lang='lat' dir='ltr'>peccata3</span> 
     </span>
     <span class='ocr_line' id='line_1_11' title="bbox 252 836 1484 893; baseline 0 -14"><span class='ocrx_word' id='word_1_77' title='bbox 252 839 406 893; x_wconf 85' lang='lat' dir='ltr'>quihus</span> <span class='ocrx_word' id='word_1_78' title='bbox 442 838 552 882; x_wconf 84' lang='lat' dir='ltr'>idem</span> <span class='ocrx_word' id='word_1_79' title='bbox 589 837 630 879; x_wconf 91' lang='lat' dir='ltr'>in</span> <span class='ocrx_word' id='word_1_80' title='bbox 665 843 828 881; x_wconf 84' lang='lat' dir='ltr'>terrore</span> <span class='ocrx_word' id='word_1_81' title='bbox 852 836 1091 880; x_wconf 84' lang='lat' dir='ltr'>divinitatis</span> <span class='ocrx_word' id='word_1_82' title='bbox 1112 837 1255 880; x_wconf 83' lang='lat' dir='ltr'><strong>dicere</strong></span> <span class='ocrx_word' id='word_1_83' title='bbox 1291 836 1484 879; x_wconf 76' lang='lat' dir='ltr'><strong>solebat:</strong></span> 
     </span>
     <span class='ocr_line' id='line_1_12' title="bbox 253 907 1484 966; baseline -0.002 -12"><span class='ocrx_word' id='word_1_84' title='bbox 253 910 296 954; x_wconf 85' lang='lat' dir='ltr'>Si</span> <span class='ocrx_word' id='word_1_85' title='bbox 323 910 534 965; x_wconf 70' lang='lat' dir='ltr'>quisbue,</span> <span class='ocrx_word' id='word_1_86' title='bbox 561 910 624 952; x_wconf 77' lang='lat' dir='ltr'>vel</span> <span class='ocrx_word' id='word_1_87' title='bbox 652 909 732 952; x_wconf 81' lang='lat' dir='ltr'>hoe</span> <span class='ocrx_word' id='word_1_88' title='bbox 758 909 921 960; x_wconf 79' lang='lat' dir='ltr'>fecerit,</span> <span class='ocrx_word' id='word_1_89' title='bbox 952 916 1081 952; x_wconf 84' lang='lat' dir='ltr'>morte</span> <span class='ocrx_word' id='word_1_90' title='bbox 1104 910 1310 951; x_wconf 73' lang='lat' dir='ltr'>morimur</span> <span class='ocrx_word' id='word_1_91' title='bbox 1332 907 1484 966; x_wconf 74' lang='lat' dir='ltr'>(Exod.</span> 
     </span>
     <span class='ocr_line' id='line_1_13' title="bbox 254 981 1487 1039; baseline 0 -15"><span class='ocrx_word' id='word_1_92' title='bbox 254 995 341 1032; x_wconf 58' lang='lat' dir='ltr'>xxi,</span> <span class='ocrx_word' id='word_1_93' title='bbox 367 982 451 1038; x_wconf 78' lang='grc' dir='ltr'>Π).</span> <span class='ocrx_word' id='word_1_94' title='bbox 476 981 596 1025; x_wconf 80' lang='lat' dir='ltr'>Unde</span> <span class='ocrx_word' id='word_1_95' title='bbox 612 989 652 1024; x_wconf 90' lang='lat' dir='ltr'>et</span> <span class='ocrx_word' id='word_1_96' title='bbox 667 983 788 1036; x_wconf 79' lang='lat' dir='ltr'>juxta</span> <span class='ocrx_word' id='word_1_97' title='bbox 808 994 881 1025; x_wconf 87' lang='lat' dir='ltr'>cos</span> <span class='ocrx_word' id='word_1_98' title='bbox 903 981 1107 1025; x_wconf 79' lang='lat' dir='ltr'>statuitur</span> <span class='ocrx_word' id='word_1_99' title='bbox 1126 981 1309 1039; x_wconf 80' lang='lat' dir='ltr'>Moyses,</span> <span class='ocrx_word' id='word_1_100' title='bbox 1333 991 1487 1024; x_wconf 85' lang='lat' dir='ltr'>manus</span> 
     </span>
     <span class='ocr_line' id='line_1_14' title="bbox 251 1053 1487 1110; baseline 0.001 -14"><span class='ocrx_word' id='word_1_101' title='bbox 251 1065 417 1110; x_wconf 64' lang='lat' dir='ltr'>graves»,</span> <span class='ocrx_word' id='word_1_102' title='bbox 444 1060 485 1098; x_wconf 92' lang='lat' dir='ltr'>et</span> <span class='ocrx_word' id='word_1_103' title='bbox 510 1054 770 1109; x_wconf 86' lang='lat' dir='ltr'>ponderosas</span> <span class='ocrx_word' id='word_1_104' title='bbox 793 1054 971 1104; x_wconf 86' lang='lat' dir='ltr'>habens,</span> <span class='ocrx_word' id='word_1_105' title='bbox 1006 1054 1048 1097; x_wconf 93' lang='lat' dir='ltr'>in</span> <span class='ocrx_word' id='word_1_106' title='bbox 1077 1066 1159 1098; x_wconf 75' lang='lat' dir='ltr'>tina</span> <span class='ocrx_word' id='word_1_107' title='bbox 1183 1053 1412 1110; x_wconf 77' lang='lat' dir='ltr'>flagellum,</span> <span class='ocrx_word' id='word_1_108' title='bbox 1442 1054 1487 1097; x_wconf 88' lang='lat' dir='ltr'>in</span> 
     </span>
     <span class='ocr_line' id='line_1_15' title="bbox 252 1126 1486 1182; baseline 0.002 -14"><span class='ocrx_word' id='word_1_109' title='bbox 252 1130 386 1170; x_wconf 86' lang='lat' dir='ltr'>attera</span> <span class='ocrx_word' id='word_1_110' title='bbox 425 1127 693 1182; x_wconf 75' lang='lat' dir='ltr'>evaginatum</span> <span class='ocrx_word' id='word_1_111' title='bbox 734 1126 919 1182; x_wconf 78' lang='lat' dir='ltr'>gladium</span> <span class='ocrx_word' id='word_1_112' title='bbox 967 1133 1119 1171; x_wconf 87' lang='lat' dir='ltr'>tenens</span> <span class='ocrx_word' id='word_1_113' title='bbox 1153 1143 1162 1170; x_wconf 82' lang='lat' dir='ltr'>z</span> <span class='ocrx_word' id='word_1_114' title='bbox 1196 1127 1297 1182; x_wconf 84' lang='lat' dir='ltr'>quia</span> <span class='ocrx_word' id='word_1_115' title='bbox 1333 1127 1401 1170; x_wconf 77' lang='lat' dir='ltr'>lex</span> <span class='ocrx_word' id='word_1_116' title='bbox 1434 1127 1486 1170; x_wconf 86' lang='lat' dir='ltr'>ad</span> 
     </span>
     <span class='ocr_line' id='line_1_16' title="bbox 253 1197 1483 1255; baseline 0.002 -14"><span class='ocrx_word' id='word_1_117' title='bbox 253 1199 487 1242; x_wconf 82' lang='lat' dir='ltr'>feriendum</span> <span class='ocrx_word' id='word_1_118' title='bbox 522 1206 563 1242; x_wconf 92' lang='lat' dir='ltr'>et</span> <span class='ocrx_word' id='word_1_119' title='bbox 603 1200 881 1243; x_wconf 88' lang='lat' dir='ltr'>occidendum</span> <span class='ocrx_word' id='word_1_120' title='bbox 919 1205 1168 1255; x_wconf 77' lang='lat' dir='ltr'>peccatores</span> <span class='ocrx_word' id='word_1_121' title='bbox 1209 1204 1358 1255; x_wconf 87' lang='lat' dir='ltr'>parata</span> <span class='ocrx_word' id='word_1_122' title='bbox 1391 1197 1483 1243; x_wconf 83' lang='lat' dir='ltr'>ruit.</span> 
     </span>
     <span class='ocr_line' id='line_1_17' title="bbox 251 1272 1486 1329; baseline 0.002 -16"><span class='ocrx_word' id='word_1_123' title='bbox 251 1272 283 1313; x_wconf 86' lang='grc' dir='ltr'>Α</span> <span class='ocrx_word' id='word_1_124' title='bbox 325 1272 510 1316; x_wconf 80' lang='lat' dir='ltr'>sinistris</span> <span class='ocrx_word' id='word_1_125' title='bbox 544 1278 684 1316; x_wconf 87' lang='lat' dir='ltr'>autem</span> <span class='ocrx_word' id='word_1_126' title='bbox 719 1273 856 1316; x_wconf 87' lang='lat' dir='ltr'>iconis</span> <span class='ocrx_word' id='word_1_127' title='bbox 888 1273 1068 1328; x_wconf 83' lang='lat' dir='ltr'>populus</span> <span class='ocrx_word' id='word_1_128' title='bbox 1109 1273 1352 1329; x_wconf 76' lang='lat' dir='ltr'>depingitur</span> <span class='ocrx_word' id='word_1_129' title='bbox 1383 1285 1486 1329; x_wconf 79' lang='lat' dir='ltr'>gen-</span> 
     </span>
    </p>
   </div>
   <div class='ocr_carea' id='block_1_7' title="bbox 2838 179 2847 195">
    <p class='ocr_par' dir='ltr' id='par_1_7' title="bbox 2838 171 2850 195">
     <span class='ocr_line' id='line_1_18' title="bbox 2838 179 2847 195; baseline 0 -22"><span class='ocrx_word' id='word_1_130' title='bbox 2838 179 2847 195; x_wconf 44' lang='grc' dir='ltr'>ί</span> 
     </span>
    </p>
   </div>
   <div class='ocr_carea' id='block_1_8' title="bbox 2733 162 2901 221">
    <p class='ocr_par' dir='ltr' id='par_1_8' title="bbox 2733 162 2901 221">
     <span class='ocr_line' id='line_1_19' title="bbox 2733 162 2901 221; baseline 0.012 -13"><span class='ocrx_word' id='word_1_131' title='bbox 2733 162 2817 210; x_wconf 75' lang='lat'>&#39;132</span> <span class='ocrx_word' id='word_1_132' title='bbox 2898 174 2901 221; x_wconf 57' lang='lat' dir='ltr'>g</span> 
     </span>
    </p>
   </div>
   <div class='ocr_carea' id='block_1_9' title="bbox 2898 47 2901 135">
    <p class='ocr_par' dir='ltr' id='par_1_9' title="bbox 2898 47 2901 135">
     <span class='ocr_line' id='line_1_20' title="bbox 2898 47 2901 135; baseline 0 0"><span class='ocrx_word' id='word_1_133' title='bbox 2898 47 2901 135; x_wconf 74' lang='lat' dir='ltr'>i</span> 
     </span>
    </p>
   </div>
   <div class='ocr_carea' id='block_1_10' title="bbox 2898 139 2901 169">
    <p class='ocr_par' dir='ltr' id='par_1_10' title="bbox 2898 139 2901 169">
     <span class='ocr_line' id='line_1_21' title="bbox 2898 139 2901 169; baseline 0 0"><span class='ocrx_word' id='word_1_134' title='bbox 2898 139 2901 169; x_wconf 73' lang='lat' dir='ltr'>i</span> 
     </span>
    </p>
   </div>
   <div class='ocr_carea' id='block_1_11' title="bbox 1566 320 2900 454">
    <p class='ocr_par' dir='ltr' id='par_1_11' title="bbox 1566 320 2900 454">
     <span class='ocr_line' id='line_1_22' title="bbox 1568 320 2900 380; baseline 0.007 -16"><span class='ocrx_word' id='word_1_135' title='bbox 1568 323 1688 378; x_wconf 78' lang='lat' dir='ltr'>giose</span> <span class='ocrx_word' id='word_1_136' title='bbox 1711 323 1926 373; x_wconf 84' lang='lat' dir='ltr'>vixerunt,</span> <span class='ocrx_word' id='word_1_137' title='bbox 1953 328 1994 365; x_wconf 87' lang='lat' dir='ltr'>et</span> <span class='ocrx_word' id='word_1_138' title='bbox 2017 320 2211 380; x_wconf 48' lang='lat' dir='ltr'>semin&amp;</span> <span class='ocrx_word' id='word_1_139' title='bbox 2237 321 2313 377; x_wconf 78' lang='lat' dir='ltr'>qui</span> <span class='ocrx_word' id='word_1_140' title='bbox 2336 329 2438 367; x_wconf 85' lang='lat' dir='ltr'>sunt</span> <span class='ocrx_word' id='word_1_141' title='bbox 2469 323 2575 377; x_wconf 83' lang='lat' dir='ltr'>Noe,</span> <span class='ocrx_word' id='word_1_142' title='bbox 2603 325 2752 373; x_wconf 79' lang='lat' dir='ltr'>Daniel</span> <span class='ocrx_word' id='word_1_143' title='bbox 2772 335 2822 376; x_wconf 68' lang='lat' dir='ltr'>et</span> <span class='ocrx_word' id='word_1_144' title='bbox 2897 342 2900 372; x_wconf 70' lang='grc' dir='ltr'>ε</span> 
     </span>
     <span class='ocr_line' id='line_1_23' title="bbox 1566 373 2900 454; baseline 0.007 -18"><span class='ocrx_word' id='word_1_145' title='bbox 1566 393 1663 446; x_wconf 79' lang='lat' dir='ltr'>Job,</span> <span class='ocrx_word' id='word_1_146' title='bbox 1690 395 1764 449; x_wconf 86' lang='lat' dir='ltr'>qui</span> <span class='ocrx_word' id='word_1_147' title='bbox 1790 394 1832 437; x_wconf 90' lang='lat' dir='ltr'>in</span> <span class='ocrx_word' id='word_1_148' title='bbox 1857 393 1927 437; x_wconf 86' lang='lat' dir='ltr'>die</span> <span class='ocrx_word' id='word_1_149' title='bbox 1945 384 2315 449; x_wconf 53' lang='lat' dir='ltr'>iudicinquando</span> <span class='ocrx_word' id='word_1_150' title='bbox 2348 407 2396 439; x_wconf 83' lang='lat' dir='ltr'>se</span> <span class='ocrx_word' id='word_1_151' title='bbox 2419 398 2464 439; x_wconf 89' lang='lat' dir='ltr'>in</span> <span class='ocrx_word' id='word_1_152' title='bbox 2498 398 2597 454; x_wconf 81' lang='lat' dir='ltr'>igne</span> <span class='ocrx_word' id='word_1_153' title='bbox 2617 397 2837 450; x_wconf 54' lang='lat' dir='ltr'>Christo&amp;</span> <span class='ocrx_word' id='word_1_154' title='bbox 2894 373 2900 420; x_wconf 33' lang='grc' dir='ltr'><em>ἦ</em></span> 
     </span>
    </p>
   </div>
   <div class='ocr_carea' id='block_1_12' title="bbox 1567 466 2838 536">
    <p class='ocr_par' dir='ltr' id='par_1_12' title="bbox 1567 466 2838 536">
     <span class='ocr_line' id='line_1_24' title="bbox 1567 466 2838 536; baseline 0.009 -27"><span class='ocrx_word' id='word_1_155' title='bbox 1567 467 1763 510; x_wconf 87' lang='lat' dir='ltr'>ostendet</span> <span class='ocrx_word' id='word_1_156' title='bbox 1785 472 1829 510; x_wconf 92' lang='lat' dir='ltr'>et</span> <span class='ocrx_word' id='word_1_157' title='bbox 1863 466 1910 513; x_wconf 87' lang='lat' dir='ltr'>in</span> <span class='ocrx_word' id='word_1_158' title='bbox 1944 466 2073 518; x_wconf 86' lang='lat' dir='ltr'>nube,</span> <span class='ocrx_word' id='word_1_159' title='bbox 2100 467 2383 514; x_wconf 81' lang='lat' dir='ltr'>salvabuntur</span> <span class='ocrx_word' id='word_1_160' title='bbox 2403 468 2575 527; x_wconf 71' lang='lat' dir='ltr'>(Manli.</span> <span class='ocrx_word' id='word_1_161' title='bbox 2599 485 2700 528; x_wconf 82' lang='lat' dir='ltr'>xxv,</span> <span class='ocrx_word' id='word_1_162' title='bbox 2719 469 2838 536; x_wconf 49' lang='lat' dir='ltr'>DQ:</span> 
     </span>
    </p>
   </div>
   <div class='ocr_carea' id='block_1_13' title="bbox 1569 538 2804 599">
    <p class='ocr_par' dir='ltr' id='par_1_13' title="bbox 1569 538 2827 599">
     <span class='ocr_line' id='line_1_25' title="bbox 1569 538 2804 599; baseline 0.008 -18"><span class='ocrx_word' id='word_1_163' title='bbox 1569 538 1691 582; x_wconf 89' lang='lat' dir='ltr'>Tune</span> <span class='ocrx_word' id='word_1_164' title='bbox 1712 539 1952 595; x_wconf 83' lang='lat' dir='ltr'>percipient</span> <span class='ocrx_word' id='word_1_165' title='bbox 1984 552 2182 594; x_wconf 73' lang='lat' dir='ltr'>regnum,</span> <span class='ocrx_word' id='word_1_166' title='bbox 2208 541 2322 597; x_wconf 86' lang='lat' dir='ltr'>quod</span> <span class='ocrx_word' id='word_1_167' title='bbox 2346 543 2410 586; x_wconf 89' lang='lat' dir='ltr'>eis</span> <span class='ocrx_word' id='word_1_168' title='bbox 2432 550 2631 599; x_wconf 85' lang='lat' dir='ltr'>paratum</span> <span class='ocrx_word' id='word_1_169' title='bbox 2665 552 2733 591; x_wconf 77' lang='lat' dir='ltr'>est</span> <span class='ocrx_word' id='word_1_170' title='bbox 2786 570 2804 585; x_wconf 70' lang='lat'>›-</span> 
     </span>
    </p>
   </div>
   <div class='ocr_carea' id='block_1_14' title="bbox 1567 600 2846 749">
    <p class='ocr_par' dir='ltr' id='par_1_14' title="bbox 1567 600 2847 749">
     <span class='ocr_line' id='line_1_26' title="bbox 1567 600 2846 677; baseline 0.007 -23"><span class='ocrx_word' id='word_1_171' title='bbox 1567 611 1733 666; x_wconf 86' lang='lat' dir='ltr'>origine</span> <span class='ocrx_word' id='word_1_172' title='bbox 1762 610 1928 663; x_wconf 88' lang='lat' dir='ltr'>mundi,</span> <span class='ocrx_word' id='word_1_173' title='bbox 1954 611 2070 666; x_wconf 78' lang='lat' dir='ltr'>quod</span> <span class='ocrx_word' id='word_1_174' title='bbox 2092 610 2292 656; x_wconf 81' lang='lat' dir='ltr'>videlieet</span> <span class='ocrx_word' id='word_1_175' title='bbox 2323 625 2521 670; x_wconf 75' lang='lat' dir='ltr'>regnum,</span> <span class='ocrx_word' id='word_1_176' title='bbox 2548 618 2660 662; x_wconf 87' lang='lat' dir='ltr'>sicut</span> <span class='ocrx_word' id='word_1_177' title='bbox 2689 600 2846 677; x_wconf 54' lang='lat' dir='ltr'>longe‘ss</span> 
     </span>
     <span class='ocr_line' id='line_1_27' title="bbox 1569 683 2827 749; baseline 0.007 -22"><span class='ocrx_word' id='word_1_178' title='bbox 1569 684 1768 739; x_wconf 87' lang='lat' dir='ltr'>superius</span> <span class='ocrx_word' id='word_1_179' title='bbox 1791 683 1952 731; x_wconf 86' lang='lat' dir='ltr'>dictum</span> <span class='ocrx_word' id='word_1_180' title='bbox 1979 689 2062 735; x_wconf 85' lang='lat' dir='ltr'>est,</span> <span class='ocrx_word' id='word_1_181' title='bbox 2088 685 2133 727; x_wconf 92' lang='lat' dir='ltr'>in</span> <span class='ocrx_word' id='word_1_182' title='bbox 2166 683 2323 729; x_wconf 83' lang='lat' dir='ltr'>Sancta</span> <span class='ocrx_word' id='word_1_183' title='bbox 2349 693 2598 733; x_wconf 84' lang='lat' dir='ltr'>sanctorum</span> <span class='ocrx_word' id='word_1_184' title='bbox 2622 690 2827 749; x_wconf 58' lang='lat' dir='ltr'>depingi-³</span> 
     </span>
    </p>
   </div>
   <div class='ocr_carea' id='block_1_15' title="bbox 1567 756 2828 964">
    <p class='ocr_par' dir='ltr' id='par_1_15' title="bbox 1567 756 2828 964">
     <span class='ocr_line' id='line_1_28' title="bbox 1569 756 2816 823; baseline 0.008 -24"><span class='ocrx_word' id='word_1_185' title='bbox 1569 762 1655 808; x_wconf 83' lang='lat' dir='ltr'>tur,</span> <span class='ocrx_word' id='word_1_186' title='bbox 1682 757 1754 800; x_wconf 90' lang='lat' dir='ltr'>ubi</span> <span class='ocrx_word' id='word_1_187' title='bbox 1782 756 1909 812; x_wconf 80' lang='lat' dir='ltr'>juxta</span> <span class='ocrx_word' id='word_1_188' title='bbox 1933 758 2162 813; x_wconf 85' lang='lat' dir='ltr'>imaginem</span> <span class='ocrx_word' id='word_1_189' title='bbox 2187 771 2241 803; x_wconf 82' lang='lat' dir='ltr'>ex</span> <span class='ocrx_word' id='word_1_190' title='bbox 2265 771 2349 803; x_wconf 85' lang='lat' dir='ltr'>nna</span> <span class='ocrx_word' id='word_1_191' title='bbox 2373 766 2496 816; x_wconf 79' lang='lat' dir='ltr'>parte</span> <span class='ocrx_word' id='word_1_192' title='bbox 2519 768 2619 806; x_wconf 91' lang='lat' dir='ltr'>sunt</span> <span class='ocrx_word' id='word_1_193' title='bbox 2641 759 2816 823; x_wconf 63' lang='lat' dir='ltr'>angeli}</span> 
     </span>
     <span class='ocr_line' id='line_1_29' title="bbox 1567 830 2816 892; baseline 0.006 -17"><span class='ocrx_word' id='word_1_194' title='bbox 1567 844 1621 875; x_wconf 84' lang='lat' dir='ltr'>ex</span> <span class='ocrx_word' id='word_1_195' title='bbox 1644 831 1781 875; x_wconf 87' lang='lat' dir='ltr'>altera</span> <span class='ocrx_word' id='word_1_196' title='bbox 1802 830 2006 875; x_wconf 82' lang='lat' dir='ltr'>drachma</span> <span class='ocrx_word' id='word_1_197' title='bbox 2042 831 2224 875; x_wconf 87' lang='lat' dir='ltr'>decima.</span> <span class='ocrx_word' id='word_1_198' title='bbox 2268 831 2320 875; x_wconf 81' lang='lat' dir='ltr'>Et</span> <span class='ocrx_word' id='word_1_199' title='bbox 2351 834 2452 878; x_wconf 79' lang='lat' dir='ltr'>illue</span> <span class='ocrx_word' id='word_1_200' title='bbox 2483 842 2582 891; x_wconf 90' lang='lat' dir='ltr'>post</span> <span class='ocrx_word' id='word_1_201' title='bbox 2602 835 2816 892; x_wconf 82' lang='lat' dir='ltr'>judicium</span> 
     </span>
     <span class='ocr_line' id='line_1_30' title="bbox 1567 902 2828 964; baseline 0.009 -19"><span class='ocrx_word' id='word_1_202' title='bbox 1567 903 1691 946; x_wconf 87' lang='lat' dir='ltr'>ibunt</span> <span class='ocrx_word' id='word_1_203' title='bbox 1706 903 1856 955; x_wconf 83' lang='lat' dir='ltr'>electi,</span> <span class='ocrx_word' id='word_1_204' title='bbox 1881 902 1952 947; x_wconf 76' lang='lat' dir='ltr'>ubi</span> <span class='ocrx_word' id='word_1_205' title='bbox 1991 912 2056 947; x_wconf 84' lang='lat' dir='ltr'>est</span> <span class='ocrx_word' id='word_1_206' title='bbox 2078 903 2230 949; x_wconf 84' lang='lat' dir='ltr'>draehr</span> <span class='ocrx_word' id='word_1_207' title='bbox 2259 917 2300 955; x_wconf 88' lang='lat' dir='ltr'>a,</span> <span class='ocrx_word' id='word_1_208' title='bbox 2327 905 2427 961; x_wconf 87' lang='lat' dir='ltr'>quia</span> <span class='ocrx_word' id='word_1_209' title='bbox 2467 912 2509 950; x_wconf 87' lang='lat' dir='ltr'>et</span> <span class='ocrx_word' id='word_1_210' title='bbox 2545 908 2631 964; x_wconf 87' lang='lat' dir='ltr'>ipsi</span> <span class='ocrx_word' id='word_1_211' title='bbox 2667 903 2828 957; x_wconf 56' lang='lat' dir='ltr'>eadent</span> 
     </span>
    </p>
   </div>
   <div class='ocr_carea' id='block_1_16' title="bbox 1567 975 2841 1045">
    <p class='ocr_par' dir='ltr' id='par_1_16' title="bbox 1567 975 2841 1045">
     <span class='ocr_line' id='line_1_31' title="bbox 1567 975 2841 1045; baseline 0.006 -26"><span class='ocrx_word' id='word_1_212' title='bbox 1567 976 1777 1035; x_wconf 25' lang='lat' dir='ltr'>drachma·</span> <span class='ocrx_word' id='word_1_213' title='bbox 1796 982 1921 1029; x_wconf 82' lang='lat' dir='ltr'>sunt3</span> <span class='ocrx_word' id='word_1_214' title='bbox 1949 975 2024 1020; x_wconf 88' lang='lat' dir='ltr'>sed</span> <span class='ocrx_word' id='word_1_215' title='bbox 2058 976 2102 1019; x_wconf 88' lang='lat' dir='ltr'>in</span> <span class='ocrx_word' id='word_1_216' title='bbox 2141 977 2211 1022; x_wconf 87' lang='lat' dir='ltr'>his</span> <span class='ocrx_word' id='word_1_217' title='bbox 2243 977 2506 1034; x_wconf 75' lang='lat' dir='ltr'>imaginibus</span> <span class='ocrx_word' id='word_1_218' title='bbox 2529 979 2792 1038; x_wconf 75' lang='lat' dir='ltr'>depinguntu</span> <span class='ocrx_word' id='word_1_219' title='bbox 2824 989 2841 1045; x_wconf 49' lang='lat' dir='ltr'>J„</span> 
     </span>
    </p>
   </div>
   <div class='ocr_carea' id='block_1_17' title="bbox 1567 1049 2829 1180">
    <p class='ocr_par' dir='ltr' id='par_1_17' title="bbox 1567 1049 2830 1180">
     <span class='ocr_line' id='line_1_32' title="bbox 1567 1049 2829 1107; baseline 0.006 -14"><span class='ocrx_word' id='word_1_220' title='bbox 1567 1050 1696 1094; x_wconf 88' lang='lat' dir='ltr'>iidem</span> <span class='ocrx_word' id='word_1_221' title='bbox 1735 1050 1877 1100; x_wconf 87' lang='lat' dir='ltr'>electi,</span> <span class='ocrx_word' id='word_1_222' title='bbox 1902 1049 1953 1094; x_wconf 89' lang='lat' dir='ltr'>ad</span> <span class='ocrx_word' id='word_1_223' title='bbox 1986 1061 2164 1106; x_wconf 81' lang='lat' dir='ltr'>regnum</span> <span class='ocrx_word' id='word_1_224' title='bbox 2202 1057 2386 1107; x_wconf 62' lang='lat' dir='ltr'>eumer,</span> <span class='ocrx_word' id='word_1_225' title='bbox 2410 1052 2454 1095; x_wconf 90' lang='lat' dir='ltr'>in</span> <span class='ocrx_word' id='word_1_226' title='bbox 2478 1051 2685 1100; x_wconf 75' lang='lat' dir='ltr'>drachma</span> <span class='ocrx_word' id='word_1_227' title='bbox 2714 1066 2829 1103; x_wconf 78' lang='lat' dir='ltr'>vero</span> 
     </span>
     <span class='ocr_line' id='line_1_33' title="bbox 1569 1123 2825 1180; baseline 0.006 -14"><span class='ocrx_word' id='word_1_228' title='bbox 1569 1123 1681 1166; x_wconf 85' lang='lat' dir='ltr'>idem</span> <span class='ocrx_word' id='word_1_229' title='bbox 1703 1135 1879 1179; x_wconf 84' lang='lat' dir='ltr'>regnum</span> <span class='ocrx_word' id='word_1_230' title='bbox 1899 1123 2173 1180; x_wconf 87' lang='lat' dir='ltr'>possidentes</span> <span class='ocrx_word' id='word_1_231' title='bbox 2823 1127 2825 1139; x_wconf 69' lang='lat'><strong>²</strong></span> 
     </span>
    </p>
   </div>
   <div class='ocr_carea' id='block_1_18' title="bbox 2009 1196 2338 1242">
    <p class='ocr_par' dir='ltr' id='par_1_18' title="bbox 2009 1196 2338 1242">
     <span class='ocr_line' id='line_1_34' title="bbox 2009 1196 2338 1242; baseline 0.006 -1"><span class='ocrx_word' id='word_1_232' title='bbox 2009 1196 2191 1241; x_wconf 85' lang='lat' dir='ltr'>CAPUT</span> <span class='ocrx_word' id='word_1_233' title='bbox 2243 1197 2338 1242; x_wconf 79' lang='lat' dir='ltr'>xvl</span> 
     </span>
    </p>
   </div>
   <div class='ocr_carea' id='block_1_19' title="bbox 1624 1244 2888 1341">
    <p class='ocr_par' dir='ltr' id='par_1_19' title="bbox 1624 1244 2888 1341">
     <span class='ocr_line' id='line_1_35' title="bbox 1624 1244 2888 1341; baseline 0.006 -28"><span class='ocrx_word' id='word_1_234' title='bbox 1624 1269 1757 1324; x_wconf 80' lang='lat' dir='ltr'>Super</span> <span class='ocrx_word' id='word_1_235' title='bbox 1777 1270 1910 1324; x_wconf 81' lang='lat' dir='ltr'>capite</span> <span class='ocrx_word' id='word_1_236' title='bbox 1931 1269 2180 1326; x_wconf 68' lang='lat' dir='ltr'>praecedenti·</span> <span class='ocrx_word' id='word_1_237' title='bbox 2199 1271 2290 1316; x_wconf 70' lang='lat' dir='ltr'>alia</span> <span class='ocrx_word' id='word_1_238' title='bbox 2309 1275 2510 1330; x_wconf 65' lang='lat' dir='ltr'>expositio</span> <span class='ocrx_word' id='word_1_239' title='bbox 2533 1274 2771 1333; x_wconf 74' lang='lat' dir='ltr'>alteqoricae.</span> <span class='ocrx_word' id='word_1_240' title='bbox 2816 1281 2820 1326; x_wconf 70' lang='lat' dir='ltr'>T</span> <span class='ocrx_word' id='word_1_241' title='bbox 2840 1334 2845 1341; x_wconf 28' lang='lat' dir='ltr'><em>A</em></span> <span class='ocrx_word' id='word_1_242' title='bbox 2876 1244 2888 1325; x_wconf 80' lang='grc' dir='ltr'><em> </em></span> 
     </span>
    </p>
   </div>
   <div class='ocr_carea' id='block_1_20' title="bbox 251 1321 2845 1405">
    <p class='ocr_par' dir='ltr' id='par_1_20' title="bbox 251 1321 2845 1405">
     <span class='ocr_line' id='line_1_36' title="bbox 251 1321 2845 1405; baseline 0.003 -20"><span class='ocrx_word' id='word_1_243' title='bbox 251 1343 366 1394; x_wconf 87' lang='lat' dir='ltr'>tilis,</span> <span class='ocrx_word' id='word_1_244' title='bbox 401 1344 471 1399; x_wconf 83' lang='lat' dir='ltr'>qui</span> <span class='ocrx_word' id='word_1_245' title='bbox 506 1342 616 1387; x_wconf 88' lang='lat' dir='ltr'>idola</span> <span class='ocrx_word' id='word_1_246' title='bbox 648 1345 848 1397; x_wconf 75' lang='lat' dir='ltr'>colebat;</span> <span class='ocrx_word' id='word_1_247' title='bbox 884 1346 936 1389; x_wconf 88' lang='lat' dir='ltr'>de</span> <span class='ocrx_word' id='word_1_248' title='bbox 953 1345 1169 1403; x_wconf 88' lang='lat' dir='ltr'>quibusin</span> <span class='ocrx_word' id='word_1_249' title='bbox 1189 1345 1302 1388; x_wconf 85' lang='lat' dir='ltr'>nube</span> <span class='ocrx_word' id='word_1_250' title='bbox 1334 1345 1487 1388; x_wconf 83' lang='lat' dir='ltr'>huma-</span> <span class='ocrx_word' id='word_1_251' title='bbox 1516 1321 1544 1362; x_wconf 64' lang='grc' dir='ltr'>Β</span> <span class='ocrx_word' id='word_1_252' title='bbox 1623 1341 1790 1386; x_wconf 80' lang='lat' dir='ltr'>CXXX.</span> <span class='ocrx_word' id='word_1_253' title='bbox 1823 1341 2061 1388; x_wconf 85' lang='lat' dir='ltr'>Possumus</span> <span class='ocrx_word' id='word_1_254' title='bbox 2078 1357 2179 1389; x_wconf 83' lang='lat' dir='ltr'>vero</span> <span class='ocrx_word' id='word_1_255' title='bbox 2196 1345 2498 1391; x_wconf 78' lang='lat' dir='ltr'>adbucdehae</span> <span class='ocrx_word' id='word_1_256' title='bbox 2514 1348 2684 1405; x_wconf 85' lang='lat' dir='ltr'>gemina</span> <span class='ocrx_word' id='word_1_257' title='bbox 2697 1341 2845 1393; x_wconf 75' lang='lat' dir='ltr'>Chri-</span> 
     </span>
    </p>
   </div>
   <div class='ocr_carea' id='block_1_21' title="bbox 248 1417 1490 1842">
    <p class='ocr_par' dir='ltr' id='par_1_21' title="bbox 248 1417 1490 1842">
     <span class='ocr_line' id='line_1_37' title="bbox 251 1417 1487 1476; baseline 0.002 -17"><span class='ocrx_word' id='word_1_258' title='bbox 251 1417 412 1468; x_wconf 90' lang='lat' dir='ltr'>nitatis,</span> <span class='ocrx_word' id='word_1_259' title='bbox 444 1418 500 1461; x_wconf 92' lang='lat' dir='ltr'>ibi</span> <span class='ocrx_word' id='word_1_260' title='bbox 529 1419 650 1473; x_wconf 81' lang='lat' dir='ltr'>juxta</span> <span class='ocrx_word' id='word_1_261' title='bbox 691 1431 763 1462; x_wconf 88' lang='lat' dir='ltr'>eos</span> <span class='ocrx_word' id='word_1_262' title='bbox 793 1419 975 1475; x_wconf 86' lang='lat' dir='ltr'>depicta,</span> <span class='ocrx_word' id='word_1_263' title='bbox 1008 1420 1119 1464; x_wconf 85' lang='lat' dir='ltr'>idem</span> <span class='ocrx_word' id='word_1_264' title='bbox 1150 1419 1338 1476; x_wconf 88' lang='lat' dir='ltr'>loquitur</span> <span class='ocrx_word' id='word_1_265' title='bbox 1363 1417 1487 1463; x_wconf 87' lang='lat' dir='ltr'>Chri-</span> 
     </span>
     <span class='ocr_line' id='line_1_38' title="bbox 250 1489 1489 1548; baseline 0.002 -15"><span class='ocrx_word' id='word_1_266' title='bbox 250 1494 345 1534; x_wconf 76' lang='lat' dir='ltr'>stus</span> <span class='ocrx_word' id='word_1_267' title='bbox 368 1506 376 1532; x_wconf 94' lang='lat'><strong>:</strong></span> <span class='ocrx_word' id='word_1_268' title='bbox 401 1489 496 1533; x_wconf 81' lang='lat' dir='ltr'>Non</span> <span class='ocrx_word' id='word_1_269' title='bbox 522 1492 610 1534; x_wconf 76' lang='lat' dir='ltr'>reni</span> <span class='ocrx_word' id='word_1_270' title='bbox 635 1505 777 1535; x_wconf 78' lang='lat' dir='ltr'>vocare</span> <span class='ocrx_word' id='word_1_271' title='bbox 793 1492 948 1547; x_wconf 76' lang='lat' dir='ltr'>justos,</span> <span class='ocrx_word' id='word_1_272' title='bbox 974 1492 1045 1536; x_wconf 75' lang='lat' dir='ltr'>sed</span> <span class='ocrx_word' id='word_1_273' title='bbox 1066 1500 1295 1548; x_wconf 79' lang='lat' dir='ltr'>peccatores</span> <span class='ocrx_word' id='word_1_274' title='bbox 1322 1491 1375 1534; x_wconf 78' lang='lat' dir='ltr'>ad</span> <span class='ocrx_word' id='word_1_275' title='bbox 1404 1507 1489 1548; x_wconf 78' lang='grc' dir='ltr'>ρω-</span> 
     </span>
     <span class='ocr_line' id='line_1_39' title="bbox 255 1564 1487 1624; baseline 0.004 -18"><span class='ocrx_word' id='word_1_276' title='bbox 255 1565 470 1607; x_wconf 77' lang='lat' dir='ltr'>nitentium</span> <span class='ocrx_word' id='word_1_277' title='bbox 499 1564 615 1622; x_wconf 82' lang='lat' dir='ltr'>(Luc.</span> <span class='ocrx_word' id='word_1_278' title='bbox 639 1580 680 1619; x_wconf 86' lang='lat' dir='ltr'>v,</span> <span class='ocrx_word' id='word_1_279' title='bbox 703 1566 788 1620; x_wconf 65' lang='grc' dir='ltr'>δὲ).</span> <span class='ocrx_word' id='word_1_280' title='bbox 814 1565 935 1611; x_wconf 79' lang='lat' dir='ltr'>Unde</span> <span class='ocrx_word' id='word_1_281' title='bbox 958 1572 1001 1611; x_wconf 90' lang='lat' dir='ltr'>et</span> <span class='ocrx_word' id='word_1_282' title='bbox 1022 1566 1080 1611; x_wconf 91' lang='lat' dir='ltr'>ibi</span> <span class='ocrx_word' id='word_1_283' title='bbox 1095 1567 1218 1624; x_wconf 86' lang='lat' dir='ltr'>juxta</span> <span class='ocrx_word' id='word_1_284' title='bbox 1242 1579 1317 1612; x_wconf 89' lang='lat' dir='ltr'>eos</span> <span class='ocrx_word' id='word_1_285' title='bbox 1344 1567 1487 1611; x_wconf 86' lang='lat' dir='ltr'>Aaron</span> 
     </span>
     <span class='ocr_line' id='line_1_40' title="bbox 248 1635 1488 1697; baseline 0.006 -19"><span class='ocrx_word' id='word_1_286' title='bbox 248 1643 291 1679; x_wconf 89' lang='lat' dir='ltr'>et</span> <span class='ocrx_word' id='word_1_287' title='bbox 329 1635 416 1680; x_wconf 77' lang='lat' dir='ltr'>liur</span> <span class='ocrx_word' id='word_1_288' title='bbox 446 1650 599 1682; x_wconf 90' lang='lat' dir='ltr'>manus</span> <span class='ocrx_word' id='word_1_289' title='bbox 633 1636 767 1696; x_wconf 83' lang='lat' dir='ltr'>Moysi</span> <span class='ocrx_word' id='word_1_290' title='bbox 804 1639 1045 1694; x_wconf 89' lang='lat' dir='ltr'>sustinent;</span> <span class='ocrx_word' id='word_1_291' title='bbox 1082 1641 1183 1697; x_wconf 87' lang='lat' dir='ltr'>quia</span> <span class='ocrx_word' id='word_1_292' title='bbox 1217 1641 1324 1685; x_wconf 77' lang='lat' dir='ltr'>levia</span> <span class='ocrx_word' id='word_1_293' title='bbox 1361 1641 1488 1686; x_wconf 91' lang='lat' dir='ltr'>nobis</span> 
     </span>
     <span class='ocr_line' id='line_1_41' title="bbox 248 1709 1490 1768; baseline 0.003 -14"><span class='ocrx_word' id='word_1_294' title='bbox 248 1709 434 1760; x_wconf 76' lang='lat' dir='ltr'>efficiunt</span> <span class='ocrx_word' id='word_1_295' title='bbox 465 1717 674 1768; x_wconf 61' lang='lat' dir='ltr'>precepta</span> <span class='ocrx_word' id='word_1_296' title='bbox 714 1713 927 1757; x_wconf 66' lang='lat' dir='ltr'>celsitudo</span> <span class='ocrx_word' id='word_1_297' title='bbox 960 1713 1192 1758; x_wconf 81' lang='lat' dir='ltr'>Dominicae</span> <span class='ocrx_word' id='word_1_298' title='bbox 1228 1715 1490 1759; x_wconf 80' lang='lat' dir='ltr'>incarnatio·</span> 
     </span>
     <span class='ocr_line' id='line_1_42' title="bbox 248 1783 1490 1842; baseline 0.006 -17"><span class='ocrx_word' id='word_1_299' title='bbox 248 1783 334 1834; x_wconf 85' lang='lat' dir='ltr'>nis,</span> <span class='ocrx_word' id='word_1_300' title='bbox 374 1797 468 1840; x_wconf 81' lang='lat' dir='ltr'>quae</span> <span class='ocrx_word' id='word_1_301' title='bbox 503 1787 760 1841; x_wconf 85' lang='lat' dir='ltr'>exprimitur</span> <span class='ocrx_word' id='word_1_302' title='bbox 795 1798 870 1842; x_wconf 89' lang='lat' dir='ltr'>per</span> <span class='ocrx_word' id='word_1_303' title='bbox 909 1786 1069 1839; x_wconf 86' lang='lat' dir='ltr'>Aaron,</span> <span class='ocrx_word' id='word_1_304' title='bbox 1107 1793 1148 1833; x_wconf 91' lang='lat' dir='ltr'>et</span> <span class='ocrx_word' id='word_1_305' title='bbox 1184 1788 1314 1832; x_wconf 88' lang='lat' dir='ltr'>ardor</span> <span class='ocrx_word' id='word_1_306' title='bbox 1349 1790 1490 1833; x_wconf 86' lang='lat' dir='ltr'>sancti</span> 
     </span>
    </p>
   </div>
   <div class='ocr_carea' id='block_1_22' title="bbox 247 1855 1490 1985">
    <p class='ocr_par' dir='ltr' id='par_1_22' title="bbox 247 1855 1490 1985">
     <span class='ocr_line' id='line_1_43' title="bbox 250 1855 1490 1918; baseline 0.009 -22"><span class='ocrx_word' id='word_1_307' title='bbox 250 1855 452 1911; x_wconf 79' lang='lat' dir='ltr'>Spiritus,</span> <span class='ocrx_word' id='word_1_308' title='bbox 476 1859 547 1915; x_wconf 85' lang='lat' dir='ltr'>qui</span> <span class='ocrx_word' id='word_1_309' title='bbox 587 1871 662 1914; x_wconf 88' lang='lat' dir='ltr'>per</span> <span class='ocrx_word' id='word_1_310' title='bbox 685 1858 790 1903; x_wconf 84' lang='lat' dir='ltr'>Hur.</span> <span class='ocrx_word' id='word_1_311' title='bbox 817 1859 916 1904; x_wconf 84' lang='lat' dir='ltr'>Haec</span> <span class='ocrx_word' id='word_1_312' title='bbox 951 1861 1004 1904; x_wconf 87' lang='lat' dir='ltr'>de</span> <span class='ocrx_word' id='word_1_313' title='bbox 1041 1861 1113 1904; x_wconf 89' lang='lat' dir='ltr'>illa</span> <span class='ocrx_word' id='word_1_314' title='bbox 1147 1861 1269 1918; x_wconf 83' lang='lat' dir='ltr'>icone</span> <span class='ocrx_word' id='word_1_315' title='bbox 1299 1861 1490 1907; x_wconf 86' lang='lat' dir='ltr'>breviter</span> 
     </span>
     <span class='ocr_line' id='line_1_44' title="bbox 247 1927 1002 1985; baseline 0.009 -15"><span class='ocrx_word' id='word_1_316' title='bbox 247 1927 361 1970; x_wconf 65' lang='lat' dir='ltr'>‹li-„ta</span> <span class='ocrx_word' id='word_1_317' title='bbox 385 1930 486 1978; x_wconf 90' lang='lat' dir='ltr'>sint,</span> <span class='ocrx_word' id='word_1_318' title='bbox 511 1942 605 1985; x_wconf 84' lang='lat' dir='ltr'>quae</span> <span class='ocrx_word' id='word_1_319' title='bbox 629 1931 681 1974; x_wconf 91' lang='lat' dir='ltr'>ad</span> <span class='ocrx_word' id='word_1_320' title='bbox 705 1936 898 1975; x_wconf 83' lang='lat' dir='ltr'>austrum</span> <span class='ocrx_word' id='word_1_321' title='bbox 923 1938 1002 1977; x_wconf 82' lang='lat' dir='ltr'>est.</span> 
     </span>
    </p>
   </div>
   <div class='ocr_carea' id='block_1_23' title="bbox 244 1999 1493 3458">
    <p class='ocr_par' dir='ltr' id='par_1_23' title="bbox 244 1999 1493 3458">
     <span class='ocr_line' id='line_1_45' title="bbox 302 1999 1486 2060; baseline 0.004 -16"><span class='ocrx_word' id='word_1_322' title='bbox 302 1999 487 2047; x_wconf 81' lang='lat' dir='ltr'>cxxix.</span> <span class='ocrx_word' id='word_1_323' title='bbox 519 1999 594 2045; x_wconf 89' lang='lat' dir='ltr'>Illa</span> <span class='ocrx_word' id='word_1_324' title='bbox 630 2015 730 2047; x_wconf 78' lang='lat' dir='ltr'>vero</span> <span class='ocrx_word' id='word_1_325' title='bbox 760 2004 856 2047; x_wconf 91' lang='lat' dir='ltr'>icon</span> <span class='ocrx_word' id='word_1_326' title='bbox 893 2004 943 2047; x_wconf 89' lang='lat' dir='ltr'>ad</span> <span class='ocrx_word' id='word_1_327' title='bbox 978 2004 1218 2060; x_wconf 81' lang='lat' dir='ltr'>aquilonem</span> <span class='ocrx_word' id='word_1_328' title='bbox 1257 2017 1281 2048; x_wconf 86' lang='lat' dir='ltr'>e</span> <span class='ocrx_word' id='word_1_329' title='bbox 1313 2004 1486 2049; x_wconf 80' lang='lat' dir='ltr'>diverso</span> 
     </span>
     <span class='ocr_line' id='line_1_46' title="bbox 244 2074 1488 2133; baseline 0.002 -15"><span class='ocrx_word' id='word_1_330' title='bbox 244 2074 450 2125; x_wconf 82' lang='lat' dir='ltr'>existens,</span> <span class='ocrx_word' id='word_1_331' title='bbox 476 2077 671 2120; x_wconf 87' lang='lat' dir='ltr'>eumdem</span> <span class='ocrx_word' id='word_1_332' title='bbox 703 2077 913 2133; x_wconf 82' lang='lat' dir='ltr'>significat</span> <span class='ocrx_word' id='word_1_333' title='bbox 938 2075 1164 2121; x_wconf 89' lang='lat' dir='ltr'>Dominum</span> <span class='ocrx_word' id='word_1_334' title='bbox 1197 2082 1392 2121; x_wconf 87' lang='lat' dir='ltr'>nostrum</span> <span class='ocrx_word' id='word_1_335' title='bbox 1414 2075 1488 2122; x_wconf 76' lang='lat' dir='ltr'>Se·</span> 
     </span>
     <span class='ocr_line' id='line_1_47' title="bbox 245 2140 1486 2207; baseline 0.004 -17"><span class='ocrx_word' id='word_1_336' title='bbox 245 2159 340 2190; x_wconf 85' lang='lat' dir='ltr'>sum</span> <span class='ocrx_word' id='word_1_337' title='bbox 378 2147 616 2202; x_wconf 87' lang='lat' dir='ltr'>Christum;</span> <span class='ocrx_word' id='word_1_338' title='bbox 649 2154 691 2193; x_wconf 91' lang='lat' dir='ltr'>et</span> <span class='ocrx_word' id='word_1_339' title='bbox 724 2140 850 2193; x_wconf 84' lang='lat' dir='ltr'>talem</span> <span class='ocrx_word' id='word_1_340' title='bbox 885 2162 981 2194; x_wconf 87' lang='lat' dir='ltr'>eum</span> <span class='ocrx_word' id='word_1_341' title='bbox 1015 2149 1230 2202; x_wconf 86' lang='lat' dir='ltr'>ostendit,</span> <span class='ocrx_word' id='word_1_342' title='bbox 1270 2149 1412 2207; x_wconf 67' lang='lat' dir='ltr'>qualis</span> <span class='ocrx_word' id='word_1_343' title='bbox 1442 2150 1486 2195; x_wconf 85' lang='lat' dir='ltr'>in</span> 
     </span>
     <span class='ocr_line' id='line_1_48' title="bbox 246 2220 1487 2280; baseline 0.006 -20"><span class='ocrx_word' id='word_1_344' title='bbox 246 2220 398 2263; x_wconf 81' lang='lat' dir='ltr'>ultimo</span> <span class='ocrx_word' id='word_1_345' title='bbox 425 2220 590 2276; x_wconf 87' lang='lat' dir='ltr'>judicio</span> <span class='ocrx_word' id='word_1_346' title='bbox 623 2222 860 2278; x_wconf 79' lang='lat' dir='ltr'>apparebit,</span> <span class='ocrx_word' id='word_1_347' title='bbox 885 2224 995 2267; x_wconf 87' lang='lat' dir='ltr'>sicut</span> <span class='ocrx_word' id='word_1_348' title='bbox 1027 2224 1125 2276; x_wconf 82' lang='lat' dir='ltr'>alia,</span> <span class='ocrx_word' id='word_1_349' title='bbox 1148 2235 1242 2280; x_wconf 82' lang='lat' dir='ltr'>quae</span> <span class='ocrx_word' id='word_1_350' title='bbox 1272 2222 1326 2267; x_wconf 87' lang='lat' dir='ltr'>ad</span> <span class='ocrx_word' id='word_1_351' title='bbox 1356 2223 1487 2269; x_wconf 81' lang='lat' dir='ltr'>meri·-</span> 
     </span>
     <span class='ocr_line' id='line_1_49' title="bbox 244 2291 1484 2352; baseline 0.006 -18"><span class='ocrx_word' id='word_1_352' title='bbox 244 2291 355 2336; x_wconf 88' lang='lat' dir='ltr'>diem</span> <span class='ocrx_word' id='word_1_353' title='bbox 378 2299 460 2346; x_wconf 84' lang='lat' dir='ltr'>est,</span> <span class='ocrx_word' id='word_1_354' title='bbox 487 2295 539 2340; x_wconf 87' lang='lat' dir='ltr'>de</span> <span class='ocrx_word' id='word_1_355' title='bbox 568 2308 650 2352; x_wconf 80' lang='lat' dir='ltr'>qua</span> <span class='ocrx_word' id='word_1_356' title='bbox 679 2296 767 2350; x_wconf 86' lang='lat' dir='ltr'>jam</span> <span class='ocrx_word' id='word_1_357' title='bbox 802 2297 974 2352; x_wconf 70' lang='lat' dir='ltr'>copiose</span> <span class='ocrx_word' id='word_1_358' title='bbox 999 2297 1200 2350; x_wconf 82' lang='lat' dir='ltr'>diximus,</span> <span class='ocrx_word' id='word_1_359' title='bbox 1236 2298 1364 2342; x_wconf 85' lang='lat' dir='ltr'>talem</span> <span class='ocrx_word' id='word_1_360' title='bbox 1387 2310 1484 2342; x_wconf 83' lang='lat' dir='ltr'>eum</span> 
     </span>
     <span class='ocr_line' id='line_1_50' title="bbox 247 2366 1486 2429; baseline 0.005 -19"><span class='ocrx_word' id='word_1_361' title='bbox 247 2366 416 2419; x_wconf 84' lang='lat' dir='ltr'>innuit,</span> <span class='ocrx_word' id='word_1_362' title='bbox 439 2370 579 2425; x_wconf 81' lang='lat' dir='ltr'>qualis</span> <span class='ocrx_word' id='word_1_363' title='bbox 614 2375 656 2412; x_wconf 89' lang='lat' dir='ltr'>et</span> <span class='ocrx_word' id='word_1_364' title='bbox 691 2370 831 2427; x_wconf 80' lang='lat' dir='ltr'>rigore</span> <span class='ocrx_word' id='word_1_365' title='bbox 860 2370 1043 2415; x_wconf 77' lang='lat' dir='ltr'>Deitatis</span> <span class='ocrx_word' id='word_1_366' title='bbox 1080 2372 1239 2428; x_wconf 82' lang='lat' dir='ltr'>populo</span> <span class='ocrx_word' id='word_1_367' title='bbox 1273 2371 1451 2429; x_wconf 87' lang='lat' dir='ltr'>antiquo</span> <span class='ocrx_word' id='word_1_368' title='bbox 1473 2405 1486 2424; x_wconf 94' lang='lat'>,</span> 
     </span>
     <span class='ocr_line' id='line_1_51' title="bbox 247 2441 1493 2503; baseline 0.005 -21"><span class='ocrx_word' id='word_1_369' title='bbox 247 2443 290 2482; x_wconf 79' lang='lat' dir='ltr'>et</span> <span class='ocrx_word' id='word_1_370' title='bbox 318 2441 360 2483; x_wconf 91' lang='lat' dir='ltr'>in</span> <span class='ocrx_word' id='word_1_371' title='bbox 394 2442 725 2488; x_wconf 84' lang='lat' dir='ltr'>mansuetudine</span> <span class='ocrx_word' id='word_1_372' title='bbox 761 2443 1039 2489; x_wconf 83' lang='lat' dir='ltr'>humanitatis</span> <span class='ocrx_word' id='word_1_373' title='bbox 1080 2446 1238 2502; x_wconf 89' lang='lat' dir='ltr'>populo</span> <span class='ocrx_word' id='word_1_374' title='bbox 1269 2458 1381 2490; x_wconf 78' lang='lat' dir='ltr'>novo</span> <span class='ocrx_word' id='word_1_375' title='bbox 1412 2458 1493 2503; x_wconf 84' lang='lat' dir='ltr'>ap-</span> 
     </span>
     <span class='ocr_line' id='line_1_52' title="bbox 248 2515 1492 2572; baseline 0.006 -16"><span class='ocrx_word' id='word_1_376' title='bbox 248 2515 407 2570; x_wconf 87' lang='lat' dir='ltr'>paruit.</span> <span class='ocrx_word' id='word_1_377' title='bbox 457 2515 585 2572; x_wconf 82' lang='lat' dir='ltr'>igitur</span> <span class='ocrx_word' id='word_1_378' title='bbox 636 2516 769 2562; x_wconf 86' lang='lat' dir='ltr'>Judex</span> <span class='ocrx_word' id='word_1_379' title='bbox 806 2518 1001 2562; x_wconf 82' lang='lat' dir='ltr'>vivorum</span> <span class='ocrx_word' id='word_1_380' title='bbox 1039 2527 1081 2562; x_wconf 89' lang='lat' dir='ltr'>ct</span> <span class='ocrx_word' id='word_1_381' title='bbox 1114 2524 1385 2563; x_wconf 90' lang='lat' dir='ltr'>mortuorum</span> <span class='ocrx_word' id='word_1_382' title='bbox 1421 2520 1492 2564; x_wconf 90' lang='lat' dir='ltr'>ille</span> 
     </span>
     <span class='ocr_line' id='line_1_53' title="bbox 249 2586 1488 2649; baseline 0.006 -19"><span class='ocrx_word' id='word_1_383' title='bbox 249 2586 383 2633; x_wconf 84' lang='lat' dir='ltr'>Filius</span> <span class='ocrx_word' id='word_1_384' title='bbox 415 2589 631 2643; x_wconf 87' lang='lat' dir='ltr'>hominis,</span> <span class='ocrx_word' id='word_1_385' title='bbox 667 2592 735 2636; x_wconf 88' lang='lat' dir='ltr'>cui</span> <span class='ocrx_word' id='word_1_386' title='bbox 774 2591 898 2637; x_wconf 85' lang='lat' dir='ltr'>Pater</span> <span class='ocrx_word' id='word_1_387' title='bbox 931 2606 1057 2638; x_wconf 87' lang='lat' dir='ltr'>omne</span> <span class='ocrx_word' id='word_1_388' title='bbox 1096 2593 1308 2649; x_wconf 84' lang='lat' dir='ltr'>judicium</span> <span class='ocrx_word' id='word_1_389' title='bbox 1342 2593 1488 2638; x_wconf 80' lang='lat' dir='ltr'>dedit,</span> 
     </span>
     <span class='ocr_line' id='line_1_54' title="bbox 249 2661 1491 2724; baseline 0.008 -23"><span class='ocrx_word' id='word_1_390' title='bbox 249 2672 326 2716; x_wconf 83' lang='lat' dir='ltr'>per</span> <span class='ocrx_word' id='word_1_391' title='bbox 360 2661 469 2705; x_wconf 88' lang='lat' dir='ltr'>hanc</span> <span class='ocrx_word' id='word_1_392' title='bbox 501 2665 876 2719; x_wconf 79' lang='lat' dir='ltr'>septentrionalem</span> <span class='ocrx_word' id='word_1_393' title='bbox 915 2666 1082 2710; x_wconf 89' lang='lat' dir='ltr'>iconem</span> <span class='ocrx_word' id='word_1_394' title='bbox 1122 2667 1379 2722; x_wconf 89' lang='lat' dir='ltr'>ostenditur,</span> <span class='ocrx_word' id='word_1_395' title='bbox 1417 2667 1491 2724; x_wconf 87' lang='lat' dir='ltr'>qui</span> 
     </span>
     <span class='ocr_line' id='line_1_55' title="bbox 250 2733 1486 2799; baseline 0.007 -23"><span class='ocrx_word' id='word_1_396' title='bbox 250 2733 295 2776; x_wconf 90' lang='lat' dir='ltr'>in</span> <span class='ocrx_word' id='word_1_397' title='bbox 330 2735 439 2790; x_wconf 82' lang='lat' dir='ltr'>ignis</span> <span class='ocrx_word' id='word_1_398' title='bbox 470 2744 650 2792; x_wconf 87' lang='lat' dir='ltr'>terrore,</span> <span class='ocrx_word' id='word_1_399' title='bbox 674 2740 764 2783; x_wconf 71' lang='lat' dir='ltr'>sive</span> <span class='ocrx_word' id='word_1_400' title='bbox 801 2740 838 2783; x_wconf 90' lang='lat' dir='ltr'>si</span> <span class='ocrx_word' id='word_1_401' title='bbox 873 2741 1026 2788; x_wconf 80' lang='lat' dir='ltr'>melius</span> <span class='ocrx_word' id='word_1_402' title='bbox 1061 2740 1222 2785; x_wconf 88' lang='lat' dir='ltr'>dictum</span> <span class='ocrx_word' id='word_1_403' title='bbox 1261 2742 1486 2799; x_wconf 84' lang='lat' dir='ltr'>accipitur,</span> 
     </span>
     <span class='ocr_line' id='line_1_56' title="bbox 251 2803 1490 2871; baseline 0.007 -22"><span class='ocrx_word' id='word_1_404' title='bbox 251 2806 294 2850; x_wconf 91' lang='lat' dir='ltr'>in</span> <span class='ocrx_word' id='word_1_405' title='bbox 322 2807 418 2864; x_wconf 82' lang='lat' dir='ltr'>igne</span> <span class='ocrx_word' id='word_1_406' title='bbox 441 2811 620 2854; x_wconf 83' lang='lat' dir='ltr'>terroris</span> <span class='ocrx_word' id='word_1_407' title='bbox 644 2803 856 2868; x_wconf 68' lang='lat' dir='ltr'>remotis,</span> <span class='ocrx_word' id='word_1_408' title='bbox 890 2826 1072 2871; x_wconf 86' lang='lat' dir='ltr'>quorum</span> <span class='ocrx_word' id='word_1_409' title='bbox 1097 2814 1155 2859; x_wconf 85' lang='lat' dir='ltr'>ibi</span> <span class='ocrx_word' id='word_1_410' title='bbox 1178 2815 1439 2860; x_wconf 70' lang='lat' dir='ltr'>resurrectio</span> <span class='ocrx_word' id='word_1_411' title='bbox 1465 2825 1490 2858; x_wconf 85' lang='lat' dir='ltr'>a</span> 
     </span>
     <span class='ocr_line' id='line_1_57' title="bbox 249 2882 1488 2942; baseline 0.006 -19"><span class='ocrx_word' id='word_1_412' title='bbox 249 2882 437 2926; x_wconf 83' lang='lat' dir='ltr'>sinistris</span> <span class='ocrx_word' id='word_1_413' title='bbox 458 2883 716 2940; x_wconf 82' lang='lat' dir='ltr'>depingitur,</span> <span class='ocrx_word' id='word_1_414' title='bbox 759 2886 858 2942; x_wconf 85' lang='lat' dir='ltr'>quia</span> <span class='ocrx_word' id='word_1_415' title='bbox 896 2887 977 2942; x_wconf 88' lang='lat' dir='ltr'>ipsi</span> <span class='ocrx_word' id='word_1_416' title='bbox 1019 2899 1043 2930; x_wconf 91' lang='lat' dir='ltr'>a</span> <span class='ocrx_word' id='word_1_417' title='bbox 1067 2887 1258 2933; x_wconf 85' lang='lat' dir='ltr'>sinistris</span> <span class='ocrx_word' id='word_1_418' title='bbox 1286 2893 1413 2933; x_wconf 85' lang='lat' dir='ltr'>erunt</span> <span class='ocrx_word' id='word_1_419' title='bbox 1445 2888 1488 2932; x_wconf 90' lang='lat' dir='ltr'>in</span> 
     </span>
     <span class='ocr_line' id='line_1_58' title="bbox 245 2954 1487 3018; baseline 0.009 -23"><span class='ocrx_word' id='word_1_420' title='bbox 245 2954 439 3008; x_wconf 80' lang='lat' dir='ltr'>judicio,</span> <span class='ocrx_word' id='word_1_421' title='bbox 478 2957 625 3001; x_wconf 85' lang='lat' dir='ltr'>dicet:</span> <span class='ocrx_word' id='word_1_422' title='bbox 663 2958 748 3011; x_wconf 78' lang='lat' dir='ltr'>Ite,</span> <span class='ocrx_word' id='word_1_423' title='bbox 789 2961 1089 3012; x_wconf 77' lang='lat' dir='ltr'>maledicti,in</span> <span class='ocrx_word' id='word_1_424' title='bbox 1126 2963 1259 3018; x_wconf 63' lang='lat' dir='ltr'>iguem</span> <span class='ocrx_word' id='word_1_425' title='bbox 1290 2968 1487 3006; x_wconf 80' lang='lat' dir='ltr'>oeternum</span> 
     </span>
     <span class='ocr_line' id='line_1_59' title="bbox 249 3026 1490 3091; baseline 0.008 -22"><span class='ocrx_word' id='word_1_426' title='bbox 249 3026 417 3084; x_wconf 68' lang='lat' dir='ltr'>(Manca,</span> <span class='ocrx_word' id='word_1_427' title='bbox 443 3043 544 3081; x_wconf 76' lang='lat' dir='ltr'>xxx,</span> <span class='ocrx_word' id='word_1_428' title='bbox 569 3031 655 3087; x_wconf 73' lang='lat'>41).</span> <span class='ocrx_word' id='word_1_429' title='bbox 680 3032 725 3075; x_wconf 87' lang='lat' dir='ltr'>ln</span> <span class='ocrx_word' id='word_1_430' title='bbox 749 3046 874 3089; x_wconf 83' lang='lat' dir='ltr'>quem</span> <span class='ocrx_word' id='word_1_431' title='bbox 902 3033 1183 3091; x_wconf 72' lang='lat' dir='ltr'>ignemibunt,</span> <span class='ocrx_word' id='word_1_432' title='bbox 1210 3035 1322 3083; x_wconf 67' lang='lat' dir='ltr'>sicut</span> <span class='ocrx_word' id='word_1_433' title='bbox 1349 3041 1391 3080; x_wconf 90' lang='lat' dir='ltr'>et</span> <span class='ocrx_word' id='word_1_434' title='bbox 1404 3036 1490 3079; x_wconf 85' lang='lat' dir='ltr'>cir-</span> 
     </span>
     <span class='ocr_line' id='line_1_60' title="bbox 248 3103 1488 3166; baseline 0.007 -21"><span class='ocrx_word' id='word_1_435' title='bbox 248 3103 390 3154; x_wconf 85' lang='lat' dir='ltr'>culus,</span> <span class='ocrx_word' id='word_1_436' title='bbox 425 3104 499 3160; x_wconf 86' lang='lat' dir='ltr'>qui</span> <span class='ocrx_word' id='word_1_437' title='bbox 525 3105 580 3148; x_wconf 92' lang='lat' dir='ltr'>ibi</span> <span class='ocrx_word' id='word_1_438' title='bbox 608 3107 791 3162; x_wconf 78' lang='lat' dir='ltr'>sei-&#39;ptus</span> <span class='ocrx_word' id='word_1_439' title='bbox 821 3115 902 3159; x_wconf 83' lang='lat' dir='ltr'>est,</span> <span class='ocrx_word' id='word_1_440' title='bbox 929 3116 970 3152; x_wconf 92' lang='lat' dir='ltr'>ct</span> <span class='ocrx_word' id='word_1_441' title='bbox 1004 3109 1214 3161; x_wconf 79' lang='lat' dir='ltr'>infernus,</span> <span class='ocrx_word' id='word_1_442' title='bbox 1242 3109 1315 3166; x_wconf 88' lang='lat' dir='ltr'>qui</span> <span class='ocrx_word' id='word_1_443' title='bbox 1348 3110 1406 3154; x_wconf 86' lang='lat' dir='ltr'>ibi</span> <span class='ocrx_word' id='word_1_444' title='bbox 1445 3111 1488 3154; x_wconf 89' lang='lat' dir='ltr'>in</span> 
     </span>
     <span class='ocr_line' id='line_1_61' title="bbox 249 3175 1488 3239; baseline 0.009 -23"><span class='ocrx_word' id='word_1_445' title='bbox 249 3175 406 3230; x_wconf 76' lang='lat' dir='ltr'>angulo</span> <span class='ocrx_word' id='word_1_446' title='bbox 442 3177 636 3232; x_wconf 86' lang='lat' dir='ltr'>depictus</span> <span class='ocrx_word' id='word_1_447' title='bbox 673 3186 752 3229; x_wconf 86' lang='lat' dir='ltr'>cst,</span> <span class='ocrx_word' id='word_1_448' title='bbox 790 3179 1069 3225; x_wconf 85' lang='lat' dir='ltr'>demonstrat.</span> <span class='ocrx_word' id='word_1_449' title='bbox 1110 3181 1171 3226; x_wconf 86' lang='lat' dir='ltr'>De</span> <span class='ocrx_word' id='word_1_450' title='bbox 1208 3195 1293 3239; x_wconf 84' lang='lat' dir='ltr'>qua</span> <span class='ocrx_word' id='word_1_451' title='bbox 1331 3182 1488 3228; x_wconf 80' lang='lat' dir='ltr'>inferni</span> 
     </span>
     <span class='ocr_line' id='line_1_62' title="bbox 250 3249 1488 3312; baseline 0.009 -21"><span class='ocrx_word' id='word_1_452' title='bbox 250 3249 418 3303; x_wconf 88' lang='lat' dir='ltr'>pletura</span> <span class='ocrx_word' id='word_1_453' title='bbox 440 3249 522 3293; x_wconf 85' lang='lat' dir='ltr'>boc</span> <span class='ocrx_word' id='word_1_454' title='bbox 548 3264 718 3308; x_wconf 88' lang='lat' dir='ltr'>quoque</span> <span class='ocrx_word' id='word_1_455' title='bbox 741 3254 864 3308; x_wconf 84' lang='lat' dir='ltr'>plene</span> <span class='ocrx_word' id='word_1_456' title='bbox 898 3254 1117 3298; x_wconf 84' lang='lat' dir='ltr'>sciendum</span> <span class='ocrx_word' id='word_1_457' title='bbox 1151 3260 1242 3310; x_wconf 87' lang='lat' dir='ltr'>est;</span> <span class='ocrx_word' id='word_1_458' title='bbox 1266 3256 1366 3312; x_wconf 88' lang='lat' dir='ltr'>quia</span> <span class='ocrx_word' id='word_1_459' title='bbox 1390 3257 1488 3302; x_wconf 81' lang='lat' dir='ltr'>licet</span> 
     </span>
     <span class='ocr_line' id='line_1_63' title="bbox 250 3321 1487 3384; baseline 0.008 -21"><span class='ocrx_word' id='word_1_460' title='bbox 250 3321 292 3363; x_wconf 89' lang='lat' dir='ltr'>in</span> <span class='ocrx_word' id='word_1_461' title='bbox 318 3321 580 3367; x_wconf 83' lang='lat' dir='ltr'>tabernaculi</span> <span class='ocrx_word' id='word_1_462' title='bbox 618 3324 811 3381; x_wconf 75' lang='lat' dir='ltr'>depictus</span> <span class='ocrx_word' id='word_1_463' title='bbox 849 3326 892 3369; x_wconf 83' lang='lat' dir='ltr'>lit</span> <span class='ocrx_word' id='word_1_464' title='bbox 928 3328 1052 3379; x_wconf 80' lang='lat' dir='ltr'>atrio,</span> <span class='ocrx_word' id='word_1_465' title='bbox 1080 3326 1132 3371; x_wconf 88' lang='lat' dir='ltr'>ad</span> <span class='ocrx_word' id='word_1_466' title='bbox 1167 3328 1306 3384; x_wconf 89' lang='lat' dir='ltr'>ipsum</span> <span class='ocrx_word' id='word_1_467' title='bbox 1343 3336 1487 3374; x_wconf 89' lang='lat' dir='ltr'>tamen</span> 
     </span>
     <span class='ocr_line' id='line_1_64' title="bbox 249 3396 1484 3458; baseline 0.008 -22"><span class='ocrx_word' id='word_1_468' title='bbox 249 3396 422 3446; x_wconf 81' lang='lat' dir='ltr'>atrium,</span> <span class='ocrx_word' id='word_1_469' title='bbox 462 3397 504 3440; x_wconf 90' lang='lat' dir='ltr'>in</span> <span class='ocrx_word' id='word_1_470' title='bbox 529 3410 615 3453; x_wconf 88' lang='lat' dir='ltr'>quo</span> <span class='ocrx_word' id='word_1_471' title='bbox 638 3396 803 3455; x_wconf 83' lang='lat' dir='ltr'>positus</span> <span class='ocrx_word' id='word_1_472' title='bbox 839 3406 920 3450; x_wconf 84' lang='lat' dir='ltr'>est,</span> <span class='ocrx_word' id='word_1_473' title='bbox 959 3402 1133 3444; x_wconf 84' lang='lat' dir='ltr'>omnino</span> <span class='ocrx_word' id='word_1_474' title='bbox 1160 3414 1246 3445; x_wconf 88' lang='lat' dir='ltr'>non</span> <span class='ocrx_word' id='word_1_475' title='bbox 1275 3403 1484 3458; x_wconf 88' lang='lat' dir='ltr'>pertinet;</span> 
     </span>
    </p>
   </div>
   <div class='ocr_carea' id='block_1_24' title="bbox 245 3543 1490 4547">
    <p class='ocr_par' dir='ltr' id='par_1_24' title="bbox 245 3543 1490 4547">
     <span class='ocr_line' id='line_1_65' title="bbox 249 3543 1483 3606; baseline 0.006 -20"><span class='ocrx_word' id='word_1_476' title='bbox 249 3553 380 3597; x_wconf 82' lang='lat' dir='ltr'>super</span> <span class='ocrx_word' id='word_1_477' title='bbox 416 3543 738 3588; x_wconf 85' lang='lat' dir='ltr'>tabernaculum</span> <span class='ocrx_word' id='word_1_478' title='bbox 771 3552 879 3595; x_wconf 80' lang='lat' dir='ltr'>erat,</span> <span class='ocrx_word' id='word_1_479' title='bbox 907 3547 948 3589; x_wconf 90' lang='lat' dir='ltr'>in</span> <span class='ocrx_word' id='word_1_480' title='bbox 981 3554 1107 3592; x_wconf 91' lang='lat' dir='ltr'>nocte</span> <span class='ocrx_word' id='word_1_481' title='bbox 1134 3548 1320 3604; x_wconf 88' lang='lat' dir='ltr'>speciem</span> <span class='ocrx_word' id='word_1_482' title='bbox 1354 3550 1483 3606; x_wconf 78' lang='lat' dir='ltr'>iguis,</span> 
     </span>
     <span class='ocr_line' id='line_1_66' title="bbox 249 3614 1485 3675; baseline 0.008 -18"><span class='ocrx_word' id='word_1_483' title='bbox 249 3622 290 3658; x_wconf 91' lang='lat' dir='ltr'>ct</span> <span class='ocrx_word' id='word_1_484' title='bbox 330 3615 373 3658; x_wconf 89' lang='lat' dir='ltr'>in</span> <span class='ocrx_word' id='word_1_485' title='bbox 410 3614 479 3660; x_wconf 89' lang='lat' dir='ltr'>die</span> <span class='ocrx_word' id='word_1_486' title='bbox 516 3618 700 3672; x_wconf 74' lang='lat' dir='ltr'>speciem</span> <span class='ocrx_word' id='word_1_487' title='bbox 735 3620 922 3675; x_wconf 65' lang='lat' dir='ltr'>prm-tulit</span> <span class='ocrx_word' id='word_1_488' title='bbox 959 3620 1104 3672; x_wconf 87' lang='lat' dir='ltr'>nubis,</span> <span class='ocrx_word' id='word_1_489' title='bbox 1129 3621 1256 3665; x_wconf 89' lang='lat' dir='ltr'>etiam</span> <span class='ocrx_word' id='word_1_490' title='bbox 1288 3622 1485 3667; x_wconf 89' lang='lat' dir='ltr'>ultimum</span> 
     </span>
     <span class='ocr_line' id='line_1_67' title="bbox 245 3686 1486 3750; baseline 0.008 -20"><span class='ocrx_word' id='word_1_491' title='bbox 245 3686 453 3743; x_wconf 82' lang='lat' dir='ltr'>judicium</span> <span class='ocrx_word' id='word_1_492' title='bbox 494 3701 671 3735; x_wconf 86' lang='lat' dir='ltr'>necesse</span> <span class='ocrx_word' id='word_1_493' title='bbox 711 3691 791 3735; x_wconf 74' lang='lat' dir='ltr'>ruit</span> <span class='ocrx_word' id='word_1_494' title='bbox 827 3693 1072 3745; x_wconf 82' lang='lat' dir='ltr'>memorari,</span> <span class='ocrx_word' id='word_1_495' title='bbox 1109 3694 1245 3750; x_wconf 86' lang='lat' dir='ltr'>ipsum</span> <span class='ocrx_word' id='word_1_496' title='bbox 1283 3696 1486 3740; x_wconf 78' lang='lat' dir='ltr'>nimirum</span> 
     </span>
     <span class='ocr_line' id='line_1_68' title="bbox 247 3758 1484 3823; baseline 0.006 -19"><span class='ocrx_word' id='word_1_497' title='bbox 247 3758 378 3816; x_wconf 65' lang='grc'>408</span> <span class='ocrx_word' id='word_1_498' title='bbox 411 3761 641 3815; x_wconf 75' lang='lat' dir='ltr'>infernum,</span> <span class='ocrx_word' id='word_1_499' title='bbox 666 3764 739 3807; x_wconf 84' lang='lat' dir='ltr'>ubi</span> <span class='ocrx_word' id='word_1_500' title='bbox 772 3764 951 3820; x_wconf 70' lang='lat' dir='ltr'>judsscati</span> <span class='ocrx_word' id='word_1_501' title='bbox 990 3766 1263 3811; x_wconf 83' lang='lat' dir='ltr'>retrudentur</span> <span class='ocrx_word' id='word_1_502' title='bbox 1296 3768 1484 3823; x_wconf 88' lang='lat' dir='ltr'>reprobi,</span> 
     </span>
     <span class='ocr_line' id='line_1_69' title="bbox 248 3830 1487 3894; baseline 0.008 -20"><span class='ocrx_word' id='word_1_503' title='bbox 248 3830 307 3875; x_wconf 85' lang='lat' dir='ltr'>lbi</span> <span class='ocrx_word' id='word_1_504' title='bbox 344 3845 513 3889; x_wconf 86' lang='lat' dir='ltr'>quoque</span> <span class='ocrx_word' id='word_1_505' title='bbox 539 3846 563 3877; x_wconf 87' lang='lat' dir='ltr'>a</span> <span class='ocrx_word' id='word_1_506' title='bbox 596 3834 784 3880; x_wconf 87' lang='lat' dir='ltr'>sinistris</span> <span class='ocrx_word' id='word_1_507' title='bbox 821 3837 1010 3892; x_wconf 85' lang='lat' dir='ltr'>oportuit</span> <span class='ocrx_word' id='word_1_508' title='bbox 1046 3837 1232 3894; x_wconf 83' lang='lat' dir='ltr'>depingi.</span> <span class='ocrx_word' id='word_1_509' title='bbox 1257 3836 1291 3880; x_wconf 85' lang='lat' dir='ltr'><strong>A</strong></span> <span class='ocrx_word' id='word_1_510' title='bbox 1325 3838 1487 3884; x_wconf 85' lang='lat' dir='ltr'>dextris</span> 
     </span>
     <span class='ocr_line' id='line_1_70' title="bbox 250 3903 1489 3963; baseline 0.009 -19"><span class='ocrx_word' id='word_1_511' title='bbox 250 3915 420 3959; x_wconf 80' lang='lat' dir='ltr'>quoque</span> <span class='ocrx_word' id='word_1_512' title='bbox 441 3903 652 3959; x_wconf 83' lang='lat' dir='ltr'>ejusdem,</span> <span class='ocrx_word' id='word_1_513' title='bbox 676 3919 770 3962; x_wconf 64' lang='lat' dir='ltr'>quse</span> <span class='ocrx_word' id='word_1_514' title='bbox 793 3907 844 3950; x_wconf 88' lang='lat' dir='ltr'>ad</span> <span class='ocrx_word' id='word_1_515' title='bbox 876 3908 1118 3963; x_wconf 84' lang='lat' dir='ltr'>aquilonem</span> <span class='ocrx_word' id='word_1_516' title='bbox 1140 3914 1206 3952; x_wconf 90' lang='lat' dir='ltr'>est</span> <span class='ocrx_word' id='word_1_517' title='bbox 1236 3909 1390 3960; x_wconf 90' lang='lat' dir='ltr'>iconis,</span> <span class='ocrx_word' id='word_1_518' title='bbox 1418 3922 1489 3956; x_wconf 84' lang='lat' dir='ltr'>re-</span> 
     </span>
     <span class='ocr_line' id='line_1_71' title="bbox 251 3977 1487 4038; baseline 0.004 -16"><span class='ocrx_word' id='word_1_519' title='bbox 251 3977 463 4022; x_wconf 82' lang='lat' dir='ltr'>surrectio</span> <span class='ocrx_word' id='word_1_520' title='bbox 486 3977 730 4034; x_wconf 82' lang='lat' dir='ltr'>depingitur</span> <span class='ocrx_word' id='word_1_521' title='bbox 748 3980 979 4035; x_wconf 83' lang='lat' dir='ltr'>justorum,</span> <span class='ocrx_word' id='word_1_522' title='bbox 1003 3981 1159 4038; x_wconf 87' lang='lat' dir='ltr'>quibus</span> <span class='ocrx_word' id='word_1_523' title='bbox 1184 3981 1329 4037; x_wconf 73' lang='lat' dir='ltr'>Justus</span> <span class='ocrx_word' id='word_1_524' title='bbox 1350 3982 1487 4027; x_wconf 72' lang='lat' dir='ltr'>Iudex</span> 
     </span>
     <span class='ocr_line' id='line_1_72' title="bbox 250 4046 1484 4100; baseline 0.007 -10"><span class='ocrx_word' id='word_1_525' title='bbox 250 4046 458 4094; x_wconf 85' lang='lat' dir='ltr'>Dominus</span> <span class='ocrx_word' id='word_1_526' title='bbox 481 4048 607 4094; x_wconf 79' lang='lat' dir='ltr'>Jesus</span> <span class='ocrx_word' id='word_1_527' title='bbox 647 4051 689 4094; x_wconf 90' lang='lat' dir='ltr'>in</span> <span class='ocrx_word' id='word_1_528' title='bbox 729 4053 841 4096; x_wconf 86' lang='lat' dir='ltr'>nube</span> <span class='ocrx_word' id='word_1_529' title='bbox 874 4053 984 4098; x_wconf 83' lang='lat' dir='ltr'>lenis</span> <span class='ocrx_word' id='word_1_530' title='bbox 1021 4054 1301 4099; x_wconf 83' lang='lat' dir='ltr'>blandimenti</span> <span class='ocrx_word' id='word_1_531' title='bbox 1337 4055 1484 4100; x_wconf 82' lang='lat' dir='ltr'>dicet:</span> 
     </span>
     <span class='ocr_line' id='line_1_73' title="bbox 261 4121 1484 4187; baseline 0.007 -24"><span class='ocrx_word' id='word_1_532' title='bbox 261 4121 416 4174; x_wconf 66' lang='lat' dir='ltr'>Venite,</span> <span class='ocrx_word' id='word_1_533' title='bbox 434 4122 781 4169; x_wconf 76' lang='lat' dir='ltr'>benedictiPatris</span> <span class='ocrx_word' id='word_1_534' title='bbox 798 4128 890 4177; x_wconf 75' lang='lat' dir='ltr'>mei,</span> <span class='ocrx_word' id='word_1_535' title='bbox 910 4129 1103 4186; x_wconf 72' lang='lat' dir='ltr'>percipite</span> <span class='ocrx_word' id='word_1_536' title='bbox 1128 4142 1295 4185; x_wconf 77' lang='lat' dir='ltr'>reqmtm</span> <span class='ocrx_word' id='word_1_537' title='bbox 1312 4129 1374 4187; x_wconf 86' lang='grc' dir='ltr'>(Μ</span> <span class='ocrx_word' id='word_1_538' title='bbox 1381 4130 1484 4174; x_wconf 71' lang='lat' dir='ltr'>atili.</span> 
     </span>
     <span class='ocr_line' id='line_1_74' title="bbox 247 4197 1490 4258; baseline 0.006 -18"><span class='ocrx_word' id='word_1_539' title='bbox 247 4207 350 4247; x_wconf 73' lang='lat' dir='ltr'>xxv,</span> <span class='ocrx_word' id='word_1_540' title='bbox 378 4197 464 4254; x_wconf 71' lang='lat'><strong>54).</strong></span> <span class='ocrx_word' id='word_1_541' title='bbox 501 4198 564 4241; x_wconf 72' lang='lat' dir='ltr'>Aa</span> <span class='ocrx_word' id='word_1_542' title='bbox 601 4200 715 4254; x_wconf 85' lang='lat' dir='ltr'>quod</span> <span class='ocrx_word' id='word_1_543' title='bbox 754 4200 948 4244; x_wconf 74' lang='lat' dir='ltr'>videlicet</span> <span class='ocrx_word' id='word_1_544' title='bbox 986 4215 1163 4258; x_wconf 80' lang='lat' dir='ltr'>regnum</span> <span class='ocrx_word' id='word_1_545' title='bbox 1199 4204 1339 4255; x_wconf 88' lang='lat' dir='ltr'>ibunt,</span> <span class='ocrx_word' id='word_1_546' title='bbox 1376 4204 1490 4248; x_wconf 86' lang='lat' dir='ltr'>sicut</span> 
     </span>
     <span class='ocr_line' id='line_1_75' title="bbox 254 4268 1487 4328; baseline 0.01 -19"><span class='ocrx_word' id='word_1_547' title='bbox 254 4268 420 4320; x_wconf 86' lang='lat' dir='ltr'>titulus,</span> <span class='ocrx_word' id='word_1_548' title='bbox 446 4270 519 4325; x_wconf 84' lang='lat' dir='ltr'>qui</span> <span class='ocrx_word' id='word_1_549' title='bbox 547 4269 605 4313; x_wconf 89' lang='lat' dir='ltr'>ibi</span> <span class='ocrx_word' id='word_1_550' title='bbox 629 4272 817 4328; x_wconf 85' lang='lat' dir='ltr'>scriptus</span> <span class='ocrx_word' id='word_1_551' title='bbox 840 4279 922 4324; x_wconf 72' lang='lat' dir='ltr'>est,</span> <span class='ocrx_word' id='word_1_552' title='bbox 948 4275 1152 4319; x_wconf 81' lang='lat' dir='ltr'>ostendit.</span> <span class='ocrx_word' id='word_1_553' title='bbox 1186 4275 1235 4319; x_wconf 82' lang='lat' dir='ltr'>Et</span> <span class='ocrx_word' id='word_1_554' title='bbox 1271 4277 1391 4320; x_wconf 89' lang='lat' dir='ltr'>ibunt</span> <span class='ocrx_word' id='word_1_555' title='bbox 1424 4277 1487 4321; x_wconf 80' lang='lat' dir='ltr'>vi-</span> 
     </span>
     <span class='ocr_line' id='line_1_76' title="bbox 253 4339 1488 4403; baseline 0.006 -20"><span class='ocrx_word' id='word_1_556' title='bbox 253 4339 405 4384; x_wconf 69' lang='lat' dir='ltr'>delicet</span> <span class='ocrx_word' id='word_1_557' title='bbox 443 4342 574 4394; x_wconf 85' lang='lat' dir='ltr'>illuc,</span> <span class='ocrx_word' id='word_1_558' title='bbox 618 4343 729 4387; x_wconf 80' lang='lat' dir='ltr'>sicut</span> <span class='ocrx_word' id='word_1_559' title='bbox 775 4344 982 4401; x_wconf 82' lang='lat' dir='ltr'>imagines</span> <span class='ocrx_word' id='word_1_560' title='bbox 1018 4346 1173 4390; x_wconf 80' lang='lat' dir='ltr'>ibidem</span> <span class='ocrx_word' id='word_1_561' title='bbox 1210 4348 1384 4403; x_wconf 66' lang='lat' dir='ltr'>depictae</span> <span class='ocrx_word' id='word_1_562' title='bbox 1423 4349 1488 4391; x_wconf 88' lang='lat' dir='ltr'>in-</span> 
     </span>
     <span class='ocr_line' id='line_1_77' title="bbox 253 4418 1489 4478; baseline 0.007 -22"><span class='ocrx_word' id='word_1_563' title='bbox 253 4421 407 4465; x_wconf 77' lang='lat' dir='ltr'>nuunt,</span> <span class='ocrx_word' id='word_1_564' title='bbox 448 4429 496 4459; x_wconf 83' lang='lat' dir='ltr'>ex</span> <span class='ocrx_word' id='word_1_565' title='bbox 540 4418 654 4460; x_wconf 86' lang='lat' dir='ltr'>omni</span> <span class='ocrx_word' id='word_1_566' title='bbox 690 4418 856 4470; x_wconf 86' lang='lat' dir='ltr'>ordine,</span> <span class='ocrx_word' id='word_1_567' title='bbox 897 4426 937 4462; x_wconf 83' lang='lat' dir='ltr'>et</span> <span class='ocrx_word' id='word_1_568' title='bbox 979 4419 1274 4476; x_wconf 76' lang='lat' dir='ltr'>professione.</span> <span class='ocrx_word' id='word_1_569' title='bbox 1300 4422 1489 4478; x_wconf 84' lang='lat' dir='ltr'>episcopi</span> 
     </span>
     <span class='ocr_line' id='line_1_78' title="bbox 259 4486 1489 4547; baseline 0.007 -17"><span class='ocrx_word' id='word_1_570' title='bbox 259 4486 466 4538; x_wconf 70' lang='lat' dir='ltr'>videlicet,</span> <span class='ocrx_word' id='word_1_571' title='bbox 493 4488 651 4540; x_wconf 77' lang='lat' dir='ltr'>clei-ici,</span> <span class='ocrx_word' id='word_1_572' title='bbox 678 4492 909 4547; x_wconf 75' lang='lat' dir='ltr'>regulares,</span> <span class='ocrx_word' id='word_1_573' title='bbox 938 4498 978 4534; x_wconf 74' lang='lat' dir='ltr'>rt</span> <span class='ocrx_word' id='word_1_574' title='bbox 1001 4492 1222 4546; x_wconf 67' lang='lat' dir='ltr'>monachi,</span> <span class='ocrx_word' id='word_1_575' title='bbox 1247 4494 1489 4539; x_wconf 71' lang='lat' dir='ltr'>sacerdotes</span> 
     </span>
    </p>
   </div>
   <div class='ocr_carea' id='block_1_25' title="bbox 1509 2420 1541 2465">
    <p class='ocr_par' dir='ltr' id='par_1_25' title="bbox 1509 2420 1541 2465">
     <span class='ocr_line' id='line_1_79' title="bbox 1509 2420 1541 2465; baseline 0 0"><span class='ocrx_word' id='word_1_576' title='bbox 1509 2420 1541 2465; x_wconf 92' lang='lat' dir='ltr'>C</span> 
     </span>
    </p>
   </div>
   <div class='ocr_carea' id='block_1_26' title="bbox 1564 1404 2878 1476">
    <p class='ocr_par' dir='ltr' id='par_1_26' title="bbox 1564 1404 2878 1476">
     <span class='ocr_line' id='line_1_80' title="bbox 1564 1404 2878 1476; baseline 0.006 -17"><span class='ocrx_word' id='word_1_577' title='bbox 1564 1409 1622 1459; x_wconf 64' lang='lat' dir='ltr'>“sti</span> <span class='ocrx_word' id='word_1_578' title='bbox 1646 1414 1785 1465; x_wconf 87' lang='lat' dir='ltr'>icone,</span> <span class='ocrx_word' id='word_1_579' title='bbox 1811 1421 1853 1460; x_wconf 92' lang='lat' dir='ltr'>et</span> <span class='ocrx_word' id='word_1_580' title='bbox 1877 1415 1991 1472; x_wconf 84' lang='lat' dir='ltr'>ignis</span> <span class='ocrx_word' id='word_1_581' title='bbox 2012 1416 2226 1474; x_wconf 85' lang='lat' dir='ltr'>nubisque</span> <span class='ocrx_word' id='word_1_582' title='bbox 2255 1418 2470 1471; x_wconf 87' lang='lat' dir='ltr'>columna,</span> <span class='ocrx_word' id='word_1_583' title='bbox 2493 1420 2688 1476; x_wconf 63' lang='lat' dir='ltr'>quaedam</span> <span class='ocrx_word' id='word_1_584' title='bbox 2713 1420 2821 1466; x_wconf 74' lang='lat' dir='ltr'>alle-</span> <span class='ocrx_word' id='word_1_585' title='bbox 2873 1404 2878 1426; x_wconf 69' lang='lat'>⁵</span> 
     </span>
    </p>
   </div>
   <div class='ocr_carea' id='block_1_27' title="bbox 1568 1488 2846 1624">
    <p class='ocr_par' dir='ltr' id='par_1_27' title="bbox 1568 1488 2846 1624">
     <span class='ocr_line' id='line_1_81' title="bbox 1568 1488 2843 1551; baseline 0.008 -22"><span class='ocrx_word' id='word_1_586' title='bbox 1568 1489 1714 1542; x_wconf 79' lang='lat' dir='ltr'>gorice</span> <span class='ocrx_word' id='word_1_587' title='bbox 1729 1488 1887 1541; x_wconf 88' lang='lat' dir='ltr'>dicere,</span> <span class='ocrx_word' id='word_1_588' title='bbox 1906 1501 2002 1546; x_wconf 85' lang='lat' dir='ltr'>quae</span> <span class='ocrx_word' id='word_1_589' title='bbox 2027 1495 2170 1534; x_wconf 88' lang='lat' dir='ltr'>utrum</span> <span class='ocrx_word' id='word_1_590' title='bbox 2191 1491 2482 1549; x_wconf 86' lang='lat' dir='ltr'>suscipienda,</span> <span class='ocrx_word' id='word_1_591' title='bbox 2507 1505 2562 1538; x_wconf 86' lang='lat' dir='ltr'>an</span> <span class='ocrx_word' id='word_1_592' title='bbox 2583 1493 2819 1551; x_wconf 80' lang='lat' dir='ltr'>rejicienda·</span> <span class='ocrx_word' id='word_1_593' title='bbox 2842 1490 2843 1494; x_wconf 69' lang='grc'>’</span> 
     </span>
     <span class='ocr_line' id='line_1_82' title="bbox 1569 1561 2846 1624; baseline 0.007 -21"><span class='ocrx_word' id='word_1_594' title='bbox 1569 1562 1670 1606; x_wconf 84' lang='lat' dir='ltr'>sint.</span> <span class='ocrx_word' id='word_1_595' title='bbox 1695 1562 1870 1606; x_wconf 79' lang='lat' dir='ltr'>lectoris</span> <span class='ocrx_word' id='word_1_596' title='bbox 1894 1561 2112 1607; x_wconf 86' lang='lat' dir='ltr'>discernat</span> <span class='ocrx_word' id='word_1_597' title='bbox 2134 1575 2331 1609; x_wconf 83' lang='lat' dir='ltr'>examen.</span> <span class='ocrx_word' id='word_1_598' title='bbox 2359 1564 2419 1610; x_wconf 93' lang='lat' dir='ltr'>De</span> <span class='ocrx_word' id='word_1_599' title='bbox 2439 1565 2602 1611; x_wconf 88' lang='lat' dir='ltr'>eisdem</span> <span class='ocrx_word' id='word_1_600' title='bbox 2631 1564 2846 1624; x_wconf 68' lang='lat' dir='ltr'>namque*</span> 
     </span>
    </p>
   </div>
   <div class='ocr_carea' id='block_1_28' title="bbox 1564 1630 2878 1764">
    <p class='ocr_par' dir='ltr' id='par_1_28' title="bbox 1564 1630 2878 1764">
     <span class='ocr_line' id='line_1_83' title="bbox 1568 1630 2878 1697; baseline 0.005 -19"><span class='ocrx_word' id='word_1_601' title='bbox 1568 1634 1738 1679; x_wconf 88' lang='lat' dir='ltr'>duabus</span> <span class='ocrx_word' id='word_1_602' title='bbox 1770 1634 1966 1680; x_wconf 89' lang='lat' dir='ltr'>iconibus</span> <span class='ocrx_word' id='word_1_603' title='bbox 1989 1635 2170 1684; x_wconf 87' lang='lat' dir='ltr'>Christi.</span> <span class='ocrx_word' id='word_1_604' title='bbox 2196 1647 2375 1695; x_wconf 61' lang='lat' dir='ltr'>q&#39;uae,·ex</span> <span class='ocrx_word' id='word_1_605' title='bbox 2402 1644 2585 1697; x_wconf 83' lang='lat' dir='ltr'>utraque</span> <span class='ocrx_word' id='word_1_606' title='bbox 2617 1640 2842 1685; x_wconf 55' lang='lat' dir='ltr'>taberna⁴</span> <span class='ocrx_word' id='word_1_607' title='bbox 2870 1630 2878 1639; x_wconf 45' lang='lat'>&#39;⁷</span> 
     </span>
     <span class='ocr_line' id='line_1_84' title="bbox 1564 1705 2836 1764; baseline 0.006 -14"><span class='ocrx_word' id='word_1_608' title='bbox 1564 1705 1655 1750; x_wconf 81' lang='lat' dir='ltr'>cuii</span> <span class='ocrx_word' id='word_1_609' title='bbox 1676 1711 1804 1764; x_wconf 74' lang='lat' dir='ltr'>parte</span> <span class='ocrx_word' id='word_1_610' title='bbox 1838 1707 1940 1751; x_wconf 89' lang='lat' dir='ltr'>hinc</span> <span class='ocrx_word' id='word_1_611' title='bbox 1972 1708 2074 1754; x_wconf 88' lang='lat' dir='ltr'>inde</span> <span class='ocrx_word' id='word_1_612' title='bbox 2103 1708 2257 1754; x_wconf 85' lang='lat' dir='ltr'>contra</span> <span class='ocrx_word' id='word_1_613' title='bbox 2280 1723 2327 1755; x_wconf 89' lang='lat' dir='ltr'>se</span> <span class='ocrx_word' id='word_1_614' title='bbox 2350 1710 2534 1756; x_wconf 71' lang='lat' dir='ltr'>invicem</span> <span class='ocrx_word' id='word_1_615' title='bbox 2558 1712 2836 1758; x_wconf 72' lang='lat' dir='ltr'>altrinsecus.</span> 
     </span>
    </p>
   </div>
   <div class='ocr_carea' id='block_1_29' title="bbox 1568 1777 2840 1843">
    <p class='ocr_par' dir='ltr' id='par_1_29' title="bbox 1568 1777 2840 1843">
     <span class='ocr_line' id='line_1_85' title="bbox 1568 1777 2840 1843; baseline 0.008 -21"><span class='ocrx_word' id='word_1_616' title='bbox 1568 1777 1749 1834; x_wconf 74' lang='lat' dir='ltr'>depietae</span> <span class='ocrx_word' id='word_1_617' title='bbox 1783 1785 1901 1832; x_wconf 89' lang='lat' dir='ltr'>sunt,</span> <span class='ocrx_word' id='word_1_618' title='bbox 1935 1780 2017 1825; x_wconf 88' lang='lat' dir='ltr'>hoc</span> <span class='ocrx_word' id='word_1_619' title='bbox 2042 1794 2066 1826; x_wconf 92' lang='lat' dir='ltr'>a</span> <span class='ocrx_word' id='word_1_620' title='bbox 2103 1782 2246 1836; x_wconf 82' lang='lat' dir='ltr'>nobis,</span> <span class='ocrx_word' id='word_1_621' title='bbox 2283 1784 2366 1829; x_wconf 89' lang='lat' dir='ltr'>etsi</span> <span class='ocrx_word' id='word_1_622' title='bbox 2408 1785 2604 1842; x_wconf 88' lang='lat' dir='ltr'>corporis</span> <span class='ocrx_word' id='word_1_623' title='bbox 2642 1780 2840 1843; x_wconf 64' lang='lat' dir='ltr'>aspectu,</span> 
     </span>
    </p>
   </div>
   <div class='ocr_carea' id='block_1_30' title="bbox 1568 1853 2818 1909">
    <p class='ocr_par' dir='ltr' id='par_1_30' title="bbox 1568 1853 2818 1909">
     <span class='ocr_line' id='line_1_86' title="bbox 1568 1853 2818 1909; baseline 0.006 -13"><span class='ocrx_word' id='word_1_624' title='bbox 1568 1864 1654 1896; x_wconf 89' lang='lat' dir='ltr'>non</span> <span class='ocrx_word' id='word_1_625' title='bbox 1690 1853 1828 1909; x_wconf 81' lang='lat' dir='ltr'>possit</span> <span class='ocrx_word' id='word_1_626' title='bbox 1864 1853 2025 1907; x_wconf 86' lang='lat' dir='ltr'>videri,</span> <span class='ocrx_word' id='word_1_627' title='bbox 2057 1856 2215 1901; x_wconf 88' lang='lat' dir='ltr'>mentis</span> <span class='ocrx_word' id='word_1_628' title='bbox 2252 1864 2395 1902; x_wconf 87' lang='lat' dir='ltr'>tamen</span> <span class='ocrx_word' id='word_1_629' title='bbox 2442 1858 2658 1903; x_wconf 86' lang='lat' dir='ltr'>intellectu</span> <span class='ocrx_word' id='word_1_630' title='bbox 2692 1858 2818 1905; x_wconf 85' lang='lat' dir='ltr'>debet</span> 
     </span>
    </p>
   </div>
   <div class='ocr_carea' id='block_1_31' title="bbox 1564 1927 2877 2286">
    <p class='ocr_par' dir='ltr' id='par_1_31' title="bbox 1564 1919 2878 2286">
     <span class='ocr_line' id='line_1_87' title="bbox 1568 1927 2821 1983; baseline 0.008 -15"><span class='ocrx_word' id='word_1_631' title='bbox 1568 1927 1805 1982; x_wconf 86' lang='lat' dir='ltr'>perpendi:</span> <span class='ocrx_word' id='word_1_632' title='bbox 1831 1928 1928 1983; x_wconf 85' lang='lat' dir='ltr'>quia</span> <span class='ocrx_word' id='word_1_633' title='bbox 1969 1928 2034 1972; x_wconf 82' lang='lat' dir='ltr'>hae</span> <span class='ocrx_word' id='word_1_634' title='bbox 2059 1929 2155 1973; x_wconf 87' lang='lat' dir='ltr'>duae</span> <span class='ocrx_word' id='word_1_635' title='bbox 2191 1931 2427 1983; x_wconf 77' lang='lat' dir='ltr'>columnae,</span> <span class='ocrx_word' id='word_1_636' title='bbox 2469 1931 2568 1976; x_wconf 86' lang='lat' dir='ltr'>lieet</span> <span class='ocrx_word' id='word_1_637' title='bbox 2607 1933 2738 1976; x_wconf 88' lang='lat' dir='ltr'>modo</span> <span class='ocrx_word' id='word_1_638' title='bbox 2772 1933 2878 1978; x_wconf 83' lang='lat' dir='ltr'>in.</span> 
     </span>
     <span class='ocr_line' id='line_1_88' title="bbox 1567 2000 2877 2062; baseline 0.005 -19"><span class='ocrx_word' id='word_1_639' title='bbox 1567 2011 1656 2043; x_wconf 88' lang='lat' dir='ltr'>uno</span> <span class='ocrx_word' id='word_1_640' title='bbox 1688 2000 1924 2045; x_wconf 88' lang='lat' dir='ltr'>secundum</span> <span class='ocrx_word' id='word_1_641' title='bbox 1953 2003 2207 2058; x_wconf 78' lang='lat' dir='ltr'>positionem</span> <span class='ocrx_word' id='word_1_642' title='bbox 2245 2005 2377 2060; x_wconf 89' lang='lat' dir='ltr'>plani,</span> <span class='ocrx_word' id='word_1_643' title='bbox 2404 2016 2457 2048; x_wconf 84' lang='lat' dir='ltr'>ex</span> <span class='ocrx_word' id='word_1_644' title='bbox 2497 2009 2680 2062; x_wconf 80' lang='lat' dir='ltr'>utraque</span> <span class='ocrx_word' id='word_1_645' title='bbox 2716 2005 2817 2050; x_wconf 75' lang='lat' dir='ltr'>bine</span> <span class='ocrx_word' id='word_1_646' title='bbox 2875 2023 2877 2026; x_wconf 93' lang='lat'>·</span> 
     </span>
     <span class='ocr_line' id='line_1_89' title="bbox 1564 2067 2873 2134; baseline 0.005 -17"><span class='ocrx_word' id='word_1_647' title='bbox 1564 2073 1665 2118; x_wconf 74' lang='lat' dir='ltr'>inde</span> <span class='ocrx_word' id='word_1_648' title='bbox 1687 2080 1823 2131; x_wconf 88' lang='lat' dir='ltr'>parte,</span> <span class='ocrx_word' id='word_1_649' title='bbox 1854 2081 2118 2126; x_wconf 88' lang='lat' dir='ltr'>sternantur,</span> <span class='ocrx_word' id='word_1_650' title='bbox 2148 2082 2291 2121; x_wconf 87' lang='lat' dir='ltr'>tamen</span> <span class='ocrx_word' id='word_1_651' title='bbox 2315 2083 2460 2122; x_wconf 82' lang='lat' dir='ltr'>erecto</span> <span class='ocrx_word' id='word_1_652' title='bbox 2490 2077 2583 2134; x_wconf 88' lang='lat' dir='ltr'>ipso</span> <span class='ocrx_word' id='word_1_653' title='bbox 2616 2067 2819 2122; x_wconf 79' lang='lat' dir='ltr'>taberna-</span> <span class='ocrx_word' id='word_1_654' title='bbox 2871 2099 2873 2101; x_wconf 91' lang='lat'>·</span> 
     </span>
     <span class='ocr_line' id='line_1_90' title="bbox 1566 2148 2874 2208; baseline 0.005 -17"><span class='ocrx_word' id='word_1_655' title='bbox 1566 2148 1667 2192; x_wconf 89' lang='lat' dir='ltr'>culo</span> <span class='ocrx_word' id='word_1_656' title='bbox 1688 2161 1772 2192; x_wconf 90' lang='lat' dir='ltr'>non</span> <span class='ocrx_word' id='word_1_657' title='bbox 1807 2149 1979 2206; x_wconf 77' lang='lat' dir='ltr'>quidem</span> <span class='ocrx_word' id='word_1_658' title='bbox 2013 2161 2067 2194; x_wconf 86' lang='lat' dir='ltr'>ex</span> <span class='ocrx_word' id='word_1_659' title='bbox 2089 2162 2174 2193; x_wconf 86' lang='lat' dir='ltr'>nna</span> <span class='ocrx_word' id='word_1_660' title='bbox 2200 2150 2341 2207; x_wconf 86' lang='lat' dir='ltr'>aliqua</span> <span class='ocrx_word' id='word_1_661' title='bbox 2362 2150 2458 2207; x_wconf 82' lang='lat' dir='ltr'>eJ&#39;us</span> <span class='ocrx_word' id='word_1_662' title='bbox 2481 2156 2621 2208; x_wconf 80' lang='lat' dir='ltr'>parte,</span> <span class='ocrx_word' id='word_1_663' title='bbox 2644 2151 2719 2197; x_wconf 83' lang='lat' dir='ltr'>sed</span> <span class='ocrx_word' id='word_1_664' title='bbox 2737 2152 2818 2208; x_wconf 69' lang='lat' dir='ltr'>ssu·</span> <span class='ocrx_word' id='word_1_665' title='bbox 2852 2155 2874 2187; x_wconf 77' lang='lat'>1&#39;</span> 
     </span>
     <span class='ocr_line' id='line_1_91' title="bbox 1565 2214 2857 2286; baseline 0.005 -23"><span class='ocrx_word' id='word_1_666' title='bbox 1565 2231 1641 2277; x_wconf 85' lang='lat' dir='ltr'>pra</span> <span class='ocrx_word' id='word_1_667' title='bbox 1663 2221 1803 2277; x_wconf 86' lang='lat' dir='ltr'>ipsum</span> <span class='ocrx_word' id='word_1_668' title='bbox 1827 2221 2152 2266; x_wconf 86' lang='lat' dir='ltr'>tabernaculum</span> <span class='ocrx_word' id='word_1_669' title='bbox 2176 2222 2316 2267; x_wconf 87' lang='lat' dir='ltr'>medio</span> <span class='ocrx_word' id='word_1_670' title='bbox 2342 2223 2478 2280; x_wconf 87' lang='lat' dir='ltr'>ipsius</span> <span class='ocrx_word' id='word_1_671' title='bbox 2499 2224 2595 2268; x_wconf 91' lang='lat' dir='ltr'>loco</span> <span class='ocrx_word' id='word_1_672' title='bbox 2617 2235 2715 2286; x_wconf 85' lang='lat' dir='ltr'>cum</span> <span class='ocrx_word' id='word_1_673' title='bbox 2731 2236 2816 2270; x_wconf 83' lang='lat' dir='ltr'>co·</span> <span class='ocrx_word' id='word_1_674' title='bbox 2855 2214 2857 2257; x_wconf 79' lang='grc' dir='ltr'>Ϊ</span> 
     </span>
    </p>
   </div>
   <div class='ocr_carea' id='block_1_32' title="bbox 1566 2293 2858 2352">
    <p class='ocr_par' dir='ltr' id='par_1_32' title="bbox 1566 2293 2858 2352">
     <span class='ocr_line' id='line_1_92' title="bbox 1566 2293 2858 2352; baseline 0.007 -17"><span class='ocrx_word' id='word_1_675' title='bbox 1566 2293 1725 2337; x_wconf 88' lang='lat' dir='ltr'>lumnis</span> <span class='ocrx_word' id='word_1_676' title='bbox 1765 2294 1884 2345; x_wconf 74' lang='lat' dir='ltr'>suis,</span> <span class='ocrx_word' id='word_1_677' title='bbox 1922 2295 2176 2352; x_wconf 81' lang='lat' dir='ltr'>caeterisque</span> <span class='ocrx_word' id='word_1_678' title='bbox 2210 2296 2410 2341; x_wconf 85' lang='lat' dir='ltr'>omnibus</span> <span class='ocrx_word' id='word_1_679' title='bbox 2449 2296 2502 2342; x_wconf 90' lang='lat' dir='ltr'>ad</span> <span class='ocrx_word' id='word_1_680' title='bbox 2538 2295 2710 2343; x_wconf 87' lang='lat' dir='ltr'>easdem</span> <span class='ocrx_word' id='word_1_681' title='bbox 2743 2309 2818 2344; x_wconf 86' lang='lat' dir='ltr'>co·</span> <span class='ocrx_word' id='word_1_682' title='bbox 2852 2302 2858 2341; x_wconf 72' lang='grc' dir='ltr'><em>ἰ</em></span> 
     </span>
    </p>
   </div>
   <div class='ocr_carea' id='block_1_33' title="bbox 1567 2366 2870 2427">
    <p class='ocr_par' dir='ltr' id='par_1_33' title="bbox 1567 2366 2870 2427">
     <span class='ocr_line' id='line_1_93' title="bbox 1567 2366 2870 2427; baseline 0.006 -18"><span class='ocrx_word' id='word_1_683' title='bbox 1567 2366 1738 2411; x_wconf 87' lang='lat' dir='ltr'>lumnas</span> <span class='ocrx_word' id='word_1_684' title='bbox 1763 2368 2077 2424; x_wconf 85' lang='lat' dir='ltr'>pcrtinentibus</span> <span class='ocrx_word' id='word_1_685' title='bbox 2099 2369 2142 2412; x_wconf 91' lang='lat' dir='ltr'>in</span> <span class='ocrx_word' id='word_1_686' title='bbox 2166 2381 2334 2413; x_wconf 86' lang='lat' dir='ltr'>summo</span> <span class='ocrx_word' id='word_1_687' title='bbox 2358 2370 2619 2427; x_wconf 85' lang='lat' dir='ltr'>pendebunt,</span> <span class='ocrx_word' id='word_1_688' title='bbox 2635 2377 2685 2416; x_wconf 73' lang='lat' dir='ltr'>‘et</span> <span class='ocrx_word' id='word_1_689' title='bbox 2715 2380 2818 2417; x_wconf 81' lang='lat' dir='ltr'>tune</span> <span class='ocrx_word' id='word_1_690' title='bbox 2849 2372 2870 2394; x_wconf 67' lang='lat'>‘³</span> 
     </span>
    </p>
   </div>
   <div class='ocr_carea' id='block_1_34' title="bbox 2867 2619 2871 2626">
    <p class='ocr_par' dir='ltr' id='par_1_34' title="bbox 2867 2619 2871 2626">
     <span class='ocr_line' id='line_1_94' title="bbox 2867 2619 2871 2626; baseline 0 0"><span class='ocrx_word' id='word_1_691' title='bbox 2867 2619 2871 2626; x_wconf 70' lang='grc' dir='ltr'>ι</span> 
     </span>
    </p>
   </div>
   <div class='ocr_carea' id='block_1_35' title="bbox 1571 2441 2820 2647">
    <p class='ocr_par' dir='ltr' id='par_1_35' title="bbox 1571 2441 2820 2647">
     <span class='ocr_line' id='line_1_95' title="bbox 1572 2441 2814 2501; baseline 0.007 -18"><span class='ocrx_word' id='word_1_692' title='bbox 1572 2453 1658 2484; x_wconf 89' lang='lat' dir='ltr'>non</span> <span class='ocrx_word' id='word_1_693' title='bbox 1689 2441 1785 2485; x_wconf 84' lang='lat' dir='ltr'>duae</span> <span class='ocrx_word' id='word_1_694' title='bbox 1818 2441 1962 2486; x_wconf 86' lang='lat' dir='ltr'>icones</span> <span class='ocrx_word' id='word_1_695' title='bbox 2002 2446 2148 2494; x_wconf 87' lang='lat' dir='ltr'>erunt,</span> <span class='ocrx_word' id='word_1_696' title='bbox 2179 2442 2259 2488; x_wconf 85' lang='lat' dir='ltr'>-sed</span> <span class='ocrx_word' id='word_1_697' title='bbox 2293 2455 2378 2487; x_wconf 87' lang='lat' dir='ltr'>una</span> <span class='ocrx_word' id='word_1_698' title='bbox 2411 2444 2533 2488; x_wconf 84' lang='lat' dir='ltr'>alteri</span> <span class='ocrx_word' id='word_1_699' title='bbox 2567 2444 2814 2501; x_wconf 69' lang='lat' dir='ltr'>conjuncta.</span> 
     </span>
     <span class='ocr_line' id='line_1_96' title="bbox 1571 2505 2820 2574; baseline 0.002 -15"><span class='ocrx_word' id='word_1_700' title='bbox 1571 2521 1614 2559; x_wconf 89' lang='lat' dir='ltr'>et</span> <span class='ocrx_word' id='word_1_701' title='bbox 1636 2528 1686 2559; x_wconf 84' lang='lat' dir='ltr'>ex</span> <span class='ocrx_word' id='word_1_702' title='bbox 1714 2522 1802 2561; x_wconf 86' lang='lat' dir='ltr'>toto</span> <span class='ocrx_word' id='word_1_703' title='bbox 1827 2515 1964 2568; x_wconf 88' lang='lat' dir='ltr'>unita,</span> <span class='ocrx_word' id='word_1_704' title='bbox 1990 2529 2075 2560; x_wconf 88' lang='lat' dir='ltr'>una</span> <span class='ocrx_word' id='word_1_705' title='bbox 2099 2516 2194 2562; x_wconf 81' lang='lat' dir='ltr'>sola</span> <span class='ocrx_word' id='word_1_706' title='bbox 2211 2517 2448 2574; x_wconf 63' lang='lat' dir='ltr'>apparehsst.</span> <span class='ocrx_word' id='word_1_707' title='bbox 2473 2517 2560 2563; x_wconf 84' lang='lat' dir='ltr'>Nec</span> <span class='ocrx_word' id='word_1_708' title='bbox 2580 2525 2707 2564; x_wconf 87' lang='lat' dir='ltr'>erunt</span> <span class='ocrx_word' id='word_1_709' title='bbox 2725 2505 2820 2574; x_wconf 68' lang='lat' dir='ltr'>jam¹</span> 
     </span>
     <span class='ocr_line' id='line_1_97' title="bbox 1572 2588 2820 2647; baseline 0.003 -15"><span class='ocrx_word' id='word_1_710' title='bbox 1572 2588 1665 2634; x_wconf 86' lang='lat' dir='ltr'>duae</span> <span class='ocrx_word' id='word_1_711' title='bbox 1695 2590 1806 2647; x_wconf 81' lang='lat' dir='ltr'>ignis</span> <span class='ocrx_word' id='word_1_712' title='bbox 1849 2598 1890 2634; x_wconf 89' lang='lat' dir='ltr'>et</span> <span class='ocrx_word' id='word_1_713' title='bbox 1923 2590 2054 2635; x_wconf 73' lang='lat' dir='ltr'>nubls</span> <span class='ocrx_word' id='word_1_714' title='bbox 2085 2590 2313 2644; x_wconf 81' lang='lat' dir='ltr'>columnae,</span> <span class='ocrx_word' id='word_1_715' title='bbox 2340 2591 2454 2636; x_wconf 83' lang='lat' dir='ltr'>sicut</span> <span class='ocrx_word' id='word_1_716' title='bbox 2491 2602 2571 2640; x_wconf 87' lang='lat' dir='ltr'>nec</span> <span class='ocrx_word' id='word_1_717' title='bbox 2601 2590 2696 2636; x_wconf 86' lang='lat' dir='ltr'>duae</span> <span class='ocrx_word' id='word_1_718' title='bbox 2729 2591 2820 2636; x_wconf 80' lang='lat' dir='ltr'>ico-</span> 
     </span>
    </p>
   </div>
   <div class='ocr_carea' id='block_1_36' title="bbox 1567 2659 2873 3011">
    <p class='ocr_par' dir='ltr' id='par_1_36' title="bbox 1567 2659 2873 3011">
     <span class='ocr_line' id='line_1_98' title="bbox 1570 2659 2873 2729; baseline 0.002 -21"><span class='ocrx_word' id='word_1_719' title='bbox 1570 2676 1675 2718; x_wconf 88' lang='lat' dir='ltr'>nes;</span> <span class='ocrx_word' id='word_1_720' title='bbox 1701 2664 1777 2707; x_wconf 89' lang='lat' dir='ltr'>sed</span> <span class='ocrx_word' id='word_1_721' title='bbox 1807 2662 1976 2718; x_wconf 80' lang='lat' dir='ltr'>duabus</span> <span class='ocrx_word' id='word_1_722' title='bbox 1993 2659 2207 2709; x_wconf 85' lang='lat' dir='ltr'>columnis</span> <span class='ocrx_word' id='word_1_723' title='bbox 2225 2676 2276 2710; x_wconf 83' lang='lat' dir='ltr'>ex</span> <span class='ocrx_word' id='word_1_724' title='bbox 2301 2660 2385 2708; x_wconf 88' lang='lat' dir='ltr'>una</span> <span class='ocrx_word' id='word_1_725' title='bbox 2407 2664 2672 2709; x_wconf 84' lang='lat' dir='ltr'>tabernaculi</span> <span class='ocrx_word' id='word_1_726' title='bbox 2697 2672 2821 2722; x_wconf 69' lang='lat' dir='ltr'>parte</span> <span class='ocrx_word' id='word_1_727' title='bbox 2851 2674 2873 2729; x_wconf 52' lang='grc' dir='ltr'>’ξ</span> 
     </span>
     <span class='ocr_line' id='line_1_99' title="bbox 1567 2724 2871 2795; baseline 0.002 -15"><span class='ocrx_word' id='word_1_728' title='bbox 1567 2737 1810 2794; x_wconf 72' lang='lat' dir='ltr'>iacentibus</span> <span class='ocrx_word' id='word_1_729' title='bbox 1838 2738 1923 2783; x_wconf 89' lang='lat' dir='ltr'>illis</span> <span class='ocrx_word' id='word_1_730' title='bbox 1951 2737 2139 2789; x_wconf 89' lang='lat' dir='ltr'>duabus,</span> <span class='ocrx_word' id='word_1_731' title='bbox 2160 2750 2256 2795; x_wconf 79' lang='lat' dir='ltr'>quae</span> <span class='ocrx_word' id='word_1_732' title='bbox 2282 2750 2332 2783; x_wconf 86' lang='lat' dir='ltr'>ex</span> <span class='ocrx_word' id='word_1_733' title='bbox 2362 2738 2495 2782; x_wconf 89' lang='lat' dir='ltr'>altera</span> <span class='ocrx_word' id='word_1_734' title='bbox 2522 2743 2643 2795; x_wconf 86' lang='lat' dir='ltr'>parte</span> <span class='ocrx_word' id='word_1_735' title='bbox 2669 2738 2816 2794; x_wconf 84' lang='lat' dir='ltr'>jacent</span> <span class='ocrx_word' id='word_1_736' title='bbox 2852 2724 2871 2775; x_wconf 63' lang='lat'><em>3</em></span> 
     </span>
     <span class='ocr_line' id='line_1_100' title="bbox 1571 2791 2871 2869; baseline 0.002 -14"><span class='ocrx_word' id='word_1_737' title='bbox 1571 2824 1702 2868; x_wconf 88' lang='lat' dir='ltr'>supra</span> <span class='ocrx_word' id='word_1_738' title='bbox 1733 2812 2065 2857; x_wconf 86' lang='lat' dir='ltr'>tabernaculum</span> <span class='ocrx_word' id='word_1_739' title='bbox 2098 2811 2144 2855; x_wconf 91' lang='lat' dir='ltr'>in</span> <span class='ocrx_word' id='word_1_740' title='bbox 2171 2819 2342 2856; x_wconf 88' lang='lat' dir='ltr'>summo</span> <span class='ocrx_word' id='word_1_741' title='bbox 2365 2811 2625 2869; x_wconf 87' lang='lat' dir='ltr'>conjunctis,</span> <span class='ocrx_word' id='word_1_742' title='bbox 2664 2825 2716 2855; x_wconf 78' lang='lat' dir='ltr'>ex</span> <span class='ocrx_word' id='word_1_743' title='bbox 2750 2806 2818 2858; x_wconf 74' lang='lat' dir='ltr'>iiis</span> <span class='ocrx_word' id='word_1_744' title='bbox 2856 2791 2871 2866; x_wconf 58' lang='grc' dir='ltr'>ζ</span> 
     </span>
     <span class='ocr_line' id='line_1_101' title="bbox 1570 2882 2869 2943; baseline 0.003 -16"><span class='ocrx_word' id='word_1_745' title='bbox 1570 2882 1800 2938; x_wconf 81' lang='lat' dir='ltr'>columnis,</span> <span class='ocrx_word' id='word_1_746' title='bbox 1820 2898 1917 2942; x_wconf 81' lang='lat' dir='ltr'>quae</span> <span class='ocrx_word' id='word_1_747' title='bbox 1940 2884 2177 2931; x_wconf 88' lang='lat' dir='ltr'>secundum</span> <span class='ocrx_word' id='word_1_748' title='bbox 2203 2885 2459 2942; x_wconf 89' lang='lat' dir='ltr'>positionem</span> <span class='ocrx_word' id='word_1_749' title='bbox 2496 2885 2611 2942; x_wconf 83' lang='lat' dir='ltr'>plani</span> <span class='ocrx_word' id='word_1_750' title='bbox 2633 2890 2818 2943; x_wconf 82' lang='lat' dir='ltr'>quatuor</span> <span class='ocrx_word' id='word_1_751' title='bbox 2856 2889 2869 2931; x_wconf 62' lang='grc' dir='ltr'>ἒ</span> 
     </span>
     <span class='ocr_line' id='line_1_102' title="bbox 1569 2952 2869 3011; baseline 0.001 -11"><span class='ocrx_word' id='word_1_752' title='bbox 1569 2957 1612 3000; x_wconf 89' lang='lat' dir='ltr'>in</span> <span class='ocrx_word' id='word_1_753' title='bbox 1649 2957 1734 3000; x_wconf 87' lang='lat' dir='ltr'>imo</span> <span class='ocrx_word' id='word_1_754' title='bbox 1768 2963 1893 3010; x_wconf 85' lang='lat' dir='ltr'>sunt,</span> <span class='ocrx_word' id='word_1_755' title='bbox 1931 2970 2019 3002; x_wconf 89' lang='lat' dir='ltr'>non</span> <span class='ocrx_word' id='word_1_756' title='bbox 2056 2957 2142 3001; x_wconf 88' lang='lat' dir='ltr'>nisi</span> <span class='ocrx_word' id='word_1_757' title='bbox 2181 2957 2277 3002; x_wconf 87' lang='lat' dir='ltr'>duae</span> <span class='ocrx_word' id='word_1_758' title='bbox 2312 2958 2356 3001; x_wconf 91' lang='lat' dir='ltr'>in</span> <span class='ocrx_word' id='word_1_759' title='bbox 2389 2968 2559 3002; x_wconf 88' lang='lat' dir='ltr'>summo</span> <span class='ocrx_word' id='word_1_760' title='bbox 2592 2968 2688 3011; x_wconf 81' lang='lat' dir='ltr'>eum</span> <span class='ocrx_word' id='word_1_761' title='bbox 2728 2967 2817 3001; x_wconf 81' lang='lat' dir='ltr'>una</span> <span class='ocrx_word' id='word_1_762' title='bbox 2860 2952 2869 2981; x_wconf 48' lang='grc' dir='ltr'>’ἕ</span> 
     </span>
    </p>
   </div>
   <div class='ocr_carea' id='block_1_37' title="bbox 1570 3030 2817 3093">
    <p class='ocr_par' dir='ltr' id='par_1_37' title="bbox 1570 3030 2817 3093">
     <span class='ocr_line' id='line_1_103' title="bbox 1570 3030 2817 3093; baseline 0 -20"><span class='ocrx_word' id='word_1_763' title='bbox 1570 3031 1693 3075; x_wconf 73' lang='lat' dir='ltr'>icone</span> <span class='ocrx_word' id='word_1_764' title='bbox 1728 3037 1897 3076; x_wconf 79' lang='lat' dir='ltr'>erunt:</span> <span class='ocrx_word' id='word_1_765' title='bbox 1931 3043 2018 3076; x_wconf 89' lang='lat' dir='ltr'>una</span> <span class='ocrx_word' id='word_1_766' title='bbox 2051 3031 2162 3088; x_wconf 88' lang='lat' dir='ltr'>ignis</span> <span class='ocrx_word' id='word_1_767' title='bbox 2194 3044 2245 3076; x_wconf 90' lang='lat' dir='ltr'>ex</span> <span class='ocrx_word' id='word_1_768' title='bbox 2284 3032 2382 3075; x_wconf 77' lang='lat' dir='ltr'>una&#39;</span> <span class='ocrx_word' id='word_1_769' title='bbox 2404 3035 2537 3093; x_wconf 22' lang='lat' dir='ltr'>parte·</span> <span class='ocrx_word' id='word_1_770' title='bbox 2558 3031 2711 3083; x_wconf 86' lang='lat' dir='ltr'>ieonis,</span> <span class='ocrx_word' id='word_1_771' title='bbox 2754 3030 2817 3074; x_wconf 81' lang='lat' dir='ltr'>al·</span> 
     </span>
    </p>
   </div>
   <div class='ocr_carea' id='block_1_38' title="bbox 1569 3103 2867 3162">
    <p class='ocr_par' dir='ltr' id='par_1_38' title="bbox 1569 3103 2867 3162">
     <span class='ocr_line' id='line_1_104' title="bbox 1569 3103 2867 3162; baseline 0.001 -15"><span class='ocrx_word' id='word_1_772' title='bbox 1569 3111 1659 3149; x_wconf 81' lang='lat' dir='ltr'>tera</span> <span class='ocrx_word' id='word_1_773' title='bbox 1692 3105 1820 3150; x_wconf 78' lang='lat' dir='ltr'>nii-bis</span> <span class='ocrx_word' id='word_1_774' title='bbox 1840 3118 1893 3150; x_wconf 86' lang='lat' dir='ltr'>ex</span> <span class='ocrx_word' id='word_1_775' title='bbox 1913 3106 2048 3151; x_wconf 86' lang='lat' dir='ltr'>altera</span> <span class='ocrx_word' id='word_1_776' title='bbox 2072 3112 2194 3162; x_wconf 85' lang='lat' dir='ltr'>parte</span> <span class='ocrx_word' id='word_1_777' title='bbox 2213 3105 2365 3150; x_wconf 89' lang='lat' dir='ltr'>ieonis.</span> <span class='ocrx_word' id='word_1_778' title='bbox 2387 3104 2509 3155; x_wconf 85' lang='lat' dir='ltr'>Tunc</span> <span class='ocrx_word' id='word_1_779' title='bbox 2529 3108 2658 3149; x_wconf 82' lang='lat' dir='ltr'>etiam</span> <span class='ocrx_word' id='word_1_780' title='bbox 2685 3103 2818 3159; x_wconf 66' lang='lat' dir='ltr'>justis</span> <span class='ocrx_word' id='word_1_781' title='bbox 2855 3134 2867 3161; x_wconf 23' lang='grc' dir='ltr'>,Μ</span> 
     </span>
    </p>
   </div>
   <div class='ocr_carea' id='block_1_39' title="bbox 1568 3159 2866 3237">
    <p class='ocr_par' dir='ltr' id='par_1_39' title="bbox 1568 3159 2866 3237">
     <span class='ocr_line' id='line_1_105' title="bbox 1568 3159 2866 3237; baseline 0.001 -15"><span class='ocrx_word' id='word_1_782' title='bbox 1568 3181 1610 3223; x_wconf 91' lang='lat' dir='ltr'>in</span> <span class='ocrx_word' id='word_1_783' title='bbox 1633 3172 1812 3237; x_wconf 81' lang='lat' dir='ltr'>regnum</span> <span class='ocrx_word' id='word_1_784' title='bbox 1842 3181 2019 3226; x_wconf 79' lang='lat' dir='ltr'>coeleste</span> <span class='ocrx_word' id='word_1_785' title='bbox 2048 3181 2251 3226; x_wconf 89' lang='lat' dir='ltr'>euntibus</span> <span class='ocrx_word' id='word_1_786' title='bbox 2285 3179 2487 3237; x_wconf 83' lang='lat' dir='ltr'>gentiles,</span> <span class='ocrx_word' id='word_1_787' title='bbox 2521 3184 2565 3224; x_wconf 84' lang='lat' dir='ltr'>et</span> <span class='ocrx_word' id='word_1_788' title='bbox 2595 3178 2738 3235; x_wconf 82' lang='lat' dir='ltr'>impiis</span> <span class='ocrx_word' id='word_1_789' title='bbox 2770 3159 2866 3227; x_wconf 57' lang='lat' dir='ltr'>ini</span> 
     </span>
    </p>
   </div>
   <div class='ocr_carea' id='block_1_40' title="bbox 2859 3086 2865 3125">
    <p class='ocr_par' dir='ltr' id='par_1_40' title="bbox 2859 3086 2865 3125">
     <span class='ocr_line' id='line_1_106' title="bbox 2859 3086 2865 3125; baseline 0 0"><span class='ocrx_word' id='word_1_790' title='bbox 2859 3086 2865 3125; x_wconf 40' lang='grc' dir='ltr'><strong><em>ἰ</em></strong></span> 
     </span>
    </p>
   </div>
   <div class='ocr_carea' id='block_1_41' title="bbox 249 3246 2865 3601">
    <p class='ocr_par' dir='ltr' id='par_1_41' title="bbox 249 3246 2865 3601">
     <span class='ocr_line' id='line_1_107' title="bbox 1568 3246 2865 3309; baseline 0.001 -15"><span class='ocrx_word' id='word_1_791' title='bbox 1568 3251 1782 3296; x_wconf 77' lang='lat' dir='ltr'>infernum</span> <span class='ocrx_word' id='word_1_792' title='bbox 1818 3253 2019 3297; x_wconf 85' lang='lat' dir='ltr'>euntibus</span> <span class='ocrx_word' id='word_1_793' title='bbox 2051 3252 2365 3309; x_wconf 72' lang='lat' dir='ltr'>conjungentur</span> <span class='ocrx_word' id='word_1_794' title='bbox 2403 3249 2574 3303; x_wconf 79' lang='lat' dir='ltr'>Ju‹iaei;</span> <span class='ocrx_word' id='word_1_795' title='bbox 2616 3250 2715 3306; x_wconf 85' lang='lat' dir='ltr'>quia</span> <span class='ocrx_word' id='word_1_796' title='bbox 2748 3249 2818 3295; x_wconf 73' lang='lat' dir='ltr'>ui·</span> <span class='ocrx_word' id='word_1_797' title='bbox 2864 3246 2865 3255; x_wconf 49' lang='lat'>¹</span> 
     </span>
     <span class='ocr_line' id='line_1_108' title="bbox 1569 3318 2853 3382; baseline -0.002 -15"><span class='ocrx_word' id='word_1_798' title='bbox 1569 3325 1724 3368; x_wconf 87' lang='lat' dir='ltr'>mirum</span> <span class='ocrx_word' id='word_1_799' title='bbox 1747 3331 1792 3368; x_wconf 93' lang='lat' dir='ltr'>ut</span> <span class='ocrx_word' id='word_1_800' title='bbox 1812 3325 1865 3369; x_wconf 87' lang='lat' dir='ltr'>de</span> <span class='ocrx_word' id='word_1_801' title='bbox 1888 3337 2045 3382; x_wconf 83' lang='lat' dir='ltr'>genere</span> <span class='ocrx_word' id='word_1_802' title='bbox 2061 3324 2116 3368; x_wconf 91' lang='lat' dir='ltr'>ad</span> <span class='ocrx_word' id='word_1_803' title='bbox 2141 3324 2327 3381; x_wconf 88' lang='lat' dir='ltr'>speciem</span> <span class='ocrx_word' id='word_1_804' title='bbox 2347 3318 2652 3374; x_wconf 84' lang='lat' dir='ltr'>transeamus,</span> <span class='ocrx_word' id='word_1_805' title='bbox 2677 3332 2818 3379; x_wconf 61' lang='lat' dir='ltr'>quanm</span> <span class='ocrx_word' id='word_1_806' title='bbox 2843 3338 2853 3343; x_wconf 50' lang='lat'><em>²</em></span> 
     </span>
     <span class='ocr_line' id='line_1_109' title="bbox 1568 3393 2853 3455; baseline -0.002 -15"><span class='ocrx_word' id='word_1_807' title='bbox 1568 3403 1658 3441; x_wconf 87' lang='lat' dir='ltr'>tum</span> <span class='ocrx_word' id='word_1_808' title='bbox 1692 3399 1902 3442; x_wconf 68' lang='lat' dir='ltr'>dinnaxat</span> <span class='ocrx_word' id='word_1_809' title='bbox 1938 3397 1991 3442; x_wconf 91' lang='lat' dir='ltr'>ad</span> <span class='ocrx_word' id='word_1_810' title='bbox 2039 3402 2293 3455; x_wconf 85' lang='lat' dir='ltr'>praesentem</span> <span class='ocrx_word' id='word_1_811' title='bbox 2331 3393 2481 3439; x_wconf 86' lang='lat' dir='ltr'>mundi</span> <span class='ocrx_word' id='word_1_812' title='bbox 2519 3400 2678 3440; x_wconf 88' lang='lat' dir='ltr'>statum</span> <span class='ocrx_word' id='word_1_813' title='bbox 2716 3406 2816 3452; x_wconf 61' lang='lat' dir='ltr'>per«</span> <span class='ocrx_word' id='word_1_814' title='bbox 2850 3394 2853 3397; x_wconf 83' lang='grc'>’</span> 
     </span>
     <span class='ocr_line' id='line_1_110' title="bbox 249 3467 2852 3543; baseline 0.003 -32"><span class='ocrx_word' id='word_1_815' title='bbox 249 3467 323 3512; x_wconf 84' lang='lat' dir='ltr'>sed</span> <span class='ocrx_word' id='word_1_816' title='bbox 352 3468 451 3525; x_wconf 84' lang='lat' dir='ltr'>quia</span> <span class='ocrx_word' id='word_1_817' title='bbox 474 3470 528 3514; x_wconf 92' lang='lat' dir='ltr'>ad</span> <span class='ocrx_word' id='word_1_818' title='bbox 549 3471 948 3525; x_wconf 87' lang='lat' dir='ltr'>demonstrandum,</span> <span class='ocrx_word' id='word_1_819' title='bbox 984 3487 1117 3530; x_wconf 82' lang='lat' dir='ltr'>quare</span> <span class='ocrx_word' id='word_1_820' title='bbox 1150 3475 1366 3527; x_wconf 89' lang='lat' dir='ltr'>columna,</span> <span class='ocrx_word' id='word_1_821' title='bbox 1392 3489 1486 3533; x_wconf 82' lang='lat' dir='ltr'>quae</span> <span class='ocrx_word' id='word_1_822' title='bbox 1512 3491 1546 3533; x_wconf 63' lang='grc' dir='ltr'>ς)</span> <span class='ocrx_word' id='word_1_823' title='bbox 1570 3472 1694 3522; x_wconf 73' lang='lat' dir='ltr'>tinet,</span> <span class='ocrx_word' id='word_1_824' title='bbox 1717 3471 1799 3516; x_wconf 82' lang='lat' dir='ltr'>boc</span> <span class='ocrx_word' id='word_1_825' title='bbox 1820 3484 1936 3515; x_wconf 84' lang='lat' dir='ltr'>nunc</span> <span class='ocrx_word' id='word_1_826' title='bbox 1957 3470 2196 3517; x_wconf 82' lang='lat' dir='ltr'>secundum</span> <span class='ocrx_word' id='word_1_827' title='bbox 2222 3470 2405 3526; x_wconf 75' lang='lat' dir='ltr'>aliquem</span> <span class='ocrx_word' id='word_1_828' title='bbox 2426 3468 2852 3543; x_wconf 31' lang='lat' dir='ltr'>modumgen‘i&#39;msz·</span> 
     </span>
     <span class='ocr_line' id='line_1_111' title="bbox 1569 3539 2841 3601; baseline -0.001 -14"><span class='ocrx_word' id='word_1_829' title='bbox 1569 3549 1635 3587; x_wconf 89' lang='lat' dir='ltr'>est</span> <span class='ocrx_word' id='word_1_830' title='bbox 1660 3544 1851 3598; x_wconf 83' lang='lat' dir='ltr'>vocatio,</span> <span class='ocrx_word' id='word_1_831' title='bbox 1883 3543 1998 3601; x_wconf 87' lang='lat' dir='ltr'>quod</span> <span class='ocrx_word' id='word_1_832' title='bbox 2035 3544 2078 3588; x_wconf 88' lang='lat' dir='ltr'>in</span> <span class='ocrx_word' id='word_1_833' title='bbox 2117 3543 2202 3587; x_wconf 83' lang='lat' dir='ltr'>fine</span> <span class='ocrx_word' id='word_1_834' title='bbox 2233 3543 2451 3599; x_wconf 65' lang='lat' dir='ltr'>iustorum</span> <span class='ocrx_word' id='word_1_835' title='bbox 2483 3541 2574 3586; x_wconf 46' lang='lat' dir='ltr'>erit*</span> <span class='ocrx_word' id='word_1_836' title='bbox 2597 3539 2841 3600; x_wconf 45' lang='lat' dir='ltr'>salvabiur*</span> 
     </span>
    </p>
   </div>
   <div class='ocr_carea' id='block_1_42' title="bbox 1566 3610 2846 3681">
    <p class='ocr_par' dir='ltr' id='par_1_42' title="bbox 1566 3610 2846 3681">
     <span class='ocr_line' id='line_1_112' title="bbox 1566 3610 2846 3681; baseline -0.003 -22"><span class='ocrx_word' id='word_1_837' title='bbox 1566 3617 1816 3662; x_wconf 78' lang='lat' dir='ltr'>hocetiam</span> <span class='ocrx_word' id='word_1_838' title='bbox 1856 3630 1973 3662; x_wconf 89' lang='lat' dir='ltr'>nunc</span> <span class='ocrx_word' id='word_1_839' title='bbox 2009 3615 2479 3681; x_wconf 21' lang='lat' dir='ltr'>repulsiovludaeorum,</span> <span class='ocrx_word' id='word_1_840' title='bbox 2505 3614 2619 3672; x_wconf 85' lang='lat' dir='ltr'>quod</span> <span class='ocrx_word' id='word_1_841' title='bbox 2651 3614 2698 3658; x_wconf 85' lang='lat' dir='ltr'>in</span> <span class='ocrx_word' id='word_1_842' title='bbox 2730 3610 2818 3660; x_wconf 69' lang='lat' dir='ltr'>fine</span> <span class='ocrx_word' id='word_1_843' title='bbox 2839 3640 2846 3655; x_wconf 84' lang='lat'>·.</span> 
     </span>
    </p>
   </div>
   <div class='ocr_carea' id='block_1_43' title="bbox 1569 3684 2814 3745">
    <p class='ocr_par' dir='ltr' id='par_1_43' title="bbox 1569 3684 2814 3745">
     <span class='ocr_line' id='line_1_113' title="bbox 1569 3684 2814 3745; baseline -0.006 -11"><span class='ocrx_word' id='word_1_844' title='bbox 1569 3689 1867 3734; x_wconf 88' lang='lat' dir='ltr'>condemnatio</span> <span class='ocrx_word' id='word_1_845' title='bbox 1890 3689 1973 3734; x_wconf 88' lang='lat' dir='ltr'>erit</span> <span class='ocrx_word' id='word_1_846' title='bbox 2003 3688 2247 3745; x_wconf 82' lang='lat' dir='ltr'>impiorum,</span> <span class='ocrx_word' id='word_1_847' title='bbox 2273 3685 2395 3736; x_wconf 83' lang='lat' dir='ltr'>Sicut</span> <span class='ocrx_word' id='word_1_848' title='bbox 2419 3688 2532 3731; x_wconf 90' lang='lat' dir='ltr'>enim</span> <span class='ocrx_word' id='word_1_849' title='bbox 2563 3687 2605 3730; x_wconf 84' lang='lat' dir='ltr'>in</span> <span class='ocrx_word' id='word_1_850' title='bbox 2628 3684 2698 3731; x_wconf 87' lang='lat' dir='ltr'>die</span> <span class='ocrx_word' id='word_1_851' title='bbox 2715 3684 2814 3730; x_wconf 76' lang='lat' dir='ltr'>uni-</span> 
     </span>
    </p>
   </div>
   <div class='ocr_carea' id='block_1_44' title="bbox 1567 3754 2847 3895">
    <p class='ocr_par' dir='ltr' id='par_1_44' title="bbox 1567 3754 2847 3895">
     <span class='ocr_line' id='line_1_114' title="bbox 1569 3754 2847 3820; baseline -0.005 -11"><span class='ocrx_word' id='word_1_852' title='bbox 1569 3765 1750 3809; x_wconf 78' lang='lat' dir='ltr'>versalis</span> <span class='ocrx_word' id='word_1_853' title='bbox 1779 3764 1932 3820; x_wconf 76' lang='lat' dir='ltr'>Judicii</span> <span class='ocrx_word' id='word_1_854' title='bbox 1965 3759 2134 3807; x_wconf 82' lang='lat' dir='ltr'>eunctis</span> <span class='ocrx_word' id='word_1_855' title='bbox 2159 3760 2426 3820; x_wconf 83' lang='lat' dir='ltr'>&#39;generaliter</span> <span class='ocrx_word' id='word_1_856' title='bbox 2464 3761 2658 3818; x_wconf 84' lang='lat' dir='ltr'>reprobis</span> <span class='ocrx_word' id='word_1_857' title='bbox 2677 3791 2690 3811; x_wconf 91' lang='lat'>‚</span> <span class='ocrx_word' id='word_1_858' title='bbox 2722 3765 2809 3804; x_wconf 82' lang='lat' dir='ltr'>tam</span> <span class='ocrx_word' id='word_1_859' title='bbox 2842 3754 2847 3762; x_wconf 59' lang='lat'><em>²</em></span> 
     </span>
     <span class='ocr_line' id='line_1_115' title="bbox 1567 3830 2831 3895; baseline -0.003 -13"><span class='ocrx_word' id='word_1_860' title='bbox 1567 3838 1742 3890; x_wconf 67' lang='lat' dir='ltr'>ludaeis,</span> <span class='ocrx_word' id='word_1_861' title='bbox 1778 3850 1907 3895; x_wconf 85' lang='lat' dir='ltr'>quam</span> <span class='ocrx_word' id='word_1_862' title='bbox 1938 3838 2142 3895; x_wconf 85' lang='lat' dir='ltr'>gentibus.</span> <span class='ocrx_word' id='word_1_863' title='bbox 2173 3830 2377 3881; x_wconf 84' lang='lat' dir='ltr'>Dominus</span> <span class='ocrx_word' id='word_1_864' title='bbox 2411 3834 2525 3880; x_wconf 90' lang='lat' dir='ltr'>dicet</span> <span class='ocrx_word' id='word_1_865' title='bbox 2547 3850 2557 3879; x_wconf 75' lang='lat' dir='ltr'>z</span> <span class='ocrx_word' id='word_1_866' title='bbox 2579 3833 2645 3879; x_wconf 77' lang='lat' dir='ltr'>Ite</span> <span class='ocrx_word' id='word_1_867' title='bbox 2677 3831 2831 3879; x_wconf 45' lang='lat' dir='ltr'>nate-4*</span> 
     </span>
    </p>
   </div>
   <div class='ocr_carea' id='block_1_45' title="bbox 1567 3907 2811 4047">
    <p class='ocr_par' dir='ltr' id='par_1_45' title="bbox 1567 3907 2811 4047">
     <span class='ocr_line' id='line_1_116' title="bbox 1567 3907 2811 3978; baseline -0.002 -25"><span class='ocrx_word' id='word_1_868' title='bbox 1567 3910 1669 3954; x_wconf 76' lang='lat' dir='ltr'>dicti</span> <span class='ocrx_word' id='word_1_869' title='bbox 1700 3912 1744 3954; x_wconf 79' lang='lat' dir='ltr'>in</span> <span class='ocrx_word' id='word_1_870' title='bbox 1769 3911 1903 3967; x_wconf 65' lang='lat' dir='ltr'>{quem</span> <span class='ocrx_word' id='word_1_871' title='bbox 1929 3918 2127 3955; x_wconf 74' lang='lat' dir='ltr'>oeternum</span> <span class='ocrx_word' id='word_1_872' title='bbox 2151 3908 2320 3978; x_wconf 52' lang='lat' dir='ltr'>(Mami.</span> <span class='ocrx_word' id='word_1_873' title='bbox 2349 3922 2449 3962; x_wconf 81' lang='lat' dir='ltr'>xxv,</span> <span class='ocrx_word' id='word_1_874' title='bbox 2474 3907 2546 3978; x_wconf 65' lang='grc'>41)</span> <span class='ocrx_word' id='word_1_875' title='bbox 2572 3923 2582 3951; x_wconf 89' lang='lat'>:</span> <span class='ocrx_word' id='word_1_876' title='bbox 2612 3909 2811 3952; x_wconf 75' lang='lat' dir='ltr'>itanunc</span> 
     </span>
     <span class='ocr_line' id='line_1_117' title="bbox 1568 3979 2810 4047; baseline -0.003 -20"><span class='ocrx_word' id='word_1_877' title='bbox 1568 3983 1887 4047; x_wconf 69' lang='lat' dir='ltr'>quoqucjusto</span> <span class='ocrx_word' id='word_1_878' title='bbox 1904 4016 1915 4037; x_wconf 91' lang='lat'>,</span> <span class='ocrx_word' id='word_1_879' title='bbox 1950 3983 2025 4029; x_wconf 90' lang='lat' dir='ltr'>sed</span> <span class='ocrx_word' id='word_1_880' title='bbox 2058 3983 2228 4028; x_wconf 88' lang='lat' dir='ltr'>occulto</span> <span class='ocrx_word' id='word_1_881' title='bbox 2256 3981 2419 4040; x_wconf 78' lang='lat' dir='ltr'>judicio·</span> <span class='ocrx_word' id='word_1_882' title='bbox 2445 3979 2638 4037; x_wconf 80' lang='lat' dir='ltr'>ejusdem</span> <span class='ocrx_word' id='word_1_883' title='bbox 2665 3979 2810 4035; x_wconf 81' lang='lat' dir='ltr'>Domi·</span> 
     </span>
    </p>
   </div>
   <div class='ocr_carea' id='block_1_46' title="bbox 1568 4045 2858 4114">
    <p class='ocr_par' dir='ltr' id='par_1_46' title="bbox 1568 4045 2858 4114">
     <span class='ocr_line' id='line_1_118' title="bbox 1568 4045 2858 4114; baseline -0.006 -11"><span class='ocrx_word' id='word_1_884' title='bbox 1568 4072 1651 4103; x_wconf 90' lang='lat' dir='ltr'>nus</span> <span class='ocrx_word' id='word_1_885' title='bbox 1685 4070 1760 4114; x_wconf 91' lang='lat' dir='ltr'>per</span> <span class='ocrx_word' id='word_1_886' title='bbox 1782 4056 1976 4101; x_wconf 80' lang='lat' dir='ltr'>effectum</span> <span class='ocrx_word' id='word_1_887' title='bbox 2001 4058 2080 4110; x_wconf 88' lang='lat' dir='ltr'>rei,</span> <span class='ocrx_word' id='word_1_888' title='bbox 2103 4056 2262 4101; x_wconf 80' lang='lat' dir='ltr'>Judaeis</span> <span class='ocrx_word' id='word_1_889' title='bbox 2283 4054 2533 4104; x_wconf 80' lang='lat' dir='ltr'>incredulis,</span> <span class='ocrx_word' id='word_1_890' title='bbox 2563 4058 2606 4097; x_wconf 90' lang='lat' dir='ltr'>et</span> <span class='ocrx_word' id='word_1_891' title='bbox 2629 4051 2826 4100; x_wconf 43' lang='lat' dir='ltr'>infideli?</span> <span class='ocrx_word' id='word_1_892' title='bbox 2852 4045 2858 4061; x_wconf 90' lang='lat'>&#39;</span> 
     </span>
    </p>
   </div>
   <div class='ocr_carea' id='block_1_47' title="bbox 1568 4122 2811 4259">
    <p class='ocr_par' dir='ltr' id='par_1_47' title="bbox 1568 4122 2811 4259">
     <span class='ocr_line' id='line_1_119' title="bbox 1571 4122 2811 4185; baseline -0.006 -12"><span class='ocrx_word' id='word_1_893' title='bbox 1571 4136 1657 4174; x_wconf 83' lang='lat' dir='ltr'>tate</span> <span class='ocrx_word' id='word_1_894' title='bbox 1688 4131 1775 4173; x_wconf 68' lang='lat' dir='ltr'>sua·</span> <span class='ocrx_word' id='word_1_895' title='bbox 1793 4130 2020 4180; x_wconf 84' lang='lat' dir='ltr'>induratis,</span> <span class='ocrx_word' id='word_1_896' title='bbox 2044 4142 2117 4174; x_wconf 89' lang='lat' dir='ltr'>eos</span> <span class='ocrx_word' id='word_1_897' title='bbox 2136 4128 2407 4185; x_wconf 86' lang='lat' dir='ltr'>reprobando</span> <span class='ocrx_word' id='word_1_898' title='bbox 2427 4127 2559 4170; x_wconf 90' lang='lat' dir='ltr'>dicet:</span> <span class='ocrx_word' id='word_1_899' title='bbox 2574 4124 2651 4177; x_wconf 78' lang='lat' dir='ltr'>Its,</span> <span class='ocrx_word' id='word_1_900' title='bbox 2680 4122 2811 4167; x_wconf 77' lang='lat' dir='ltr'>male·</span> 
     </span>
     <span class='ocr_line' id='line_1_120' title="bbox 1568 4193 2810 4259; baseline -0.005 -14"><span class='ocrx_word' id='word_1_901' title='bbox 1568 4202 1669 4245; x_wconf 77' lang='lat' dir='ltr'>dicu·</span> <span class='ocrx_word' id='word_1_902' title='bbox 1693 4203 1734 4245; x_wconf 83' lang='lat' dir='ltr'>in</span> <span class='ocrx_word' id='word_1_903' title='bbox 1759 4204 1893 4259; x_wconf 66' lang='lat' dir='ltr'>{quem</span> <span class='ocrx_word' id='word_1_904' title='bbox 1931 4209 2161 4246; x_wconf 73' lang='lat' dir='ltr'>oeternum:</span> <span class='ocrx_word' id='word_1_905' title='bbox 2206 4201 2325 4246; x_wconf 85' lang='lat' dir='ltr'>illum</span> <span class='ocrx_word' id='word_1_906' title='bbox 2357 4198 2554 4243; x_wconf 87' lang='lat' dir='ltr'>videlicet</span> <span class='ocrx_word' id='word_1_907' title='bbox 2575 4197 2732 4253; x_wconf 79' lang='lat' dir='ltr'>ignom,</span> <span class='ocrx_word' id='word_1_908' title='bbox 2756 4193 2810 4240; x_wconf 77' lang='lat' dir='ltr'>d‘e</span> 
     </span>
    </p>
   </div>
   <div class='ocr_carea' id='block_1_48' title="bbox 1569 4267 2860 4477">
    <p class='ocr_par' dir='ltr' id='par_1_48' title="bbox 1569 4267 2860 4477">
     <span class='ocr_line' id='line_1_121' title="bbox 1569 4267 2860 4340; baseline -0.005 -20"><span class='ocrx_word' id='word_1_909' title='bbox 1569 4290 1655 4333; x_wconf 88' lang='lat' dir='ltr'>quo</span> <span class='ocrx_word' id='word_1_910' title='bbox 1683 4277 1840 4334; x_wconf 79' lang='lat' dir='ltr'>legitur</span> <span class='ocrx_word' id='word_1_911' title='bbox 1869 4277 1911 4319; x_wconf 89' lang='lat' dir='ltr'>in</span> <span class='ocrx_word' id='word_1_912' title='bbox 1940 4276 2165 4333; x_wconf 88' lang='lat' dir='ltr'>prophetia</span> <span class='ocrx_word' id='word_1_913' title='bbox 2187 4273 2268 4319; x_wconf 83' lang='lat' dir='ltr'>:Et</span> <span class='ocrx_word' id='word_1_914' title='bbox 2291 4286 2397 4316; x_wconf 78' lang='lat' dir='ltr'>nunc</span> <span class='ocrx_word' id='word_1_915' title='bbox 2419 4272 2526 4340; x_wconf 65' lang='lat' dir='ltr'>ionis</span> <span class='ocrx_word' id='word_1_916' title='bbox 2551 4267 2808 4313; x_wconf 73' lang='lat' dir='ltr'>adversarios</span> <span class='ocrx_word' id='word_1_917' title='bbox 2859 4311 2860 4314; x_wconf 75' lang='grc'>,</span> 
     </span>
     <span class='ocr_line' id='line_1_122' title="bbox 1571 4341 2809 4404; baseline -0.007 -12"><span class='ocrx_word' id='word_1_918' title='bbox 1571 4350 1789 4393; x_wconf 73' lang='lat' dir='ltr'>consumit.</span> <span class='ocrx_word' id='word_1_919' title='bbox 1816 4349 1867 4393; x_wconf 92' lang='lat' dir='ltr'>Et</span> <span class='ocrx_word' id='word_1_920' title='bbox 1891 4350 1935 4393; x_wconf 88' lang='lat' dir='ltr'>in</span> <span class='ocrx_word' id='word_1_921' title='bbox 1959 4349 2095 4399; x_wconf 86' lang='lat' dir='ltr'>illum,</span> <span class='ocrx_word' id='word_1_922' title='bbox 2129 4346 2181 4391; x_wconf 89' lang='lat' dir='ltr'>de</span> <span class='ocrx_word' id='word_1_923' title='bbox 2215 4360 2300 4404; x_wconf 82' lang='lat' dir='ltr'>quo</span> <span class='ocrx_word' id='word_1_924' title='bbox 2323 4345 2551 4391; x_wconf 83' lang='lat' dir='ltr'>Psalmista</span> <span class='ocrx_word' id='word_1_925' title='bbox 2573 4359 2583 4387; x_wconf 92' lang='lat'>:</span> <span class='ocrx_word' id='word_1_926' title='bbox 2610 4341 2809 4398; x_wconf 70' lang='lat' dir='ltr'>Super-ce-</span> 
     </span>
     <span class='ocr_line' id='line_1_123' title="bbox 1570 4407 2809 4477; baseline -0.008 -13"><span class='ocrx_word' id='word_1_927' title='bbox 1570 4420 1669 4464; x_wconf 77' lang='lat' dir='ltr'>cidit</span> <span class='ocrx_word' id='word_1_928' title='bbox 1694 4420 1818 4477; x_wconf 72' lang='lat' dir='ltr'>iynis,</span> <span class='ocrx_word' id='word_1_929' title='bbox 1846 4427 1885 4463; x_wconf 83' lang='lat' dir='ltr'>et</span> <span class='ocrx_word' id='word_1_930' title='bbox 1908 4434 1990 4464; x_wconf 81' lang='lat' dir='ltr'>non</span> <span class='ocrx_word' id='word_1_931' title='bbox 2011 4419 2197 4465; x_wconf 79' lang='lat' dir='ltr'>viderunt</span> <span class='ocrx_word' id='word_1_932' title='bbox 2219 4419 2346 4463; x_wconf 80' lang='lat' dir='ltr'>solem</span> <span class='ocrx_word' id='word_1_933' title='bbox 2382 4416 2519 4475; x_wconf 75' lang='lat' dir='ltr'>(Pul.</span> <span class='ocrx_word' id='word_1_934' title='bbox 2547 4426 2649 4468; x_wconf 66' lang='lat' dir='ltr'>nvn.</span> <span class='ocrx_word' id='word_1_935' title='bbox 2668 4407 2735 4470; x_wconf 75' lang='grc'>9);</span> <span class='ocrx_word' id='word_1_936' title='bbox 2760 4416 2809 4455; x_wconf 83' lang='lat' dir='ltr'>ut</span> 
     </span>
    </p>
   </div>
   <div class='ocr_carea' id='block_1_49' title="bbox 1571 4489 2808 4551">
    <p class='ocr_par' dir='ltr' id='par_1_49' title="bbox 1571 4489 2808 4551">
     <span class='ocr_line' id='line_1_124' title="bbox 1571 4489 2808 4551; baseline -0.009 -13"><span class='ocrx_word' id='word_1_937' title='bbox 1571 4507 1646 4539; x_wconf 83' lang='lat' dir='ltr'>eos</span> <span class='ocrx_word' id='word_1_938' title='bbox 1678 4506 1794 4538; x_wconf 86' lang='lat' dir='ltr'>nunc</span> <span class='ocrx_word' id='word_1_939' title='bbox 1836 4494 1950 4551; x_wconf 72' lang='lat' dir='ltr'>ignis</span> <span class='ocrx_word' id='word_1_940' title='bbox 1982 4494 2148 4551; x_wconf 85' lang='lat' dir='ltr'>peccati</span> <span class='ocrx_word' id='word_1_941' title='bbox 2189 4493 2356 4536; x_wconf 73' lang='lat' dir='ltr'>‹rut-iet</span> <span class='ocrx_word' id='word_1_942' title='bbox 2398 4492 2442 4534; x_wconf 88' lang='lat' dir='ltr'>in</span> <span class='ocrx_word' id='word_1_943' title='bbox 2491 4489 2657 4541; x_wconf 82' lang='lat' dir='ltr'>anima,</span> <span class='ocrx_word' id='word_1_944' title='bbox 2698 4494 2808 4542; x_wconf 83' lang='lat' dir='ltr'>quos</span> 
     </span>
    </p>
   </div>
  </div>
 </body>
</html>
