2924 4588
77 165 160 211 835

133 251 239 294 Octo
263 250 343 295 sibi
361 263 530 294 menses
550 249 658 294 adde
681 250 911 306 decemque
935 249 1044 294 dies.

76 320 190 365 inter
215 321 478 378 Sylvestrum
501 321 762 378 Petu-umque
777 321 871 367 dies
895 320 1177 375 numerando,

76 393 240 448 Collige
257 392 652 450 tercentos,·3minus
675 404 760 434 uno
778 394 952 435 circiter
967 403 1120 442 annos,

20 466 21 469 ’
133 463 178 507 Si
206 457 470 508 numerando
492 463 640 508 decem
665 464 813 517 iunge,
837 462 1031 520 duosque
1047 464 1157 507 dies.

79 551 139 594 De
178 553 308 595 tricus
351 552 454 606 filiis
500 551 797 603 Constantini,
843 552 1003 594 scilicet
1042 550 1287 597 Constantio
1304 586 1314 603 ,

137 606 410 650 Constantino
456 613 496 650 et
537 605 767 650 Constante
785 636 797 660 ‚
847 608 1046 650 tricesimi
1084 609 1217 663 quinti
1266 609 1317 650 ab

134 667 339 718 Augusto.

133 749 257 793 Anno
280 750 333 792 ab
365 748 666 794 lncarnatione
688 749 858 793 Domini
883 751 962 794 541
987 750 1316 804 Constantinus,

79 820 191 870 iilius
223 822 494 865 Constantini
537 818 717 878 suscipit
743 823 986 878 imperium,
1028 837 1125 867 cum
1151 825 1318 870 duobus

78 893 282 940 frat-‚ibus
306 892 415 943 suis,
439 892 698 936 Constantio
721 899 765 935 et
791 893 1043 948 Constante,
1070 895 1319 940 tricesimus

18 1007 19 1011 ,
79 964 270 1019 q'intus,
305 963 360 1007 ab
401 962 611 1019 Augusto.
645 962 730 1008 Iste
771 977 796 1007 a
829 966 1015 1020 quodam
1050 967 1317 1023 presbytero,

17 1021 20 1075 ὲ
78 1035 168 1079 Arii
191 1035 400 1091 discipulo
433 1036 656 1092 deceptus,
695 1036 737 1079 in
757 1036 962 1080 Arianam
990 1038 1186 1082 haeresim
1211 1038 1321 1082 inci·

78 1106 156 1150 dit.
183 1106 311 1150 Arius
351 1107 499 1150 eodem
522 1115 710 1163 tempore
747 1109 802 1152 ah
835 1099 1078 1152 Alexandro
1116 1110 1320 1165 episcopo

78 1178 134 1223 ah
157 1179 264 1223 urbe
288 1171 562 1233 Alexandria,
595 1187 770 1238 propter
816 1195 942 1226 suum
973 1195 1182 1233 errorem,
1225 1189 1318 1227 erat

77 1249 259 1304 ejectus.
284 1249 495 1295 Eusebius
519 1255 662 1295 autem
687 1253 917 1308 episeopus
942 1252 1218 1304 Nicomediae,
1245 1255 1319 1309 qui

4 1381 8 1410 ³
79 1396 171 1444 tho
209 1396 374 1450 juniori
420 1397 586 1449 suadet,
613 1403 661 1440 ut
705 1397 938 1442 concilium
973 1401 1238 1452 celebretur,
1279 1403 1322 1445 et

80 1468 183 1512 Ario
217 1469 275 1512 ibi
310 1468 528 1513 audientia
565 1471 843 1516 concedatur.
881 1470 1029 1527 ltaque
1071 1479 1158 1516 tam
1193 1472 1322 1518 Arius

7 1544 9 1551 '
78 1554 208 1599 quam
230 1541 474 1586 Alexander
494 1543 549 1586 ad
572 1543 800 1589 concilium
821 1545 865 1587 in
883 1546 1087 1600 palatium
1111 1544 1325 1590 Constan-

78 1615 410 1671 tinopolitanum
435 1623 660 1660 vocantur.
691 1615 773 1660 Ubi
796 1617 1056 1668 Alexander,
1079 1623 1170 1660 tota
1191 1623 1323 1663 nocte

0 1701 10 1730 ἶε
81 1688 123 1730 in
149 1688 344 1732 oratione
385 1690 640 1744 persistens,
680 1702 856 1734 causam
895 1689 1099 1736 Ecclesiae
1140 1690 1325 1736 Domino

81 1762 427 1806 commendabat.
451 1761 575 1807 Mane
599 1763 730 1815 sacto,
754 1763 969 1810 Eusebius
990 1765 1140 1808 Arium
1170 1765 1225 1809 ad
1247 1778 1324 1811 ec-

10 1842 13 1860 ¹
81 1833 258 1877 alesiam
281 1839 422 1878 vocat.
454 1834 536 1888 Qui
566 1834 668 1878 dum
698 1836 840 1880 eundo
864 1837 981 1889 illuc,
1012 1837 1212 1886 humanae
1243 1850 1325 1882 ne-

6 1952 9 1966 ,
80 1907 298 1952 cessit-‘itis
339 1919 488 1959 causa,
525 1905 580 1951 ad
611 1920 832 1953 secessum
862 1909 1064 1960 declinat,
1096 1910 1215 1965 iusto
1249 1909 1327 1955 Dei

7 1967 47 2007 ’ἶ
79 1978 272 2035 judicio,
308 1979 479 2023 viscera
513 1980 671 2036 quihus
702 1979 879 2025 fetidum
912 1994 1102 2025 errorem
1127 1982 1328 2038 portabat

82 2052 128 2096 in
169 2051 309 2095 lucum
335 2053 638 2097 fetidissimum
660 2055 926 2100 evisceratus
945 2089 955 2108 ,
981 2069 1056 2111 per
1078 2055 1325 2101 inferiorem

81 2129 275 2181 eorporis
301 2134 485 2170 meatum
502 2128 645 2173 emisit
669 2133 715 2172 et
737 2134 937 2173 mortuus
961 2135 1042 2173 est.

2 2206 6 2218 *
137 2198 347 2244 Fautores
388 2199 481 2243 Arii
523 2213 622 2244 eum
654 2201 817 2257 pudore
859 2208 904 2245 et
957 2202 1212 2247 confusione
1260 2202 1327 2247 t'u-

26 2282 51 2293 „
83 2280 253 2328 gerunt.
279 2271 476 2316 Attamen
508 2285 596 2317 rem
623 2279 790 2329 gestam
828 2275 1083 2331 imperatori
1116 2277 1322 2329 celantes,

27 2368 28 2374 κ
82 2355 159 2399 per
179 2343 402 2388 eunuchos
437 2345 614 2390 caesaris
645 2350 799 2396 contra
825 2345 1058 2391 Catholicae
1085 2346 1182 2392 fidei
1216 2347 1321 2391 doc-

11 2437 13 2445 *
84 2422 201 2461 tores
227 2418 473 2474 insurgunt.

9 2533 15 2546 ,Ι
138 2489 240 2534 Post
273 2502 433 2546 paucos
460 2490 553 2535 dies
591 2490 834 2536 Alexander
861 2493 1063 2536 moritur.
1089 2492 1167 2537 Cui
1189 2492 1324 2538 Atha-

12 2579 14 2581 ·
80 2555 232 2606 >ttasius
266 2568 332 2606 est
370 2562 631 2608 substitutus
659 2566 764 2621 :qui
797 2565 1004 2611 ferventis
1030 2566 1190 2623 ingenii
1214 2567 1324 2611 etin

8 2685 13 2698 ,
53 2634 268 2690 -negotiis
299 2635 607 2680 ecclesiasticis
651 2637 1022 2692 vigilantissimus,
1058 2650 1147 2681 non
1183 2639 1323 2682 solum

12 2710 16 2715 ’
83 2711 238 2750 contra
262 2707 489 2753 haereticos
508 2709 696 2761 subtilis,
732 2709 810 2754 sed
844 2710 974 2755 etiam
1011 2719 1162 2755 contra
1188 2711 1326 2769 impe·

8 2771 13 2775 ’
67 2783 269 2822 -ratorem
313 2779 435 2823 stetit
465 2792 544 2836 pro
562 2779 756 2826 Ecclesia
781 2781 1071 2827 fortisssimus
1111 2782 1322 2838 agonista.

13 2866 19 2898 ,ς
83 2849 220 2905 Cujus
242 2852 422 2901 virtutes
444 2858 487 2895 et
515 2853 690 2898 labores
713 2859 755 2898 et
786 2853 954 2899 fruetus
977 2856 1051 2911 qui
1075 2856 1187 2900 scire
1210 2855 1327 2900 desi-

17 2971 19 2984 ·
67 2922 221 2976 derat,
247 2924 361 2981 legat
378 2923 611 2969 Historiam
633 2925 931 2981 Tripartitam.

17 3041 20 3045 ,
135 2996 468 3048 Constantinus,
504 2998 605 3042 dum
641 3004 794 3042 contra
826 2999 1109 3047 Constantem
1148 2999 1328 3046 fratrem

16 3082 18 3088 ’
57 3111 60 3115 .
84 3082 211 3115 suum
235 3070 393 3114 bellum
418 3070 637 3122 informat,
672 3072 798 3126 juxta
837 3072 983 3117 Alsam
1016 3073 1214 3126 fluvium,
1238 3086 1327 3118 non

52 3226 56 3232 ·
82 3214 287 3264 stannus,
298 3214 445 3258 occiso
461 3213 765 3264 Constantino,
792 3215 1140 3261 solusOrientem
1162 3216 1326 3268 tenuit;

55 3283 300 3347 *Constans
321 3289 624 3349 auterntenuit
651 3286 951 3333 Occidentem.
977 3287 1122 3345 ltaque
1138 3288 1329 3333 haeretici

83 3356 500 3407 Ata‘animetuentes
532 3373 587 3406 ne
611 3360 738 3424 forte,
774 3362 810 3405 si
845 3361 1109 3407 Athanasius
1142 3363 1328 3407 adeundi

79 3499 177 3564 rem
197 3503 412 3546 catholica
440 3502 524 3564 tide
561 3516 617 3549 ae
642 3505 853 3562 religione
884 3507 1114 3558 imbueret,
1153 3507 1236 3562 ipsi
1275 3506 1328 3549 ad

18 3579 19 3582 ’
65 3573 384 3630 :imperatorem
410 3578 533 3633 prius
555 3577 825 3630 aecedentes,
847 3578 1191 3623 circumveniunt
1212 3574 1327 3629 eum,

20 3651 23 3654 ’
88 3648 347 3693 mentientes
381 3641 667 3697 Athanasium
693 3663 791 3695 esse
810 3651 954 3694 virum
992 3651 1330 3696 sceleratum'et

25 3726 27 3763 I
86 3713 364 3774 flagitiosum,
389 3721 666 3764 ostendentes
682 3722 720 3764 ei
747 3733 920 3766 manum
938 3734 1034 3765 cum
1054 3721 1231 3765 brachio
1255 3734 1331 3764 cu·

18 3815 22 3822 -
88 3787 259 3846 jusdam
299 3791 470 3836 Arsenii
488 3824 499 3844 ‚
540 3805 670 3849 quam
696 3794 916 3837 ,dicebant
953 3793 1233 3838 Athanasium
1276 3793 1326 3836 ad

7 3874 29 3912 ιε
90 3862 368 3907 exercendam
401 3873 536 3915 artem
571 3866 963 3918 necromanticam,
998 3867 1207 3910 instinctu
1245 3866 1330 3909 da:-

92 3945 282 3987 monum,
298 3947 521 3995 arcorpore
538 3937 675 3992 ipsius
688 3937 860 3981 Arsenii
877 3936 1134 3982 abscidisse.
1151 3937 1214 3980 Ad
1239 3937 1331 3980 haec

90 4006 211 4067 iussu
235 4008 427 4054 Caesaris
467 4009 655 4068 synodus
694 4010 804 4065 apud
840 4010 999 4066 'Pyrum
1023 4017 1326 4065 congregatur,

0 4071 2 4073 ’
93 4081 166 4126 ubi
188 4082 422 4126 Athanasio
444 4082 575 4127 ducto
600 4084 646 4127 in
669 4095 817 4134 causa,
839 4083 973 4127 astitit
995 4083 1223 4138 praedictus
1247 4083 1326 4126 Ar-

23 4211 27 4218 !
62 4140 69 4188 >s
93 4154 256 4216 senius,
277 4155 443 4200 habens
482 4143 709 4212 utramque
742 4168 916 4198 manum
944 4172 953 4198 ε
979 4168 1065 4211 quo
1089 4162 1324 4212 comperto,

991 160 1303 209 maritima.
1335 187 1389 194 --
1422 159 1566 211 rans
1593 158 1703 214 xvi.

1338 254 1376 298 A
1398 254 1581 299 transire
1601 234 1878 313 compellunt.
1899 254 1992 311 lpse
2014 260 2156 299 autem
2170 257 2224 300 ah
2243 257 2502 315 imperatore
2526 257 2638 301 Con-

1363 364 1367 367 .
1398 329 1516 367 tante
1539 327 1646 368 satis
1670 325 1857 369 humane
1882 332 2108 380 susceptus
2125 331 2168 369 et
2191 325 2426 372 honorifice
2449 328 2634 378 habitus,

85 3134 210 3198 longe
241 3139 562 3197 ahrAquilegia,
591 3154 615 3184 a
637 3142 818 3187 ducibus
840 3144 934 3199 ejus
958 3145 1186 3190 occiditur.
1209 3139 1327 3189 Con-
1359 3162 1362 3165 ·

2550 168 2633 212 836

1398 399 1439 436 et
1459 395 1502 437 in
1519 396 1771 439 cathedram
1791 409 1912 440 suam
1937 403 2085 450 postca
2103 404 2299 451 potenter
2325 400 2532 443 remissus
2555 407 2636 444 est.

1399 464 1555 510 Mansit
1578 474 1720 511 autem
1743 475 1846 511 tunc
1870 467 1927 509 ihi
1946 467 1986 509 in
2010 466 2201 511 Ecclesia
2224 468 2520 523 Treverorum,
2540 485 2636 514 cuin

1399 535 1586 582 Maximo
1621 538 1816 593 ejusdem
1853 537 2056 581 Ecclesiae
2094 540 2311 595 episcopo.
2335 541 2382 584 ln
2419 556 2503 598 quo
2529 545 2637 593 loco,

1399 606 1523 648 iidem
1570 606 1858 658 Catholicam,
1905 606 2069 649 scilicet
2117 605 2355 663 Quicunque
2390 612 2490 658 vtile,
2532 610 2640 653 scri-
2668 616 2671 619 ’

1398 675 1539 730 psisse
1560 678 1784 721 asseritur.

1454 747 1515 791 Eo
1545 756 1736 804 tempore
1772 747 1967 793 Liberius
2007 751 2061 793 ab
2095 750 2352 807 imperatore
2387 753 2639 797 Constantio

1399 821 1443 867 in
1469 820 1671 867 exsilium
1694 822 1898 873 truditur,
1918 827 1960 865 et
1992 820 2106 865 Felix
2135 835 2241 868 suus
2266 825 2493 877 diaconus,
2519 828 2557 870 ei
2581 827 2637 870 ab

1398 893 1613 940 haereticis
1651 894 1924 950 subrogatur.
1949 893 2063 938 inter
2084 895 2199 940 hunc
2222 896 2439 941 Liberium
2473 905 2515 942 ct
2546 898 2641 955 Syl-

1398 973 1588 1011 vestrum
1598 966 1765 1011 medius
1777 968 1887 1014 sedit
1911 982 2019 1025 papa
2030 969 2185 1014 tulius.
2202 964 2355 1015 lisdem
2375 971 2642 1026 temporibus

1400 1036 1647 1082 Victorinus
1670 1041 1819 1083 rhetor
1849 1045 1892 1085 et
1926 1040 2117 1086 Donatus
2153 1043 2457 1098 grammaticus
2496 1041 2643 1085 liomae

1399 1110 1507 1154 clari
1550 1111 1777 1154 habentur.
1814 1110 1845 1153 F
1850 1111 2073 1156 loruerunt
2117 1122 2218 1158 tunc
2251 1115 2294 1157 in
2338 1113 2530 1157 Ecclesia
2568 1114 2643 1158 Dei

1399 1182 1574 1238 gloriosi
1591 1183 1815 1238 pontifices
1830 1183 2037 1231 Paulinus
2050 1186 2346 1239 Treverensis,
2366 1187 2439 1242 qui
2459 1186 2642 1229 Maximo

1401 1255 1627 1306 successit,
1642 1254 1871 1312 Dionysius
1885 1256 2232 1310 Mediolanensis,
2246 1255 2456 1303 Eusebius
2476 1257 2641 1302 Vercel-

78 1321 238 1366 Ariano
260 1335 427 1367 veneno
458 1329 551 1368 erat
589 1324 794 1375 insectus,
831 1324 1080 1380 imperatori
1112 1325 1320 1369 Constan-
1343 1307 1378 1351 B
1403 1327 1538 1371 tensis
1558 1333 1600 1370 et
1624 1326 1816 1372 Hilarius
1837 1328 2121 1394 pictaviensis
2148 1346 2158 1375 ε
2186 1331 2258 1386 qui
2299 1343 2448 1375 omnes
2470 1337 2644 1386 propter

1402 1399 1698 1446 testiinonium
1738 1400 1831 1448 fidei
1857 1401 2090 1449 Camolicae
2109 1403 2155 1445 in
2172 1403 2369 1447 exsilium
2394 1409 2498 1446 tune
2519 1402 2638 1446 missi

1401 1472 1592 1517 fuerunt.
1617 1473 1680 1516 Ex
1716 1463 1872 1530 tinibus
1899 1474 2090 1520 Hilarius
2121 1478 2432 1533 seripturarum
2467 1485 2641 1520 suatum

1401 1544 1535 1588 variis
1550 1546 1840 1590 monumentis
1857 1545 2119 1592 Gallicanam
2141 1542 2376 1593 Ecclesiam
2402 1550 2639 1593 adornavit.

1459 1615 1674 1661 Constans
1713 1617 1947 1673 imperator
1989 1621 2198 1665 adversus
2249 1622 2456 1678 Saporem
2501 1635 2644 1679 regem

1403 1687 1631 1734 Persarum
1651 1690 1772 1734 vario
1794 1698 1950 1735 eventu
1971 1705 2124 1738 novem
2147 1695 2293 1750 praelia
2317 1695 2467 1751 gessit.
2490 1694 2647 1741 Novis-

1405 1759 1518 1803 sime
1535 1765 1676 1804 autem
1702 1759 1936 1805 indiscrete
1964 1775 2240 1820 congressus,
2267 1766 2399 1821 iugit3
2433 1775 2474 1810 et
2497 1773 2646 1823 postea

1407 1833 1451 1875 in
1475 1833 1634 1888 oppido
1661 1833 1840 1886 Elenau,
1863 1836 1987 1890 juxta
2005 1835 2275 1892 Hispaniam,
2300 1839 2398 1881 dolo
2420 1838 2643 1896 principis,

1406 1907 1579 1950 nomine
1622 1906 1871 1964 Magnentii,
1909 1908 2080 1953 occisus
2109 1916 2190 1955 est.
2228 1909 2344 1955 ldem
2382 1911 2647 1968 Magnentius

1407 1977 1518 2034 apud
1542 1977 1903 2036 Augustodunum
1937 1981 2095 2025 invasit
2132 1982 2375 2038 imperium.
2407 1982 2455 2026 ln
2479 1983 2648 2040 illyrico

1406 2064 1510 2096 vero
1542 2048 1702 2098 milites
1726 2055 1954 2112 quemdam
1976 2054 2307 2102 Veteranionem
2332 2071 2477 2102 senem
2501 2066 2648 2102 creant

1409 2122 1726 2178 imperatorem.
1758 2126 2044 2172 Constantius
2070 2128 2234 2172 interea
2267 2129 2444 2174 fratrem
2467 2131 2649 2173 intendit

1406 2196 1556 2240 ulcisci
1576 2198 1719 2250 ;'unde
1741 2198 2067 2244 Veteranionem
2094 2214 2237 2246 senem
2254 2203 2394 2260 primo
2417 2215 2649 2258 purpuram

1407 2269 1622 2324 deponere
1643 2273 1867 2327 compulit.
1890 2272 2168 2318 Postmodum
2191 2275 2320 2321 etiam
2345 2287 2442 2319 cum
2466 2289 2516 2320 eo
2539 2276 2654 2320 acri·

1408 2345 1472 2383 ter
1494 2340 1730 2386 dimicavit.
1765 2342 2035 2399 Magnentius
2062 2351 2205 2388 autem
2227 2346 2368 2390 victus
2403 2347 2515 2403 apud
2539 2346 2653 2405 Lug-

1407 2411 1570 2474 dunum
1590 2413 1780 2470 seipsum
1817 2415 1999 2468 occidit3
2039 2423 2082 2460 et
2107 2416 2242 2461 frater
2261 2418 2358 2474 ejus
2391 2414 2648 2472 Decennius,

1391 2487 1532 2549 “quem
1556 2486 1705 2542 ipsein
1728 2485 1866 2530 Gallia
1886 2486 2098 2532 Caesarem
2122 2491 2515 2547 creaverat‚laqneo
2539 2493 2651 2548 seip-

1405 2569 1500 2602 sum
1527 2561 1782 2615 suspendit.
1799 2558 1968 2604 Caetera
2002 2561 2055 2605 de
2087 2562 2228 2607 tribus
2250 2562 2347 2608 liliis
2376 2564 2650 2609 Constantini

1405 2628 1548 2687 Magni
1570 2637 1614 2674 et
1636 2632 1688 2676 de
1710 2631 1814 2675 Ario
1833 2644 1969 2687 pauca
1994 2633 2187 2677 versifice
2210 2636 2429 2691 ponimus.

1521 2702 1627 2746 Item
1643 2703 1695 2747 de
1714 2705 1816 2760 siliis
1837 2705 2105 2749 Constantini
2127 2707 2310 2763 versifice
2325 2716 2539 2752 narratur.

1406 2777 1516 2823 Cum
1535 2778 1823 2822 Constantino
1846 2777 2061 2823 Constans
2084 2786 2200 2824 tenet
2221 2782 2364 2824 omnia
2386 2781 2538 2833 irater,

1406 2851 1653 2898 Catholicos
1676 2853 1751 2908 qui
1774 2854 2048 2908 persequitur
2072 2859 2160 2896 tota
2183 2853 2370 2904 feritate,

1461 2923 1652 2981 Regibus
1684 2923 1898 2969 Eusebius
1919 2925 2137 2969 Arianista
2159 2926 2314 2981 placet.

1404 2995 1568 3041 Contra
1586 2994 1832 3041 CatholIcos
1851 2997 1954 3040 dum
1974 2998 2164 3053 disputat
2188 2997 2316 3042 Arius
2334 3004 2443 3050 arte,
2467 2998 2471 3001 ’

1406 3065 1578 3113 Naturae
1597 3075 1761 3113 secreta
1784 3077 1950 3125 petens,
1976 3068 2150 3114 divertit
2170 3070 2224 3114 ab
2259 3083 2374 3121 arce,

1463 3140 1558 3193 Qua
1586 3142 1700 3186 male
1721 3141 1824 3185 dum
1850 3142 2048 3197 crepitat,
2077 3143 2243 3186 viscera
2279 3153 2428 3198 pressa
2451 3147 2645 3199 crepant.

1407 3210 1571 3255 Praesul
1595 3212 1858 3256 Athanasius
1885 3218 1927 3256 et
1953 3212 2159 3263 Hilarius,
2189 3215 2352 3269 absque
2374 3214 2516 3264 ruina,

1408 3283 1569 3328 Ordine
1588 3285 1800 3328 catholico
1827 3293 2029 3341 reparant
2061 3286 2186 3330 modo
2209 3287 2407 3342 dogmata
2436 3287 2590 3342 prima.

1466 3355 1582 3411 Ordo
1605 3357 1764 3413 quibus
1785 3358 1890 3401 cleri
1915 3358 2240 3402 catholicandus
2273 3359 2371 3402 erit.

88 3431 322 3491 principum
344 3433 588 3488 acquireret
617 3420 888 3484 ‘facilitatem
915 3435 1056 3491 ipsum
1095 3436 1326 3492 imperato·
1350 3441 1386 3484 1)
1408 3429 1624 3473 Constans
1641 3424 1889 3487 cumfratre
1911 3431 2029 3475 sedet
2051 3431 2177 3474 annis
2201 3431 2267 3475 bis
2288 3429 2515 3483 duodenis,

1411 3499 1562 3557 Magna
1585 3502 1701 3545 salus
1718 3502 1820 3545 cleri
1849 3508 1951 3545 tunc
1972 3502 2142 3546 Marcus
2160 3514 2267 3560 papa
2284 3502 2461 3554 resedit,

1462 3573 1598 3628 Cujus
1620 3579 1661 3616 et
1681 3573 1887 3617 Ecclesiis
1910 3575 2057 3629 regula
2080 3573 2240 3629 dogma·
2259 3574 2392 3618 dedit.

1408 3644 1487 3690 Hic
1509 3654 1607 3690 octo
1632 3659 1803 3692 menses
1821 3642 1862 3690 et
1880 3648 2004 3691 binos
2026 3647 2193 3703 perlicit
2215 3660 2367 3692 annos.

1407 3717 1563 3772 Bisque
1583 3717 1728 3760 decem
1751 3718 1908 3761 vixisse
1923 3718 2014 3760 dies
2034 3719 2189 3772 praesul
2211 3719 2478 3762 venerandus

1465 3789 1617 3839 Fertur
1638 3797 1680 3832 et
1702 3791 1745 3833 in
1768 3791 1925 3846 populo
1942 3790 2051 3851 mira
2074 3791 2247 3835 dedisse
2270 3803 2364 3837 suo.

1407 3861 1522 3918 Papa
1552 3862 1668 3905 sedet
1691 3861 1831 3907 Julius
1855 3863 2089 3907 Constante
2113 3863 2287 3907 sedente
2316 3863 2482 3913 beatus.

1410 3935 1599 3978 Undenis
1614 3934 1761 3978 Romae
1784 3941 1899 3979 tenet
1924 3936 2388 3991 annis'pontilicatum,

1464 4007 1496 4048 T
1501 4020 1546 4049 cr
1564 4016 1708 4052 ternos
1727 4021 1895 4052 menses
1922 4021 2029 4064 papa
2053 4008 2287 4064 decemque
2314 4009 2422 4054 dies,

1407 4080 1617 4123 Constans
1640 4093 1735 4122 cuin
1769 4079 1898 4123 fratre
1916 4093 2085 4135 semper
2106 4080 2187 4123 suit
2207 4081 2438 4125 Arianista.

1408 4151 1569 4195 Exsilio
1585 4151 1742 4195 lulium
1762 4165 1913 4207 papam
1936 4154 2176 4196 transmisit
2197 4152 2253 4197 ob
2274 4155 2371 4199 ista.

1464 4225 1676 4268 Constans
1691 4222 1833 4267 'morte
1863 4224 1988 4278 perit,
2013 4236 2121 4279 papa
2147 4225 2313 4268 solutus
2328 4225 2425 4268 erit.

1406 4297 1528 4340 Nunc
1557 4309 1725 4353 quoqne
1742 4302 2028 4353 grammaticae
2046 4310 2238 4343 summus
2257 4295 2447 4341 Donatus
2461 4296 2508 4340 iu
2530 4307 2634 4342 zrte.

1409 4369 1668 4424 Hieronymo
1690 4381 1788 4412 cuin
1810 4369 2021 4423 discipulo
2044 4371 2167 4413 docet
2189 4371 2313 4413 cdere
2334 4367 2501 4420 Partes,

1463 4443 1547 4486 Nos
1570 4455 1737 4501 quoqne
1761 4443 1995 4500 discipulos
2015 4443 2217 4488 condecet
2239 4454 2332 4489 esse
2354 4453 2471 4486 suos.

20 4235 30 4276 i
96 4225 389 4270 haereticorum
412 4229 641 4272 mendacia
667 4232 989 4284 cognoscuntur
1018 4235 1058 4270 et
1081 4227 1162 4283 ipsi
1201 4228 1328 4271 mira—

22 4299 29 4339 l
87 4297 235 4354 *biliter
255 4287 530 4344 erubescunt,
554 4290 807 4348 Nee'tamen
830 4299 1110 4344 Constantius
1144 4300 1325 4356 impera-

23 4376 29 4415 t
95 4373 179 4420 tor,
195 4376 237 4414 et
259 4371 339 4426 ipsi
367 4372 552 4417 haeretici
589 4384 614 4414 a
638 4373 936 4428 persecutione
959 4370 1183 4415 Athanasii
1204 4371 1324 4426 quie-

23 4453 30 4478 »
58 4447 59 4450 ’
91 4446 252 4496 eorunm
278 4444 361 4487 imo
382 4457 478 4488 eum
505 4445 558 4488 ad
577 4443 723 4489 fratris
747 4444 811 4489 sui
830 4443 1081 4499 Constantis
1102 4443 1321 4499 imperium
