2924 4588
258 138 396 192 ,¹235
543 174 571 209 ·

423 228 524 270 Car.
563 223 713 267 xxvi.
740 222 798 285 ψ
829 226 958 265 ⁴morte
977 220 1376 280 ‚primogenitorum

343 314 359 341 ‹
378 299 553 343 Factum
567 304 633 340 est
646 303 786 339 autem
809 293 945 338 noctis
965 293 1120 344 medio,
1142 286 1353 347 pei-cussit
1372 290 1519 332 Domi·

283 384 367 414 nus
390 382 518 414 omue
537 367 868 429 ptssmogenitum
896 365 1082 422 AEgypti,
1120 377 1197 408 nee
1233 370 1326 413 erat
1365 362 1519 406 doinus

282 444 323 485 in
342 455 425 498 qua
466 454 550 484 non
570 441 731 495 iaceret
768 445 965 483 mortuus
990 436 1148 494 (Exod.
1187 436 1290 490 xn);
1335 433 1518 478 Domino

283 515 394 557 sorte
413 515 468 556 ita
488 519 760 568 procurante,
784 523 872 555 non
897 511 1031 554 fuisse
1047 510 1222 554 domum
1245 508 1407 561 absque
1431 506 1517 562 pri-

244 612 251 617 ·
281 586 515 641 mogenito.
552 585 897 639 compulsusque
918 581 1105 634 Pharao,
1131 582 1242 624 dixit
1271 579 1406 636 Moysi
1441 590 1516 634 per

282 658 474 707 numios,
496 662 540 698 ut
558 655 833 710 egrederetur
846 665 943 696 eum
969 653 1171 696 omnibus
1206 652 1325 704 suis;
1365 650 1453 693 imo
1474 656 1517 693 et

279 727 463 782 AEgyptii
487 726 693 781 urgebant
714 736 788 768 eos
810 724 928 767 exire
947 726 978 767 ⁶.
1004 738 1021 763 ‹
1053 723 1166 766 Tulit
1190 722 1317 778 igitur
1333 721 1515 776 populus

277 799 462 840 [aritiam
506 809 782 852 conspersam
819 808 948 850 super
982 795 1212 846 humeros,
1257 794 1436 849 ligatam
1467 794 1510 835 in

275 869 427 924 palliis,
453 873 493 911 et
510 868 721 922 petierunt
741 878 838 908 vasa
860 867 913 908 ab
931 864 1140 920 AEgyptiis
1157 871 1402 918 vestemque
1420 863 1514 917 plu-

278 938 449 990 rimam,
490 945 533 979 ct
576 937 866 991 spoliaverunt
903 934 1126 991 AEgyptios
1163 948 1178 974 ι
1210 945 1263 977 ex
1301 941 1512 988 praecepto

274 1008 469 1060 Domini;
509 1014 596 1050 tum
636 1019 714 1061 pro
754 1007 951 1051 mercede
989 1005 1165 1058 laboris,
1210 1016 1295 1061 qua
1330 1004 1511 1055 fraudati

276 1087 413 1131 erant,
434 1068 525 1122 tum
547 1086 592 1122 ut
612 1079 711 1126 inde
749 1079 868 1122 fieret
911 1078 1251 1129 tabernaculum.
1297 1075 1350 1119 Et
1388 1082 1509 1119 erant

272 1152 395 1207 quasi
414 1159 611 1194 sexcenta
638 1151 768 1198 millia
789 1151 976 1193 virorum
1001 1150 1205 1205 peditum,
1230 1149 1392 1202 absque
1412 1158 1511 1202 par-

273 1224 404 1275 vulis,
427 1231 469 1266 et
489 1223 615 1277 vulgo
651 1223 950 1266 tamulantium
988 1222 1050 1265 eis
1095 1218 1428 1268 innumerabili,
1467 1224 1510 1261 ει

1283 124 1448 168 parm
1475 119 1825 168 consssmms

1464 182 1493 208 ³
1542 219 1579 264 Α
1602 225 1699 259 rum
1723 212 1882 258 flebant
1899 213 2170 267 poenitentes,
2199 211 2312 263 quod
2336 210 2399 256 eis
2436 211 2603 258 inerant
2626 221 2711 258 tam
2735 227 2837 259 cru·
2866 271 2868 275 y

2718 126 2832 170 ttae

1600 284 1734 328 deles.
1787 299 1802 326 ι
1835 277 2151 336 coxeruntque
2182 281 2364 326 Farinam
2382 316 2393 334 ‚
2421 288 2548 338 quam
2570 285 2756 329 tulerant
2783 284 2836 328 de

1598 353 1808 410 AEgypto,
1865 351 2159 408 feceruntque,
2188 353 2498 398 subcinericios
2559 365 2691 412 panes
2737 368 2836 413 azy·
2867 395 2870 398 .

1598 439 1710 478 mos,
1737 441 1751 465 ι
1785 437 1837 468 ex
1875 425 2045 468 modico
2072 431 2227 483 tamen
2253 433 2444 480 tempore
2473 429 2736 484 coagulatos.
2760 428 2836 475 llis

1595 491 1710 539 enim
1732 497 1800 540 usi
1829 502 1931 539 sunt
1955 496 2127 552 triginta
2149 497 2316 542 diebus.
2346 498 2439 543 Non
2464 501 2576 543 enim
2609 501 2719 545 ultra
2746 501 2836 546 suf·
2867 510 2870 534 '-

1595 566 1790 612 fecerunt
1811 580 1908 623 quae
1926 569 2110 611 tulerant
2131 569 2183 612 de
2201 569 2400 626 AEgypto,
2427 572 2526 615 lieet
2544 573 2624 615 sub
2643 575 2834 623 necessi-

1596 647 1681 683 tate
1693 640 2012 683 custodirentur
2023 674 2034 693 ,
2051 653 2131 684 nee
2147 643 2210 684 eis
2224 643 2275 685 ad
2291 644 2527 687 satietatem
2545 654 2834 695 vescerentur·

1619 711 1723 756 Car.
1751 710 1941 754 xxvttl.
1972 713 2037 755 De
2057 715 2390 768 sanctificatione
2414 716 2802 773 primoqenitorum.

1654 800 1669 825 ι
1704 783 1903 839 Dixitque
1919 785 2077 828 iterum
2104 784 2314 830 Dominus
2344 788 2396 831 ad
2418 786 2591 846 Moysen
2620 805 2631 834 τ
2657 791 2822 838 Sancti·

1593 859 1670 900 lica
1697 858 1802 900 mibi
1842 870 1971 901 omne
1994 858 2327 914 primogenitum
2370 863 2674 915 masculinum,
2717 865 2834 920 quod
2859 854 2870 911 ᾇ

1593 928 1733 983 aperit
1760 929 1954 980 vulvam,
1983 934 2070 971 tam
2091 930 2144 971 de
2163 931 2409 975 hominibus
2433 945 2562 987 quam
2589 934 2641 977 de
2655 936 2834 990 jumen·

1594 999 1648 1042 tis
1689 997 1848 1054 (Exod.
1874 990 1990 1055 snt),
2034 1014 2050 1040 ι
2092 1002 2193 1055 quia
2235 1011 2509 1055 percusserat
2547 1007 2832 1062 primogenita
2855 1016 2882 1063 1⁴,

1591 1071 1764 1128 AEgypti
1785 1073 1828 1115 in
1853 1073 2112 1116 liberatione·
2125 1086 2293 1127 corum,
2331 1082 2375 1119 et
2395 1076 2494 1131 quia
2523 1065 2639 1121 solos
2661 1093 2832 1123 tnascu-

1587 1144 1655 1188 los
1679 1157 1756 1199 pro
1780 1144 1862 1188 hoc
1883 1143 2111 1188 sibivoluit
2139 1147 2416 1200 sanctificari,
2440 1149 2524 1192 diei
2550 1157 2720 1205 potest,
2746 1164 2831 1196 non

1589 1226 1819 1270 pereussos
1855 1214 1940 1258 nisi
1980 1222 2148 1260 tantum
2188 1219 2424 1272 masculos,
2461 1220 2528 1263 vel
2566 1221 2691 1276 sorte,
2731 1225 2833 1278 quia

271 1298 490 1340 (luxerunt
509 1308 654 1339 secum
689 1297 844 1339 diversi
884 1295 1052 1351 generis
1095 1292 1330 1336 animantia
1371 1291 1508 1335 multa
1533 1286 1565 1328 B
1591 1288 1880 1344 primogenita
1905 1300 2062 1331 eorum:
2093 1302 2117 1332 a
2147 1302 2404 1344 percussore
2447 1293 2600 1348 angelo
2623 1294 2834 1339 liberave-

270 1369 414 1412 nitriis.

329 1443 344 1459 ⁸
373 1442 548 1486 Additio
597 1443 636 1486 1.
677 1442 871 1492 Phar-ae,
903 1440 967 1483 vel
991 1438 1216 1493 AEgyptus,
1247 1447 1341 1491 quae
1364 1437 1511 1481 decem

269 1514 407 1570 plagis
443 1517 663 1559 verberata
680 1549 693 1568 ,
731 1529 814 1559 non
839 1514 993 1566 vessit,
1031 1513 1123 1555 solo
1162 1510 1371 1567 sanguine
1411 1509 1510 1564 agni

269 1588 397 1641 victa,
424 1588 537 1632 tilios
566 1588 695 1631 lsrael
713 1589 892 1631 dimisit.

409 1660 510 1704 Car.
534 1658 701 1703 xxvii.
722 1661 781 1703 De
800 1665 911 1701 exitu
935 1657 1071 1702 Israel
1092 1657 1142 1699 de
1160 1656 1362 1711 AEqyptto.

327 1732 503 1775 Factum
532 1739 597 1776 est
618 1739 759 1775 autem
786 1738 833 1775 ut
862 1730 986 1774 Nilus
1016 1736 1170 1785 praeter
1206 1730 1403 1780 solitum,
1436 1726 1510 1770 ati-

266 1806 351 1848 hue
375 1806 598 1859 inundaret
618 1805 837 1854 terram,in
862 1811 1046 1858 quaerat
1068 1801 1312 1856 sepulcrum
1331 1798 1508 1854 loseph.

266 1876 537 1920 'l'enebaotur
569 1885 711 1919 autem
752 1876 996 1931 juramento
1019 1880 1239 1929 asportare
1273 1883 1372 1916 ossa
1397 1870 1506 1926 ejus.

264 1948 380 1993 Tulit
402 1949 569 2004 Moyses
591 1950 859 2003 seriptumiu
891 1947 1051 1990 lamina
1086 1957 1217 1989 aurea
1240 1956 1398 1987 nomen
1422 1942 1505 1984 Do-

264 2023 368 2065 mini
393 2029 785 2076 tetragrammaton,
802 2031 896 2075 quae
906 2018 1175 2074 superposita
1198 2027 1337 2070 aqum,
1358 2025 1509 2069 super-

262 2092 439 2145 natavit,
477 2103 611 2145 usque
633 2092 732 2134 dum
774 2090 1110 2150 veniensrstaret
1147 2097 1277 2142 supra
1306 2084 1377 2127 ubi
1416 2092 1507 2127 erat

262 2166 522 2220 sepulerum.
542 2164 593 2206 Et
617 2163 866 2208 effodientes
889 2161 1157 2206 sustulerunt
1174 2171 1288 2210 ossa,
1306 2169 1403 2224 qua)
1429 2169 1504 2201 su-

267 2238 382 2281 blata
406 2238 603 2291 leguntur
632 2237 696 2279 eis
727 2230 1018 2291 prophetasse,
1049 2233 1159 2277 sorte
1180 2231 1232 2275 de
1257 2230 1506 2276 difficultate

263 2309 451 2353 itineris.
481 2309 642 2352 Tamen
668 2308 831 2352 liebraei
872 2307 1048 2350 tradunt
1085 2306 1200 2361 quod
1223 2304 1317 2349 ovis
1334 2316 1389 2348 ex
1419 2303 1502 2346 im-

271 2385 443 2441 proviso
462 2383 595 2426 astitit
602 2384 723 2438 juxta
741 2395 815 2425 eos
830 2414 841 2434 ,
867 2393 963 2437 quae
987 2382 1129 2424 locuta
1159 2386 1226 2423 εει
1250 2378 1303 2421 ad
1321 2390 1412 2423 eos.
1439 2376 1503 2441 Ob

260 2467 388 2508 quam
412 2467 501 2497 rem
527 2456 741 2498 duxerunt
761 2467 856 2498 eam
880 2466 1025 2498 secum
1054 2453 1189 2496 multo
1212 2463 1406 2511 tempore
1428 2444 1504 2508 per

259 2530 492 2580 desertum,
514 2534 556 2570 et
574 2528 771 2570 dixerunt
787 2539 880 2570 eam
902 2538 1024 2570 ovem
1039 2525 1213 2580 loseph,
1234 2524 1286 2567 de
1303 2537 1385 2580 qua
1406 2525 1464 2568 ibi
1490 2538 1500 2566 :

267 2616 284 2643 ι
311 2601 390 2654 Qui
407 2602 582 2645 deducis
603 2602 717 2645 velut
734 2614 855 2646 ovem
873 2601 1032 2656 «loseph
1069 2598 1206 2653 (Ρεαι,
1225 2598 1392 2655 mxxix).
1419 2614 1433 2638 ι
1456 2596 1501 2639 ln

259 2686 435 2729 egressu
457 2675 584 2716 etiam
607 2686 774 2727 eorum,
806 2681 1050 2718 terraemotu
1076 2672 1206 2725 Iacto,
1230 2671 1363 2715 multa
1390 2679 1501 2714 tem·

263 2746 332 2799 pla
361 2743 531 2801 AEgypti
554 2758 651 2788 eum
676 2746 800 2789 idolis
824 2745 915 2790 suis
927 2750 1196 2788 corruerunt.
1227 2758 1243 2785 ‹
1275 2741 1493 2786 liabitatio

259 2826 396 2861 autent
408 2818 591 2860 tiliorum
604 2817 729 2861 lsrael
744 2819 787 2860 in
800 2817 985 2876 AEgypto
999 2817 1080 2860 t'uit
1093 2816 1500 2872 quadringentorum

259 2890 432 2945 triginta
449 2902 659 2933 annorum
687 2890 847 2946 (Exoct.
864 2889 961 2946 xit).
986 2905 1000 2930 »
1029 2889 1112 2932 Sed
1134 2889 1309 2933 nomine
1327 2886 1499 2944 AEgypti

257 2963 554 3018 intelligendus
574 2969 642 3007 est
665 2963 806 3006 omnis
830 2962 1041 3006 incolatus
1052 2973 1228 3014 eorum,
1254 2961 1327 3015 qui
1363 2962 1502 3004 ineoe-

256 3036 318 3090 pit
357 3046 382 3079 a
418 3035 704 3090 promissione
735 3035 919 3079 Abrahae
951 3035 1063 3078 sacta
1106 3035 1149 3077 in
1171 3034 1240 3077 via
1257 3033 1496 3088 Mesopota-

259 3107 370 3159 miae,
402 3119 426 3150 a
449 3119 551 3162 qua,
572 3119 709 3163 usque
740 3107 791 3149 ad
816 3107 949 3163 legem
971 3106 1115 3150 datam
1133 3138 1144 3158 ,
1170 3112 1231 3150 tot
1247 3107 1350 3148 anni
1367 3106 1502 3148 fluxe-

257 3185 374 3220 runt.
395 3177 509 3221 Solis
529 3179 644 3221 enim
671 3187 842 3222 centum
865 3177 1144 3233 quadraginta
1173 3185 1358 3232 quatuor
1376 3178 1502 3220 annis

258 3250 436 3294 servivit
473 3249 605 3296 lsrael
646 3251 688 3292 in
737 3250 920 3307 AEgypto
962 3257 1058 3305 post
1099 3258 1282 3293 mortem
1323 3248 1499 3305 ¹loseph.

258 3321 424 3376 Quibus
444 3324 641 3379 expletis,
662 3323 812 3366 eadem
829 3323 898 3366 die
930 3334 1101 3377 egressa
1129 3334 1193 3366 est
1219 3323 1357 3366 omnis
1387 3321 1501 3364 mul-

1592 1367 1674 1411 rat,
1697 1366 1740 1401 et
1760 1358 1843 1402 hoe
1863 1358 1992 1402 modo
2013 1370 2092 1402 sua
2132 1367 2270 1412 erant,
2303 1361 2402 1404 volu
2424 1368 2522 1418 tque
2555 1369 2602 1406 ut
2631 1363 2834 1422 deinceps
2868 1361 2881 1414 ἶῖ

1590 1437 1831 1474 essentsua
1860 1431 2029 1482 omnia,
2071 1432 2137 1475 vel
2169 1434 2271 1486 quia
2292 1446 2342 1476 ex
2364 1435 2481 1478 omni
2516 1435 2658 1481 fructu
2691 1438 2833 1494 primo
2870 1453 2879 1484 3

1590 1502 1873 1547 honorandus
1892 1511 1959 1549 est
1982 1503 2115 1548 Deus.
2148 1503 2430 1561 Primogeniti
2470 1519 2590 1564 ergo,
2616 1510 2690 1564 qui
2708 1515 2834 1554 erant

1590 1575 1643 1618 de
1665 1571 1766 1619 filiis
1803 1573 1914 1638 Levi
1944 1575 2249 1627 offerebantur,
2286 1587 2366 1620 nec
2407 1579 2746 1634 redimebantur,
2789 1588 2832 1627 et

1590 1646 1838 1690 serviebant
1875 1647 2037 1703 jugiter
2082 1647 2293 1700 Domino,
2335 1647 2608 1706 primogeniti
2647 1653 2830 1700 aliorum
2863 1698 2878 1710 „

1590 1717 1893 1772 efferebantur,
1918 1727 1962 1762 et
1981 1720 2172 1776 quinque
2194 1722 2312 1766 sielis
2335 1723 2653 1768 redimebantur
2672 1724 2828 1783 (Num.

1595 1803 1641 1834 in
1666 1800 1711 1836 et
1738 1795 1880 1849 xvnt).
1908 1792 2200 1848 Primogenita
2225 1807 2445 1850 pecorum,
2470 1803 2570 1851 apta
2593 1798 2648 1842 ad
2672 1799 2831 1843 immo·

1590 1862 1795 1917 landum,
1835 1865 1980 1908 oblata
2013 1873 2137 1909 erant
2167 1868 2460 1911 sacerdotum
2501 1867 2853 1915 immundorum‘

1591 1948 1691 1979 vero
1708 1948 1794 1981 non
1812 1937 1973 1990 oblata,
1990 1939 2184 1994 quaedam
2202 1940 2536 1993 redimebantur,
2553 1949 2595 1985 ut
2614 1944 2831 2000 primoge-

1589 2006 1727 2050 nitum
1747 2008 1859 2051 asini
1886 2021 1967 2053 ove
1984 2011 2247 2063 mutabatur,
2269 2024 2367 2066 quae
2387 2024 2460 2057 aro
2476 2025 2528 2058 eo
2549 2015 2825 2071 offerebatur3

1586 2081 1781 2136 quaedam
1810 2094 1890 2126 nee
1918 2083 2046 2128 ctiam
2088 2083 2305 2140 redempta
2330 2085 2648 2142 occidebantur,
2675 2095 2723 2132 ut
2743 2089 2831 2145 pri-v

1586 2155 1850 2211 mogenitum
1870 2156 2009 2201 canis.
2042 2155 2096 2199 Et
2112 2158 2270 2213 adjecit
2293 2157 2537 2205 Dominus:
2572 2176 2588 2202 ι
2621 2161 2730 2206 Cum
2763 2165 2830 2207 in·

1587 2230 1824 2275 traduxerit
1845 2237 1886 2276 te
1910 2231 2121 2278 Dominus
2144 2234 2187 2277 in
2225 2241 2384 2279 terram
2407 2238 2686 2292 promissam,
2728 2240 2823 2284 inti·

1587 2301 1728 2345 mabis
1762 2302 1855 2347 haec
1895 2303 1996 2348 tiliis
2017 2306 2128 2359 tuis,
2173 2306 2383 2370 servanda
2417 2309 2504 2352 ritu
2549 2310 2823 2367 sempiterno.

1587 2371 1767 2429 Eritque
1789 2376 1874 2420 boc
1895 2377 2025 2432 quasi
2063 2378 2236 2434 signum
2262 2379 2305 2422 in
2337 2390 2470 2424 manu
2498 2387 2596 2433 tua,
2620 2388 2664 2426 et
2698 2383 2824 2439 quasi

1587 2458 1826 2504 appensum
1871 2451 2007 2506 quid,
2054 2452 2110 2494 ob
2151 2452 2490 2496 recordationem
2533 2460 2633 2496 ante
2677 2455 2827 2499 oeulos

1586 2527 1701 2572 tuos,
1731 2535 1748 2563 ι
1781 2530 1827 2565 ut
1847 2524 2010 2568 seilicet
2033 2523 2165 2578 hujus
2188 2525 2457 2569 liberationis
2491 2526 2700 2571 memoria
2739 2535 2826 2571 non

1585 2593 1711 2639 aliter
1725 2596 1892 2639 veniret
1910 2596 1954 2638 in
1977 2595 2255 2651 oblivionem,
2296 2610 2426 2653 quam
2450 2610 2548 2655 quae
2588 2608 2721 2643 manu
2753 2593 2828 2656 ge·

1583 2675 1739 2712 runtur
1755 2669 1822 2713 vel
1845 2676 1945 2714 ante
1969 2672 2118 2715 oculos
2136 2671 2454 2727 appenduntur.
2475 2672 2599 2724 Quod
2621 2671 2825 2716 Pharisaei

1584 2741 1637 2785 ad
1657 2742 1844 2787 litteram
1868 2743 2166 2798 observantes,
2185 2744 2232 2787 iu
2254 2745 2418 2789 chartis
2455 2744 2546 2789 haee
2563 2743 2821 2794 scribebant,

1583 2821 1625 2857 et
1646 2813 1906 2872 Decalogum
1930 2812 2077 2869 simul,
2101 2821 2144 2860 et
2169 2828 2248 2859 eas
2264 2814 2453 2860 sinistris
2471 2816 2824 2870 circumligabant

1583 2886 1789 2939 brachiis,
1830 2895 1872 2931 et
1922 2889 2034 2931 inter
2071 2893 2220 2932 ocutos
2267 2888 2577 2944 appendebant,
2600 2900 2708 2944 quas
2738 2885 2823 2931 Do·

1582 2956 1727 3000 minus
1749 2956 1791 3000 in
1815 2956 2044 3015 Exangelio
2060 2958 2322 3015 pl151acteria
2354 2966 2493 3013 vocat,
2518 2971 2543 3003 a
2569 2959 2761 3058 phylace,
2780 2965 2822 3004 et

1582 3027 1758 3073 thorace
1774 3029 1948 3085 (Manli.
1970 3033 2113 3084 xxm).

1802 3103 2183 3147 Car.XX1X.De
2213 3105 2376 3149 deserto
2407 3103 2598 3162 AE‘pypti.

1625 3188 1662 3239 *c
1698 3175 1833 3233 igitur
1870 3189 1968 3220 cum
2010 3175 2228 3222 emisisset
2258 3176 2427 3221 Pharao
2469 3178 2694 3234 poputum,
2735 3188 2819 3222 non

1582 3248 1731 3292 eduxit
1768 3260 1843 3292 eos
1869 3248 2036 3306 Moyses
2080 3262 2156 3304 per
2191 3248 2464 3294 Palaestinam
2509 3251 2819 3294 nouiter-minam

1582 3319 1787 3376 AEgypto,
1818 3334 1833 3361 ι
1862 3331 2036 3376 propter
2058 3323 2280 3377 antiquam
2312 3322 2572 3376 molestiam,
2607 3333 2651 3366 et
2672 3323 2819 3367 odium

260 3395 399 3438 titudo
438 3394 489 3437 de
535 3403 648 3438 terra
670 3394 870 3451 AEgypti3
911 3397 1024 3450 quod
1048 3396 1176 3438 etiam
1198 3394 1497 3439 mirabilitera
1521 3405 1559 3452 Β
1586 3400 1776 3447 patrum,
1816 3405 1870 3437 te
1913 3394 2184 3450 insurgerent
2210 3391 2447 3438 philisthaei
2483 3395 2692 3439 adversus
2723 3406 2818 3448 cos,

258 3466 346 3509 Deo
363 3465 523 3510 sactum
548 3476 630 3522 est,
647 3468 712 3511 vel
738 3468 846 3512 sorte
859 3469 1004 3512 eadem
1020 3468 1088 3512 die
1105 3481 1188 3524 qua
1212 3469 1343 3512 exivit
1366 3469 1518 3517 Abi-ar

259 3539 358 3583 ham
379 3541 431 3583 ad
467 3541 840 3596 peregrinandum.
868 3540 933 3601 Er
968 3548 1068 3585 nota
1085 3541 1297 3596 quoditie
1328 3541 1499 3593 dicitur,

267 3628 283 3654 ι
322 3611 397 3657 Die
430 3626 514 3670 qua
538 3614 701 3670 egressi
743 3621 848 3658 sunt
893 3614 1047 3670 (Exod.
1089 3618 1203 3671 xm),
1238 3629 1253 3656 ι
1281 3623 1324 3658 ει
1347 3613 1459 3658 infra
1487 3627 1498 3658 ι

266 3699 280 3724 ι
315 3684 569 3727 Mementote
606 3684 688 3727 diei
728 3684 872 3740 hujus,
920 3686 964 3728 in
1001 3697 1087 3741 qua
1127 3687 1289 3742 egressi
1326 3686 1428 3728 est-is
1448 3685 1502 3729 de

261 3755 444 3812 AEgypto
459 3757 592 3809 prima
615 3757 698 3808 die,
736 3772 751 3798 ι
788 3758 950 3800 seilicet
971 3769 1240 3814 azymorum,
1273 3757 1403 3801 etiam
1427 3770 1503 3800 su-

263 3839 343 3881 pra
369 3827 523 3881 tegitur
545 3828 705 3870 dictum
740 3828 828 3871 eis:
858 3842 871 3868 ι
895 3826 1049 3874 Nullus
1075 3829 1318 3883 egrediatur
1338 3829 1498 3872 ostium

263 3894 417 3938 domus
437 3909 525 3939 suoe
559 3911 694 3954 usque
713 3911 854 3951 mane,
878 3905 1053 3943 econtra
1068 3895 1210 3941 statim
1231 3899 1466 3955 legitur-hie
1489 3912 1496 3921 ·

267 3979 282 4003 ι
312 3963 404 4008 Nox
443 3968 512 4010 illa
537 3970 822 4014 observabilis
844 3979 909 4014 est
933 3971 1134 4023 Domino,
1154 3972 1326 4027 quando
1351 3970 1500 4019 eduxit

263 4048 338 4079 eos
374 4039 426 4080 de
457 4047 566 4082 tei-ra
604 4041 799 4097 AEgypti,
837 4058 852 4083 ι
886 4050 928 4084 ει
969 4042 1009 4086 in
1055 4042 1350 4091 benedictione
1389 4045 1500 4087 cerei

263 4107 466 4151 (licuntur
488 4124 502 4150 t
542 4118 664 4155 noete
688 4112 846 4155 educti.
881 4131 896 4154 ι
925 4111 1051 4156 Forte
1074 4113 1394 4168 intelligendum
1432 4121 1499 4157 est

265 4187 391 4222 noete
411 4181 607 4232 eductos,
653 4184 695 4227 id
732 4192 794 4228 est
833 4186 887 4228 ad
924 4198 1048 4230 mane
1082 4185 1404 4242 egrediendum,
1443 4186 1496 4228 ab

264 4250 476 4308 AEgyptiis
502 4265 627 4298 nocte
651 4259 909 4313 compulsos.
950 4274 966 4301 ι
1000 4258 1272 4315 l'roseetique
1307 4269 1410 4302 sunt
1446 4259 1499 4302 de

265 4321 470 4367 Ratoesse
498 4326 539 4367 in
581 4327 755 4378 sochot,
793 4344 808 4369 ι
835 4342 912 4372 nee
954 4339 1054 4374 sunt
1090 4331 1225 4374 secuti
1265 4342 1341 4374 eos
1367 4326 1499 4387 AEgy-

266 4393 346 4445 mii
363 4396 618 4448 sepelientes
638 4406 826 4443 mortuos
846 4413 963 4445 suos.
986 4401 1102 4445 Multi
1125 4402 1254 4445 etiam
1275 4400 1497 4458 AEgyptio·

1589 3480 1603 3506 ι
1635 3466 1710 3510 sed
1768 3460 2056 3510 circumduxit
2094 3480 2170 3511 eos
2202 3479 2280 3522 per
2324 3467 2560 3520 desertum,
2601 3468 2714 3524 qood
2754 3480 2820 3513 est

1579 3539 1702 3595 juxta
1720 3551 1838 3583 mare
1863 3539 2057 3582 Rubrum
2088 3537 2242 3595 (Exod.
2270 3539 2382 3596 χιιι),
2411 3555 2426 3580 ι
2458 3542 2546 3583 lum
2585 3553 2662 3595 pro
2703 3553 2823 3584 man·

1584 3611 1683 3655 dato
1727 3610 1897 3654 Domini
1935 3611 2155 3667 jubentis,
2198 3620 2246 3655 ut
2278 3613 2506 3656 duceretur
2543 3612 2730 3668 populus
2763 3606 2851 3656 ω’

1583 3689 1772 3725 montem
1799 3682 1916 3725 Sinai
1941 3684 1992 3725 ad
2016 3683 2326 3726 immolandum
2352 3683 2450 3734 sibi,
2491 3691 2580 3725 tuin
2607 3682 2643 3725 si
2681 3683 2822 3738 poeniz

1584 3759 1720 3796 tentes
1738 3751 1927 3808 AEgyptii
1946 3753 2103 3797 vellent
2133 3765 2211 3797 eos
2228 3754 2443 3808 persequi,
2486 3764 2657 3808 gravem
2681 3754 2810 3796 mole·
2838 3794 2849 3817 a

1584 3826 1711 3870 stiam
1738 3827 2002 3871 sustinerent
2038 3827 2221 3870 itineris.
2268 3825 2579 3880 ‹artn'atique-
2610 3825 2816 3868 ascende-

1589 3906 1691 3942 runt
1715 3899 1788 3942 fini
1815 3898 1952 3943 lsraelv
1984 3900 2036 3943 de
2060 3906 2170 3942 terra
2197 3897 2393 3953 AEgypti3
2428 3906 2443 3939 i·
2487 3898 2622 3940 inulta
2654 3898 2817 3940 scilieet

1584 3972 1846 4026 supellectile
1871 3973 2042 4015 nutniti.
2072 3971 2233 4014 Tamen
2270 3971 2351 4012 alia
2388 3970 2613 4014 translatio
2654 3970 2812 4013 habet:

1587 4057 1602 4082 ι
1636 4043 1793 4095 Quinta
1812 4044 2016 4098 progenie
2037 4044 2322 4086 ascenderunt
2348 4043 2422 4085 filii
2446 4042 2590 4084 lsrael.
2615 4057 2631 4082 ι
2649 4041 2815 4096 Moy-ses
2853 4049 2861 4056 ·

1579 4117 1692 4158 enim
1713 4129 1735 4157 a
1753 4114 1885 4158 Jacob
1910 4116 2089 4171 quintus
2111 4114 2209 4164 fuit,
2258 4116 2323 4157 vel
2350 4127 2423 4169 per
2451 4114 2608 4156 tribunt
2643 4112 2762 4156 Judae
2789 4123 2812 4153 a

1579 4184 1740 4229 Phares
1764 4199 1900 4241 usque
1918 4186 1969 4229 ad
1997 4184 2242 4228 Salmonem
2263 4199 2272 4227 ε
2297 4184 2496 4239 Quinque
2526 4185 2699 4227 ruerunt
2722 4190 2813 4226 tan-

1582 4266 1669 4300 tum
1684 4258 1995 4313 generationes.
2020 4255 2224 4300 liebraeus
2249 4256 2403 4309 babet;
2433 4271 2447 4296 ι
2479 4257 2668 4312 quinque
2683 4267 2813 4311 gene·
2859 4287 2862 4291 «

1581 4329 1769 4372 ratione-s
1796 4329 2082 4377 ascenderunt
2109 4330 2185 4372 filii
2211 4329 2357 4374 lsrael.
2385 4344 2398 4371 ι
2425 4352 2481 4363 -
2504 4344 2518 4369 ‹
2541 4327 2811 4381 Prol'octique
2855 4370 2857 4374 Α

1581 4401 1634 4446 de
1678 4399 1838 4445 Sochot
1873 4408 2085 4445 venerunt
2125 4403 2169 4445 in
2200 4400 2385 4445 Etlntm.
2416 4417 2431 4443 ι
2472 4401 2623 4445 Etbam
2659 4399 2809 4446 civitas
