2924 4588
112 112 114 114 ’
134 147 219 193 sia

1039 140 1354 200 *ranruroa
1388 168 1443 176 .-
1473 141 1614 188 raa-s
1645 134 1771 189 xvir.

2610 145 2694 191 950

134 241 176 284 id
195 238 296 282 doio
328 235 441 280 datis
477 235 755 287 muneribus,
789 233 1005 279 affinibus
1043 235 1134 278 suis
1157 234 1378 279 discedere
1401 237 1438 282 A
1457 235 1577 290 regni
1599 235 1712 290 eius,
1736 235 1901 279 scilicet
1919 220 2178 289 Aquisgrani
2196 239 2238 277 et
2254 231 2459 285 Coloniae,
2480 233 2696 286 introisse,

28 344 48 368 ᾗ,
133 308 379 366 persuadet.
401 307 638 364 Imperator
655 306 842 360 rediens,
862 317 1014 350 omnes
1028 305 1226 349 civitates
1242 305 1372 350 Cam-

133 382 272 437 paniae
290 385 334 424 et
366 379 586 431 Lucaniae,
624 384 782 435 praeter
803 378 1011 435 Capuam,
1038 377 1134 422 sine
1171 377 1375 434 gravibus

60 437 61 447 ¹
133 454 355 497 laboribus
390 451 520 506 cepit.
546 451 694 507 Capua
727 450 859 495 etiam-
878 449 1034 494 deinde
1057 457 1199 505 capta,
1221 456 1263 493 et
1283 451 1375 505 epi-

132 538 265 582 scopo
286 537 384 569 cum
404 525 525 568 clero
546 529 747 580 portante
764 523 970 579 reliquias
993 530 1092 567 aute
1115 522 1245 578 pedes
1259 522 1370 578 ejus,

130 609 230 640 eum
245 598 450 654 lacrymis
467 597 634 640 veniam
659 595 922 652 postulante,
946 597 991 641 in
1005 595 1188 652 gratiam
1210 605 1288 639 eos
1305 606 1376 639 re·

131 671 261 727 cepit,
287 677 505 726 totamque
530 669 807 725 Campaniam
846 673 888 712 et
931 665 1128 724 Apuliam
1160 679 1183 710 a
1214 665 1375 712 Graecis

133 741 374 785 mundavit.

141 838 147 842 -
190 812 322 857 Paulo
339 818 438 869 post
452 801 698 868 ,imperator
727 825 778 856 ex
800 811 984 855 consilio
1007 811 1214 864 Adalgisii
1233 810 1373 863 ducis,

130 884 311 927 dimisso
333 884 540 935 exercitu,
581 882 872 926 Beneventum
909 882 1182 938 ingreditur;
1211 883 1298 925 dux
1333 890 1375 926 et

132 958 250 1000 cives
271 955 390 999 circa
422 955 645 1000 meridiem
681 955 725 997 in
750 955 1054 1010 imperatorem
1091 955 1376 998 dormientem

133 1030 300 1072 faciunt
324 1028 550 1082 insultum,
569 1029 796 1083 ipsumque
819 1039 916 1069 cum
941 1028 1100 1083 palatio
1123 1028 1377 1071 comburere

132 1102 369 1153 minantur,
417 1100 503 1144 nisi
526 1099 810 1155 ⁴iureiurando
833 1100 1056 1155 promittat
1090 1111 1136 1143 se
1171 1099 1278 1143 fines
1303 1112 1376 1142 eo-

133 1184 229 1216 rum
247 1171 431 1228 amplius
450 1183 537 1214 non
555 1170 868 1226 ingressurum.
889 1168 1125 1225 Imperator
1148 1174 1246 1224 post
1267 1169 1377 1211 hane

133 1244 470 1301 ignominiosam
495 1244 736 1298 pactionem
762 1241 945 1285 Romam
972 1243 1110 1295 venit;
1137 1241 1281 1297 ibique
1306 1253 1377 1286 co-

1453 310 1583 354 missa
1615 308 1829 364 legatione
1849 340 1860 357 ,
1890 319 1914 349 a
1954 318 2085 362 regno
2106 318 2203 350 eum
2229 305 2382 350 cedere
2411 314 2573 350 monet.
2606 306 2700 359 Quo

1452 391 1539 425 non
1560 385 1760 425 cessante
1776 379 1831 423 ad
1848 391 2035 435 pugnam
2053 379 2327 434 progreditur
2345 393 2356 428 ς
2376 385 2421 422 et
2435 379 2562 422 ambo
2575 379 2699 434 juxta

1453 451 1668 504 Rhenum,
1694 451 1808 509 apud
1829 450 2129 493 Andrenacum
2152 451 2415 506 praeliantur.
2445 450 2632 494 Carolus
2656 451 2700 494 in

1453 524 1599 582 fugam
1637 521 1932 573 convertitur,
1973 523 2122 582 multis
2148 534 2202 565 ex
2235 528 2417 579 utraque
2443 529 2564 578 parte
2601 532 2702 579 pro—

1455 596 1621 642 stratis.

1509 668 1612 712 Post
1635 668 1734 719 hoe,
1759 666 1967 712 Ludovici
1986 667 2060 709 tilii
2086 668 2504 718 tres,'conventione
2528 667 2640 710 inter
2655 677 2703 711 se

1456 741 1584 792 facta,
1611 752 1792 796 regnum
1825 739 2139 784 Theutonicum
2174 752 2198 783 a
2220 746 2342 797 patre
2364 741 2444 785 sibi
2484 742 2702 798 relictum,

1456 812 1654 856 dividunt
1669 812 1752 856 hoc
1773 812 1901 855 modo
1920 829 1928 855 :
1952 811 2265 857 Carlomannus
2288 814 2446 869 accipit
2470 814 2514 857 in
2538 814 2701 870 portio-

1456 897 1553 928 nem
1572 884 1813 935 Bavariam‚
1830 885 2111 938 Pannoniam,
2128 885 2414 938 Carinthiam,
2431 885 2700 940 Boimmiaru,

1455 956 1775 1009 etMoraviam;
1798 955 2042 1000 Ludovicus
2080 958 2233 1013 accipit
2264 956 2524 1002 orientalem
2560 957 2699 1003 Fran-

1457 1028 1583 1079 ciam‚
1613 1027 1780 1072 scilieet
1803 1029 1919 1072 circa
1936 1028 2151 1081 Rhenum,
2171 1036 2214 1074 et
2236 1030 2535 1087 Thuringiam,
2567 1031 2699 1087 Saxo·

1456 1100 1589 1151 niam,
1613 1104 1656 1142 et
1671 1098 1973 1155 Phrysiam,et
1997 1094 2317 1156 Lotharingiam
2340 1117 2351 1155 ;
2374 1103 2555 1146 Carolus
2579 1115 2702 1147 acce-

1457 1171 1573 1226 pitin
1590 1171 1787 1226 portione
1807 1172 2119 1222 Alemanniam‚
2133 1173 2177 1215 id
2195 1181 2260 1217 est
2278 1172 2494 1227 Sueviam,
2514 1181 2555 1219 et
2573 1188 2702 1231 quas·

1458 1243 1555 1286 dam
1581 1243 1779 1288 civitates
1792 1242 2104 1300 -Lotbaringiae‚
2128 1253 2302 1301 propter
2331 1247 2417 1290 vini
2441 1249 2625 1303 copiam.

131 1327 225 1360 ram
241 1314 406 1360 «Ioanne
418 1314 636 1373 pontifice,
656 1315 731 1371 qui
751 1312 941 1357 Adriano
965 1318 1252 1364 successerat,
1270 1325 1380 1368 prae-
1405 1305 1437 1347 Β
1513 1317 1697 1361 Carolus
1727 1318 1892 1361 interea
1920 1317 2150 1367 secundus,
2192 1318 2426 1374 imperator
2449 1321 2698 1375 praedictus,

131 1393 254 1432 sente
278 1393 445 1441 senatu,
476 1398 653 1430 causam
675 1397 798 1430 suam
833 1386 1025 1441 exponit,
1059 1390 1235 1440 propter
1261 1384 1378 1440 quod

132 1459 383 1517 Adalgisius
407 1458 498 1504 dux
518 1471 541 1502 a
568 1463 722 1502 senatu
753 1452 893 1502 hostis
925 1458 1162 1513 iudicatur.
1190 1457 1383 1512 impera-¹

131 1539 199 1577 tor
220 1544 244 1574 a
261 1533 524 1588 jiiramento,
543 1531 657 1586 quod
678 1543 765 1575 non
792 1537 960 1586 sponte,
981 1531 1054 1575 sed
1080 1543 1159 1586 pro
1176 1531 1263 1574 vita
1288 1544 1377 1575 sera

129 1605 270 1649 vanda
285 1604 481 1661 [fecerat‚
510 1603 750 1647 absolvitur
773 1616 850 1659 per
873 1604 1187 1659 Apostolicum.
1214 1603 1374 1656 Quam-

129 1678 195 1723 vis
216 1683 361 1721 tamen
373 1681 490 1721 esset
511 1673 755 1728 absolutus,
778 1676 829 1719 ad
851 1676 1101 1721 evitandum
1123 1677 1374 1720 scandalum

130 1763 218 1794 non
256 1750 334 1794 ivit
369 1748 679 1802 Beneventum,
705 1754 1003 1792 verumtamen
1047 1749 1240 1805 reginam
1273 1750 1376 1792 illuc

129 1834 228 1870 cum
249 1822 440 1878 exercitu
469 1821 719 1874 destinavit,
755 1821 1003 1878 Adalgisius
1038 1821 1295 1878 perterritus
1329 1823 1374 1866 in

132 1896 376 1942 Sardiniam
404 1896 530 1953 fugit,
555 1901 600 1940 ct
615 1896 681 1940 ab·
704 1895 771 1939 ira
806 1895 992 1940 Caesaris
1022 1895 1270 1941 declinavit.
1299 1897 1375 1945 His

131 1969 284 2014 diebus
323 1968 480 2014 Franci
507 1975 659 2014 creant
685 1968 772 2014 sibi
803 1980 948 2027 regem
974 1967 1189 2014 Othonem
1239 1969 1374 2013 lilium

132 2042 327 2088 Robcrti.

134 2129 239 2178 Item
269 2133 319 2177 de
347 2133 487 2178 eodem
519 2134 717 2178 Lolliario
753 2136 1024 2190 imperatore,
1059 2136 1243 2192 versifice
1274 2149 1374 2179 nar—

673 2205 832 2236 ramas.

129 2261 260 2307 Solus
286 2263 328 2306 in
349 2263 518 2319 imperii
548 2263 779 2319 Lotbarius
800 2277 899 2308 arce
925 2265 1100 2315 resedit,

127 2334 317 2392 jureque
339 2335 619 2382 Theutonicis
639 2336 835 2380 Romana
857 2339 1108 2382 monarchia
1127 2339 1258 2390 cedit,

151 2422 156 2427 ·
184 2408 375 2464 luraque
398 2409 696 2467 Theutonicus
720 2410 875 2455 Caesar·
895 2412 938 2454 in
965 2411 1078 2455 Urbe
1099 2411 1230 2456 dedit.

130 2479 252 2524 Tunc
274 2494 345 2527 rex
367 2482 583 2526 Danorum
606 2485 819 2539 baptisma
845 2486 1006 2540 recepit
1036 2484 1264 2537 lleroldus,

131 2552 263 2598 Filius
286 2555 422 2610 ipsius
446 2563 544 2599 cuin
572 2558 709 2600 matre
732 2570 839 2613 puer
861 2557 1147 2614 Manigoldus,

106 2683 108 2685 Ι
187 2623 237 2668 Et
261 2627 413 2682 reliqui
440 2628 587 2683 populi
611 2628 799 2673 chrisma
819 2630 961 2675 'tulere
981 2632 1064 2674 sui.

130 2697 361 2755 imperium
391 2713 490 2744 cum
514 2709 635 2757 patre
658 2715 736 2747 suo
757 2703 1002 2748 Ludovicus
1034 2704 1232 2760 adeptus,

130 2772 261 2816 ltaliae
286 2773 368 2818 sub
392 2780 513 2829 patre
536 2781 653 2818 tenet
679 2777 972 2820 moderamina
997 2784 1211 2833 receptus,

146 2890 151 2894 ,
191 2845 332 2900 Usque
353 2844 542 2888 Pharum
576 2843 712 2890 Siculi
747 2848 863 2904 regia
889 2849 1010 2905 signa
1034 2850 1146 2892 tulit.

129 2933 192 2976 De
210 2932 362 2978 Carolo
380 2936 575 2988 secundo,
601 2937 849 2990 imperatore
879 2939 1178 2994 Romanorum,
1206 2949 1373 2997 septua-

435 2994 590 3048 9esimo
614 2994 747 3049 pri-mo
774 2995 836 3051 ab*
856 2996 1058 3054 Auqasto.

187 3063 311 3107 Anno
331 3065 383 3107 ah
407 3056 629 3110 incarnat.
651 3066 820 3111 Domini
850 3069 948 3118 874.
986 3069 1247 3122 [ordovicum
1272 3084 1373 3115 sua-

129 3137 334 3194 vissimus
377 3139 625 3194 imperator,
665 3141 860 3183 ultimum
899 3143 1011 3186 diem
1045 3145 1218 3196 clausit,
1259 3157 1374 3191 anno

131 3207 299 3263 imperii
322 3209 388 3252 sui
409 3210 576 3256 decimo
601 3225 730 3256 nono.
752 3213 911 3256 Eodem
937 3226 1051 3257 anno
1073 3214 1274 3268 Carolus,
1304 3230 1375 3272 pa-

130 3287 255 3326 truus
283 3283 573 3337 ejussenior,
611 3285 890 3330 occidentalis
927 3287 1122 3343 Francia>
1158 3300 1248 3341 rex,
1275 3303 1371 3333 eum

131 3356 220 3398 suis
239 3354 517 3412 Francigenis
541 3357 721 3402 Romam
747 3362 938 3412 veniens,
965 3361 1190 3417 imperinm
1228 3377 1251 3405 a
1282 3363 1368 3407 Ro-

132 3428 288 3478 manis,
328 3435 375 3472 ut
415 3429 590 3482 dicitur,
635 3433 819 3488 pecunia
858 3434 1120 3491 impetravit.
1160 3433 1370 3494 Regnavit
1398 3456 1430 3501 ῃ
1453 3474 1587 3515 Amul

133 3498 277 3554 itaque
300 3500 353 3544 ab
375 3499 570 3558 Augusto
595 3505 940 3561 septuagesimus
962 3509 1144 3564 primus.

166 3570 280 3615 vNon
302 3574 437 3617 multo
471 3579 569 3631 post
604 3575 739 3622 frater
770 3579 865 3634 eJ‘us
896 3579 1141 3628 Ludovicus
1170 3597 1243 3628 rex
1273 3586 1377 3630 Ger⁶

131 3656 354 3688 manorum
377 3653 420 3691 et
441 3645 704 3692 Bavarorum
729 3651 773 3694 in
798 3660 943 3696 castro
965 3653 1223 3700 Francofurt
1260 3660 1371 3703 diem

79 3752 85 3758 .
130 3716 252 3769 obiit,
279 3718 353 3773 qui
378 3724 465 3762 tres
489 3719 598 3764 lilios
622 3723 810 3779 reliquit,
837 3727 1368 3784 scilicetCarloman'num,
1404 3735 1407 3738 ’

130 3787 392 3834 luidovicum
417 3797 459 3835 et
483 3792 702 3840 Car-olum.

185 3860 320 3905 Porro
337 3862 516 3908 Carolus
538 3863 785 3922 imperator,
810 3876 949 3925 morte
968 3873 1115 3919 fratris
1139 3877 1206 3920 sui
1228 3876 1370 3922 Ludo--

128 3931 213 3976 vici
234 3934 400 3985 audita,
427 3948 606 3993 regnum
643 3937 932 3999 Lotharingiae
953 3947 1127 3991 molitur
1151 3950 1362 3995 invadere.

130 4002 275 4048 Primo
298 4005 442 4062 itaque
477 4008 573 4052 loco
605 4009 864 4068 Aquisgrani
885 4018 1091 4071 palatium
1119 4024 1367 4077 occupavit,

130 4083 172 4121 et
194 4079 576 4134 iisqueColoniam
600 4087 889 4142 progreditur.
931 4089 1098 4135 Interea
1118 4093 1361 4138 Carloman-

131 4163 214 4195 nus
237 4152 547 4211 primogenitus
568 4155 773 4203 Ludovici
792 4192 802 4211 ,
829 4160 1092 4208 Bavarorum
1126 4173 1168 4210 et
1192 4167 1370 4213 Germa-

131 4233 284 4266 norum
308 4227 420 4282 regis
438 4226 647 4281 defunct-i,
672 4230 835 4276 ltaliam
863 4235 1102 4291 ingreditur
1121 4269 1132 4290 ,
1158 4246 1200 4284 et
1233 4246 1367 4284 tentat

131 4293 279 4338 tollere
294 4295 535 4351 imperium.
562 4298 858 4348 Verumtamen
875 4305 1008 4351 frater
1019 4309 1112 4364 ejus
1125 4309 1367 4356 Ludovicus

132 4366 244 4420 apud
273 4366 510 4415 Germanos
540 4378 582 4415 et
606 4371 794 4420 Bavares
834 4387 1020 4435 coeperat
1043 4383 1132 4437 jam
1159 4397 1366 4442 regnare,

132 4439 205 4495 q-ui
230 4452 326 4485 cum
351 4443 538 4490 audisset
556 4452 763 4511 ‘patruum
802 4441 928 4498 suum
953 4454 1152 4504 Carolum
1191 4460 1234 4503 in
1261 4461 1367 4506 {tues

1456 1399 1478 1429 a
1495 1386 1646 1431 Galliis
1667 1387 1844 1431 Romam
1866 1389 1988 1444 petiit
2006 1403 2016 1443 ;
2037 1389 2222 1444 indeque
2240 1390 2426 1443 rediens,
2454 1393 2636 1436 contulit
2656 1407 2703 1438 se

1455 1456 1646 1513 Papiam.
1673 1458 1732 1502 lbi
1759 1460 1981 1504 nuntiatur
2002 1461 2042 1504 ei
2064 1460 2394 1512 Carlomannus‚
2423 1463 2534 1508 iilius
2554 1465 2703 1511 fratris

1457 1531 1522 1574 sui
1548 1530 1771 1585 Ludovici‚
1807 1533 1879 1588 qui
1919 1533 2088 1576 tenebat
2125 1533 2377 1586 Bovarium,
2414 1548 2512 1579 cum
2545 1550 2702 1594 magno

1458 1605 1650 1647 exercitu
1674 1602 1842 1647 ltaliam
1866 1605 2070 1649 intrasse.
2099 1605 2219 1649 Tunc
2244 1606 2477 1661 imperator
2500 1607 2543 1651 iu
2567 1607 2704 1652 Fran·

1456 1674 1566 1717 ciam
1591 1673 1735 1719 redire
1756 1676 1923 1727 volens,
1948 1688 2113 1733 veneno
2140 1678 2318 1722 interiit.

1512 1746 1638 1792 Anno
1661 1749 1871 1801 secundo,
1898 1748 2159 1801 Ludovicus‚
2187 1750 2300 1795 iilius
2326 1751 2468 1795 Caroli
2495 1752 2698 1807 iunioris,

1454 1821 1529 1876 qui
1551 1821 1777 1866 dicebatur
1814 1821 1974 1867 Baldus
1992 1855 2003 1874 ,
2039 1824 2173 1875 obiit,
2199 1825 2362 1868 relictis
2387 1825 2556 1870 duobus
2582 1825 2698 1880 filiis,

1454 1894 1621 1938 scilicet
1641 1893 1861 1940 Ludovico
1902 1904 1945 1940 et
1966 1896 2271 1949 Carlomanno,
2296 1898 2500 1953 quoniam
2525 1898 2700 1943 tertium

1453 1979 1604 2011 eorum
1632 1967 1827 2020 fratrem,
1854 1970 1927 2025 qui
1954 1976 2104 2025 postea
2127 1969 2272 2014 dictus
2297 1976 2361 2014 est
2385 1969 2583 2023 Carolus,
2610 1984 2703 2014 ma-

1455 2047 1519 2085 ter
1539 2042 1633 2098 ejus
1655 2047 1763 2086 tunc
1786 2044 1830 2086 in
1854 2047 1976 2087 utero
1995 2044 2207 2100 gestabat.
2230 2044 2364 2100 Cujus
2389 2057 2566 2101 regnum
2589 2044 2697 2088 Pro·-

1452 2114 1654 2166 vinciam,
1675 2127 1804 2170 quam
1829 2121 1952 2171 pater
1986 2115 2080 2171 ejus
2102 2115 2302 2167 Carolus,
2328 2116 2443 2159 filius
2470 2117 2702 2172 imperato-

1452 2188 1514 2231 ris
1539 2187 1750 2240 Lotharii,
1776 2191 1820 2231 in
1835 2189 2049 2233 divisione
2072 2190 2191 2245 regui
2217 2201 2296 2245 pro
2314 2196 2436 2245 parte
2460 2198 2699 2245 acceperat,

1453 2262 1580 2313 lloso,
1608 2261 1686 2304 cui
1702 2261 1884 2305 Carolus
1907 2262 2142 2318 imperator
2158 2262 2292 2306 Gallis
2318 2263 2432 2306 illam
2455 2276 2595 2320 nuper
2611 2270 2703 2307 tra-

1455 2333 1639 2385 diderat,
1668 2334 1863 2385 invadit,
1898 2342 1941 2378 et
1966 2335 2106 2390 primo
2143 2337 2237 2379 loco
2270 2333 2526 2392 Lugdunum
2551 2337 2697 2379 venit:

1456 2405 1598 2460 ibique
1637 2417 1659 2447 a
1686 2405 1963 2460 Lugdunensi
1995 2408 2319 2463 archiepiscopo
2345 2409 2388 2451 in
2426 2420 2565 2463 regem
2589 2407 2699 2451 Bur-

1455 2477 1625 2533 gundiae
1659 2483 1702 2522 et
1733 2473 1973 2522 Provinciae
2004 2481 2207 2536 ungitur:
2235 2469 2307 2537 qui
2345 2493 2367 2523 a
2404 2482 2530 2525 dictis
2556 2481 2702 2526 adole-

1455 2551 1675 2594 scentibus
1695 2550 1915 2595 Ludovico
1939 2557 1980 2596 et
2004 2552 2291 2597 Carlomanno
2315 2559 2500 2598 arcetur.

1455 2622 1515 2665 De
1548 2624 1763 2666 nativitate
1805 2626 1911 2680 repis
1951 2624 2213 2668 Francorum
2249 2627 2452 2684 Armelplti
2485 2635 2699 2683 septuage-

1780 2682 1878 2723 simi
1903 2681 2072 2724 secundi
2095 2682 2145 2725 ab
2168 2683 2371 2738 Augusto.

1512 2750 1638 2795 Anno
1680 2754 1734 2797 ab
1785 2754 2081 2799 incarnatione
2119 2756 2287 2800 Domini
2341 2758 2698 2813 octingentesimo

1455 2825 1766 2881 octuagesimi),
1791 2826 2106 2871 Carlomannus
2128 2827 2335 2872 Ludoviei
2360 2829 2491 2879 silius,
2522 2830 2593 2872 cui
2610 2829 2694 2871 Ba-

1455 2897 1574 2939 varia
1609 2898 1651 2940 in
1678 2904 1838 2942 sortem
1863 2899 2122 2950 devenerat,
2150 2904 2246 2955 post
2274 2901 2431 2943 multos
2455 2900 2696 2955 triumphos

1454 2979 1564 3021 quos
1585 2973 1821 3024 peregerat,
1846 2969 2045 3020 moritur,
2070 2975 2113 3013 et
2144 2964 2188 3013 in
2215 2971 2308 3015 loco
2329 2971 2466 3014 OdIno
2490 2971 2534 3013 in
2558 2971 2693 3014 Bava-

1453 3040 1514 3081 ria
1534 3041 1754 3094 sepelitur,
1779 3041 2028 3097 relinquens
2051 3041 2182 3085 tilium
2201 3055 2253 3086 ex
2269 3044 2401 3086 nobili
2425 3043 2597 3094 femina,
2619 3044 2693 3088 sed

1455 3123 1540 3155 non
1565 3108 1752 3168 legitima
1773 3129 1781 3156 :
1807 3127 1932 3169 quem
1958 3122 2158 3171 tanquam
2185 3117 2237 3159 dc
2259 3116 2423 3171 origine
2442 3116 2692 3160 carolorum

1456 3192 1748 3239 progressum,
1777 3186 2043 3240 Arnulphum
2068 3192 2344 3230 vocaverunt.
2373 3185 2444 3229 Isti
2472 3188 2691 3243 Arnulpho

1454 3262 1602 3310 postea
1623 3258 1872 3301 monarchia
1896 3259 2042 3302 cessit.

1515 3326 1596 3371 Sed
1639 3328 1883 3373 Ludovicus
1923 3331 2142 3376 orientalis
2185 3332 2375 3375 Franciae
2408 3345 2512 3384 rex,
2547 3332 2689 3374 audit-2

1455 3406 1592 3443 morte
1613 3400 1775 3454 fratris,
1793 3402 2014 3446 Bavariam
2038 3405 2159 3455 adiit,
2188 3416 2366 3460 eamque
2387 3405 2465 3448 sibi
2490 3404 2686 3459 subJecit.

1591 3474 1675 3528 pho
1713 3475 1917 3530 praedicto
1945 3476 2147 3519 ducatum
2173 3477 2404 3520 Carinthiae
2427 3489 2523 3520 cum
2546 3485 2695 3521 castro

1453 3544 1568 3599 quod
1598 3545 1754 3589 dicitur
1773 3546 2014 3603 Moseburg‚
2040 3549 2229 3591 donavit.
2597 3547 2602 3552 ’

1455 3617 1514 3660 De
1538 3618 1612 3661 illo
1639 3632 1731 3674 roae
1766 3619 1933 3670 Curato,
1973 3623 2042 3675 qai
2077 3635 2101 3662 a
2131 3621 2332 3675 [ratribus
2367 3623 2452 3664 suis
2477 3631 2689 3677 acceperat

1508 3673 1769 3717 Alemaniam
1792 3677 1832 3717 in
1857 3678 2101 3730 portionem,
2130 3677 2453 3732 septuaqesimus
2473 3680 2613 3721 tertius
2636 3680 2686 3721 ab

1508 3730 1711 3784 Auqusto.

1515 3817 1640 3862 Anno
1684 3820 1736 3862 ab
1781 3820 2073 3864 incarnatione
2113 3820 2291 3864 Domini-
2329 3823 2686 3878 octingentesimo

1452 3892 1741 3946 octuagesimo
1770 3894 1924 3947 primo,
1953 3892 2132 3937 Carolus
2153 3926 2164 3946 ,
2191 3894 2265 3950 qui
2290 3894 2583 3938 Afflmanrstam
2607 3908 2685 3949 pro

1450 3964 1647 4016 portione
1667 3971 1903 4020 acceperat,
1933 3966 1975 4011 iu
2000 3965 2161 4008 ltaliam
2190 3973 2330 4010 movet
2349 3962 2598 4017 exercitum,
2620 3972 2686 4010 to-

1450 4041 1575 4092 taque
1598 4035 1854 4080 Louibardia
1875 4038 1916 4079 in
1935 4036 2193 4081 deditionem
2209 4045 2397 4093 accepta,
2417 4036 2596 4082 Romam
2613 4051 2686 4078 ve-

1450 4106 1526 4157 nit,
1565 4105 1635 4148 ubi
1663 4118 1687 4147 a
1717 4105 1880 4150 Joannc
1905 4120 2011 4162 papa
2047 4109 2088 4150 in
2121 4109 2348 4164 imperium
2382 4116 2676 4158 consecratur,

1450 4178 1786 4231 septuagesimus
1813 4179 1964 4223 tertius
1989 4179 2042 4222 ab
2058 4179 2250 4234 Augusto
2268 4179 2539 4235 imperatore.

1504 4248 1835 4304 [intempestate
1863 4250 2143 4295 Northmanni
2181 4266 2358 4309 regnum
2384 4253 2585 4296 Ludnvici
2608 4266 2684 4308 per

1448 4321 1622 4365 fluvium
1644 4322 1777 4365 Guaia
1799 4323 1967 4381 navigio
1989 4323 2186 4380 ingressi,
2206 4327 2407 4380 palatium
2434 4326 2683 4380 Noviornagi

1448 4393 1681 4442 incendent
1705 4411 1713 4438 :
1750 4396 1902 4442 deinde
1925 4397 2144 4442 Coloniam
2173 4399 2555 4455 etdquisgranum
2584 4410 2681 4444 cum

1448 4471 1534 4510 tota
1560 4466 1627 4510 illa
1661 4468 1880 4525 provincia
1907 4471 2143 4515 devastant.
2181 4471 2292 4518 inter
2319 4471 2406 4516 haec
2443 4473 2682 4517 Ludovicus
