2924 4588
351 28 462 73 ¹3⁴3

1345 19 1508 64 rarat
1536 16 1885 62 eonesroms
2789 26 2868 70 13

347 122 408 163 ris
440 118 662 161 nobiscum
696 117 738 158 1„
763 115 954 170 pfaenum
990 128 1044 159 ne
1076 115 1328 169 exstinguas
1357 114 1572 155 lucernam
1596 114 1632 154 A
1654 106 1868 164 insignior
1903 103 2046 150 tamen
2079 108 2247 152 caeteris
2284 114 2378 154 erat
2411 108 2562 164 David,
2602 128 2617 151 ι
2650 112 2808 159 sedens
2872 164 2874 166 ,

347 190 387 230 in
414 187 558 230 lsrael.
598 201 614 227 ›
642 186 879 229 oecasione
903 186 1032 239 huJus
1065 185 1203 228 ultimi
1228 185 1362 248 praelii
1389 184 1574 238 epilogat

306 240 323 264 ⁸
344 258 521 300 historia
554 251 624 298 bk
652 257 734 297 tria
760 260 983 309 superiora
1009 255 1151 309 praelia
1172 252 1306 296 David
1333 253 1568 303 nominata,

1655 179 1860 222 cathedra
1897 178 2276 234 sapientissimus,
2319 193 2335 222 ι
2383 188 2429 226 et
2470 183 2531 225 ita
2564 193 2688 229 erant
2717 188 2869 243 high·

1653 255 1833 305 septem,
1876 258 2159 294 annumerato
2199 251 2349 296 David.
2388 252 2525 299 Porro
2545 255 2803 311 post-David
2832 293 2834 295 .

342 342 429 371 non
452 333 593 370 tamen
616 338 668 369 eo
691 327 844 369 ord-'nn
866 338 953 380 qno
976 335 1096 381 gesta
1118 331 1249 385 sunt.u
1264 324 1454 376 Quorum
1481 324 1570 379 pri·
1650 322 1736 364 iltis
1759 325 1847 365 sex'
1862 323 1936 377 qui
1958 330 2081 366 erant
2103 336 2231 378 supra
2266 326 2442 380 triginta
2478 337 2569 370 tres-
2597 336 2720 372 erant
2744 330 2786 374 fo

341 411 455 439 inunt
479 397 559 439 fuit
594 397 635 438 in
662 394 781 447 Gob;
808 392 912 438 urbs
943 395 1024 446 est,
1057 407 1152 451 quae
1177 400 1218 439 et
1241 389 1363 438 isaer
1393 395 1566 445 dicitur,

338 468 380 509 i'u
405 480 488 521 qua
509 468 724 522 percussit
749 466 960 509 Soboehai
986 465 1133 522 Sephi,
1160 467 1212 509 de
1246 476 1400 521 genere
1419 466 1566 521 gigan·-

337 549 440 583 tutn.
467 540 589 582 Aliud
619 553 789 595 quoque
828 541 1022 595 praelium
1054 540 1253 583 similiter
1282 540 1365 584 fuit
1388 542 1431 584 in
1455 541 1563 590 Gob,

334 614 376 657 in
416 628 501 669 quo
538 615 774 658 secundum
818 614 1052 670 losephum
1093 615 1293 669 apparuit
1329 616 1396 657 vir
1439 609 1563 658 sortis

332 675 519 742 Ephron,
549 695 756 743 cognatus
779 688 928 739 David,
949 687 1038 742 qui,
1065 687 1156 731 suis
1174 688 1216 730 in
1244 687 1387 744 fugam
1406 689 1558 740 versis,

328 759 445 800 solus
467 758 675 812 plurimos
705 758 890 801 hostium
920 758 1116 813 peremit,
1146 764 1190 801 et
1213 759 1321 804 alios
1349 759 1393 802 in
1418 759 1559 812 lugani

327 829 551 871 convertit.
583 827 710 872 Liber
746 841 846 873 vero
885 829 1051 884 Regum
1089 829 1136 873 in
1173 830 1256 874 hoc
1296 831 1392 876 loco
1437 833 1558 886 ponit

323 902 514 954 praelium
535 901 665 943 Dari‘d
691 909 838 943 contra
862 900 1027 944 Goliam
1045 901 1090 945 in
1119 901 1234 946 hune
1255 903 1443 946 modum.
1467 919 1479 944 t
1511 903 1555 946 ln

323 986 407 1026 quo
444 973 657 1028 percussit
688 973 951 1021 Adeodatus,
991 973 1105 1018 lilius
1135 974 1291 1023 saltus,
1324 976 1555 1031 polymita-

319 1045 426 1093 rius,
455 1045 799 1094 Bethlehemitcs,
819 1043 1261 1092 GoliathGethaeum.»
1287 1045 1555 1103 {lisquatuor

318 1115 566 1158 nominibus
590 1116 841 1168 exprimitur
865 1115 1014 1168 David,
1038 1123 1082 1166 et
1107 1116 1263 1161 dicitur
1287 1118 1547 1170 Adeodatus‚

314 1188 412 1241 quia
430 1188 478 1229 ad
499 1188 791 1237 liberationem
813 1188 941 1232 lsrael
956 1189 1081 1232 datus
1098 1195 1164 1233 est
1181 1202 1204 1232 a
1224 1189 1311 1234 Deo
1325 1191 1369 1234 in
1386 1203 1546 1247 regem.

315 1258 447 1303 Filius
481 1261 632 1310 saltus,
671 1260 771 1315 quia
796 1261 848 1304 tle
871 1265 1062 1317 pascuis,
1095 1272 1137 1308 et
1163 1266 1274 1309 saltu
1300 1272 1548 1322 assumptus

312 1337 393 1375 est.
423 1332 743 1389 polymitarius,
770 1338 869 1390 quia
894 1337 947 1380 de
969 1349 1125 1393 genere
1154 1338 1548 1397 BeseleelPolymi-

312 1402 406 1443 tarii
437 1400 517 1444 fuit
536 1411 672 1448 mater
686 1407 795 1460 ejus.
822 1406 895 1451 Vel
916 1410 1016 1463 quia
1040 1410 1187 1454 multis
1206 1411 1345 1456 modis
1367 1414 1544 1468 aniplia-

307 1471 370 1515 vit
393 1474 553 1516 cultum
575 1475 758 1522 Domini.
792 1478 1141 1533 Bethlehemites‚
1163 1483 1307 1528 dictus
1329 1490 1394 1528 est
1415 1497 1438 1527 a
1462 1499 1544 1541 pa·

306 1542 404 1585 tria.
443 1542 703 1588 Mentor-atur
727 1561 898 1605 quoque
933 1556 974 1594 ct
1009 1551 1123 1594 aliud
1149 1554 1341 1606 praelium
1382 1556 1425 1598 in
1456 1569 1542 1611 quo

304 1606 527 1661 Jotlathas,
558 1613 670 1657 filius
699 1614 912 1669 Semmaa,
942 1619 1087 1664 fratris
1121 1620 1288 1675 David,
1326 1628 1541 1680 percussit

304 1682 443 1725 virum
470 1684 694 1730 habentem
721 1702 848 1734 senos
873 1692 1031 1748 digitos
1054 1693 1099 1737 in
1129 1697 1329 1753 manibus
1356 1705 1396 1743 et
1419 1702 1539 1757 pedi-

302 1747 400 1797 bus.
427 1753 662 1811 Expeditus
689 1760 831 1815 itaque
866 1761 996 1806 David
1032 1777 1057 1808 a
1092 1767 1253 1821 pt·aeliis
1279 1764 1448 1815 locutus
1472 1778 1538 1816 est

302 1825 482 1869 Domino
520 1831 647 1883 verba
676 1833 883 1878 carminis
906 1835 1001 1891 ejus
1039 1837 1084 1881 in
1116 1839 1202 1891 die,
1227 1854 1311 1897 qua
1338 1843 1536 1901 liberatit

299 1911 395 1941 eum
431 1898 638 1946 Dominus
676 1905 726 1948 de
754 1919 882 1949 uranu
905 1911 1096 1955 cilinium
1127 1912 1403 1959 inimicorum
1434 1931 1535 1962 suo-

297 1984 391 2014 rum
433 1973 556 2017 etde
594 1988 723 2019 manu
759 1978 877 2032 Saul,
915 1988 960 2025 et
997 1984 1057 2028 ait
1091 1999 1102 2030 t
1140 1984 1378 2040 Dominus,
1412 1997 1534 2045 petra

295 2055 387 2085 mea
404 2044 578 2102 (11Re9.
599 2050 721 2105 xxti),
737 2057 820 2095 ete.
846 2051 891 2096 ln
917 2054 1099 2102 Psalmis
1119 2060 1357 2103 secundum
1383 2068 1530 2122 trans·

294 2114 495 2159 lationem
523 2125 715 2162 nostram
743 2123 800 2164 ita
826 2124 1012 2180 legitur:
1037 2142 1053 2168 ι
1087 2127 1269 2186 Diligam
1302 2138 1358 2185 te,
1388 2133 1532 2178 Domi-

293 2197 361 2235 ne,
397 2187 601 2233 fortitudo
629 2205 743 2243 nica,
780 2194 991 2243 Dominus
1015 2198 1331 2247 firmamentum
1366 2218 1527 2260 meum,
1551 2230 1584 2273 C

289 2267 331 2303 et
356 2261 563 2318 refugium
598 2279 737 2311 meunt
764 2269 900 2326 (I'sal.
923 2273 1018 2330 vti),
1042 2291 1056 2316 t
1083 2267 1166 2320 etc.
1189 2277 1324 2334 Cujus
1355 2282 1528 2326 titulum

290 2338 473 2389 sumpsit
496 2337 654 2383 Esdras
675 2354 726 2384 ex
744 2345 888 2389 verbis
907 2359 1036 2403 supra
1054 2351 1224 2405 positis,
1251 2366 1266 2392 t
1287 2354 1332 2397 in
1351 2355 1420 2399 die
1443 2369 1529 2414 qua

289 2405 485 2450 liberavit
521 2423 617 2454 eum
653 2413 877 2468 Dominus,
920 2435 935 2460 ι
963 2426 1048 2464 etc.
1081 2419 1296 2479 Iosephus
1323 2426 1394 2471 hie
1421 2427 1526 2472 divit

288 2482 419 2535 quod,
447 2495 542 2525 cum
581 2485 710 2530 David
737 2503 840 2544 pace
860 2492 1070 2538 altissima
1096 2495 1328 2559 frueretur,
1353 2504 1524 2546 cantica

285 2560 326 2593 et
351 2552 530 2609 hymnos
553 2564 812 2614 composuit,
841 2565 949 2609 alios
981 2569 1217 2622 trimetros,
1263 2573 1371 2618 alios
1397 2577 1524 2632 quin-

285 2637 366 2678 que
398 2636 572 2678 metros,
600 2633 766 2677 diversa
800 2636 963 2684 faciens
1000 2651 1178 2698 organa,
1202 2645 1246 2688 in
1269 2648 1425 2707 quihus
1448 2649 1526 2701 Le-

282 2697 379 2740 vitae
403 2712 478 2754 per
504 2701 707 2757 Sabbata,
729 2715 770 2751 et
793 2711 901 2756 alias
924 2716 1220 2784 solertiiijtates
1252 2720 1435 2777 hymnos
1459 2725 1521 2768 di-

281 2782 445 2817 cerent.
473 2777 523 2819 Et
555 2783 675 2834 ponit
710 2783 924 2842 Joscphus
954 2790 1237 2836 differentiam
1263 2796 1374 2840 inter
1404 2800 1521 2853 psal-

281 2846 432 2889 terium
461 2854 703 2898 ctnablum.
726 2855 775 2898 lst
801 2865 865 2902 est
888 2862 1141 2916 psalterium
1166 2856 1326 2913 canora
1347 2870 1516 2925 cithara

278 2917 422 2962 decem
457 2923 631 2969 chordis
663 2936 879 2984 coaptata,
901 2947 995 2980 uuae
1016 2949 1112 2979 cunt
1139 2939 1303 2994 plectro
1325 2945 1517 3000 pereuti-

277 2994 362 3033 tur.
398 2991 580 3038 Nablum
612 3012 714 3042 vero
740 3002 966 3049 duodecim
999 3020 1130 3054 sonos
1158 3011 1338 3066 babens,
1365 3013 1516 3071 digitis

279 3061 479 3116 tangitur.
512 3065 615 3110 Post
654 3083 829 3116 carmen
866 3078 1161 3132 supradictum
1192 3083 1354 3129 addidit
1379 3085 1514 3130 David

277 3130 456 3186 loquens
490 3138 541 3180 dc
574 3152 635 3190 se,
659 3148 862 3198 tanquam
887 3148 939 3192 de
956 3151 1055 3195 alio.
1088 3169 1102 3193 «
1131 3154 1230 3198 llaec
1255 3165 1356 3201 sunt
1380 3160 1510 3204 ver-ba

274 3205 524 3259 noviSsima,
566 3225 660 3266 quae
690 3213 799 3257 dixit
833 3217 965 3264 David
1011 3223 1124 3268 lilius
1163 3225 1263 3272 lsai.
1296 3228 1413 3274 Dixit
1443 3233 1510 3276 vir

1577 1165 1609 1210 Β
1634 1175 1704 1220 hie
1724 1187 2110 1227 commemoratur.
2146 1183 2249 1228 Post
2284 1186 2402 1229 hune
2437 1195 2528 1232 erat
2554 1190 2728 1234 Eleazar
2758 1194 2833 1236 lili
2904 1229 2906 1241 ζ

1650 393 1765 444 simi,
1795 394 1868 435 alii
1890 385 1979 437 tres
2007 406 2091 437 non
2117 396 2224 439 adeo
2250 397 2400 448 fortes,
2427 400 2501 442 sed
2525 406 2666 444 tamen
2686 402 2806 445 forti.
2868 410 2870 414 ·

1648 463 1826 519 reliquis
1854 465 2050 520 triginta,
2071 473 2118 509 ut
2141 468 2265 522 quasi
2285 469 2430 512 dicere
2450 483 2682 525 possumus
2711 475 2808 531 trigl
2837 501 2842 510 ‚

1644 540 1770 577 erant
1795 534 1948 586 fortes,
1969 543 2181 581 tres‘vero
2215 537 2417 583 fortiores
2440 542 2520 593 eis,
2548 548 2637 587 tres
2662 557 2765 588 vero
2784 559 2858 588 ras

1645 607 1719 660 qui
1749 606 1994 652 fortissimi.
2036 608 2089 651 Et
2134 610 2372 654 seeundum
2415 613 2527 657 hane
2571 619 2784 671 expositio
2823 623 2863 644 ν’
2918 598 2923 630 1

1641 667 1872 734 Catalog-us
1907 681 2084 739 triginta
2111 695 2205 734 sex,
2241 683 2592 743 fortium'incipit
2609 690 2683 733 ibi.
2717 705 2732 731 ‹
2760 691 2829 736 Pit
2851 695 2853 697 ’
2915 671 2921 712 1

1641 762 1742 805 ceps
1763 751 1878 796 inter
1896 758 1984 797 tres
2002 755 2096 810 ipse
2116 756 2345 812 est‚'qnas-i
2371 759 2630 803 tenerrimus
2654 761 2757 816 ligni
2785 776 2811 799 v
2833 766 2855 816 ι]
2913 734 2920 803 i

1641 821 1842 874 miculos,
1878 826 1951 879 qui
1979 826 2252 882 octingentos
2280 827 2498 872 interfecit
2522 830 2684 886 impetu
2711 821 2838 880 unofss·
2910 806 2919 923 ¹¹

1638 891 1851 948 Iosephus
1890 896 1996 939 dieit
2025 899 2297 953 nongentos,
2326 899 2681 955 Paralipomenon
2711 910 2852 963 trec.⁴
2910 928 2911 931 =

1639 968 1703 1004 tos
1725 978 1736 1004 :
1773 964 1854 1008 iste
1879 977 1964 1009 non
1986 968 2239 1011 nominatur
2255 970 2326 1013 hic
2357 972 2412 1013 ab
2432 971 2632 1017 historia.
2654 974 2795 1018 Parali
2811 987 2824 1017 t
2908 950 2913 1006 1·

1636 1045 1792 1078 menon
1830 1029 1959 1080 vocat
1982 1031 2095 1082 *eum
2124 1039 2344 1095 sesboam,
2377 1043 2591 1100 Josepltus
2626 1046 2854 1102 Eusebius
2906 1019 2912 1095 l

1632 1103 1726 1148 Non
1767 1099 1925 1163 legitur
1963 1107 2037 1154 ubi
2077 1110 2160 1154 hoo
2191 1112 2351 1157 factum
2375 1115 2519 1166 fuerit,
2544 1118 2631 1162 'nisi
2665 1127 2812 1175 quanti
2905 1098 2912 1128 ⁵

2903 1179 2908 1208 t

1631 1250 1779 1304 patrui
1802 1250 1956 1304 David,
1980 1254 2058 1309 qui
2082 1259 2302 1311 percussit
2326 1258 2616 1313 philisthaeos,
2644 1264 2783 1308 donee
2801 1265 2828 1315 d
2902 1246 2907 1302 1

1629 1321 1774 1366 liceret
1787 1336 1939 1369 manus
1954 1326 2065 1381 ejus,
2091 1333 2133 1372 et
2155 1329 2447 1386 obrigesceret
2469 1346 2567 1377 eum
2591 1338 2747 1391 gladio.
2766 1338 2825 1382 Po
2854 1396 2858 1403 ι
2900 1309 2906 1361 1

1626 1393 1743 1437 hune
1757 1405 1850 1439 erat
1865 1396 2034 1442 Semma
2055 1399 2264 1454 Arai-ites,
2282 1417 2408 1458 quem
2425 1404 2637 1462 Iosephus
2657 1401 2857 1454 Semetal
2898 1385 2904 1455 ,1

1623 1475 1763 1511 vocat.
1794 1468 2001 1522 Qui-'cuin
2059 1472 2242 1528 fugisset
2278 1477 2462 1530 populus
2496 1479 2630 1534 solus,
2667 1484 2784 1539 stetit
2822 1476 2851 1528 ι’

1625 1539 1874 1592 agrolentis,
1893 1545 1936 1584 et
1959 1545 2172 1596 percussit
2190 1544 2482 1600 Philisthoeos,
2502 1557 2543 1592 ct
2569 1551 2667 1596 fecit
2682 1557 2820 1600 salute
2848 1587 2850 1592 ,

1624 1609 1668 1652 in
1693 1609 1841 1655 lsrael.
1870 1611 1947 1657 llis
1976 1615 2118 1659 tribus
2134 1615 2348 1674 Iosephus
2380 1623 2579 1666 attribuit
2601 1626 2816 1674 delatione
2892 1605 2898 1649 1

1622 1684 1746 1738 aqute
1774 1684 1830 1728 de
1865 1686 2055 1731 cisterna
2075 1688 2340 1738 Bethlehem.
2357 1693 2548 1740 Historia
2574 1712 2676 1743 vero
2697 1701 2814 1759 Regu
2841 1702 2851 1716 ²
2891 1676 2898 1722 1

1618 1753 1749 1798 refert
1771 1751 1875 1800 iilud
1899 1758 1952 1802 ad
1977 1765 2073 1804 tres
2117 1771 2364 1819 sequentes,
2392 1781 2501 1824 quos
2525 1771 2728 1818 fortiores
2751 1776 2850 1822 dix*
2888 1745 2897 1797 1

1618 1837 1734 1877 mus,
1777 1840 1961 1883 quorum
2012 1834 2179 1887 primus
2230 1843 2323 1880 erat
2354 1839 2501 1884 Abisai
2557 1843 2691 1890 frater
2733 1845 2830 1890 Joa

1621 1911 1637 1938 ι
1659 1896 1755 1953 lpse
1770 1902 1929 1957 estqui
1958 1903 2113 1947 levavit
2131 1907 2299 1952 hastam
2324 1922 2446 1956 suam
2469 1921 2619 1959 contra
2643 1906 2842 1965 trecens
2886 1938 2888 1942 ’

1615 1981 1726 2024 quos
1751 1970 1814 2014 int
1841 1973 1984 2027 rfeeit,
2010 1977 2200 2030 optimus
2224 1982 2413 2036 quidem,
2439 1986 2514 2028 sed
2538 2001 2674 2044 usque
2696 1992 2749 2034 ad
2770 1998 2838 2035 trs
2883 1959 2892 2004 1

1614 2043 1780 2097 primos
1794 2056 1882 2089 non
1907 2051 2115 2103 pervenit.
2148 2068 2163 2093 »
2191 2052 2295 2097 Post
2315 2055 2429 2100 huno
2447 2067 2538 2102 erat
2554 2060 2751 2117 Banaias,
2779 2077 2849 2121 qt
2882 2043 2888 2071 ⁸

1614 2117 1830 2170 percussit
1857 2119 1964 2164 duos
1982 2121 2129 2168 *leones
2152 2123 2295 2178 Moab,
2326 2127 2368 2171 id
2401 2136 2468 2174 est
2486 2133 2719 2189 principes,
2745 2149 2830 2192 quo
2880 2112 2888 2151 1

1612 2187 1974 2247 Paralipomenon
2003 2195 2112 2239 dicit
2153 2199 2312 2245 arietes
2361 2201 2404 2259 (Ι
2432 2203 2580 2250 Parui.
2617 2207 2683 2264 ιι).
2715 2225 2728 2250 ι
2760 2210 2840 2267 ips
2877 2183 2885 2231 1

1610 2274 1781 2318 quoque
1803 2264 2019 2310 interfecit
2038 2269 2180 2312 virum
2203 2272 2473 2329 AEgyptium,
2505 2293 2520 2319 ι
2550 2279 2594 2322 id
2620 2287 2686 2324 est
2707 2283 2829 2328 imita
2874 2248 2885 2372 ι

1609 2336 1746 2376 torem
1790 2334 1998 2393 AEgyptii,
2041 2340 2411 2398 blasphemantem
2449 2347 2696 2403 Dominum,
2722 2366 2834 2409 quen

1607 2404 1827 2450 interfecit
1841 2407 2023 2466 Moyses.
2045 2411 2168 2457 Hunc
2184 2415 2333 2460 dicunt
2354 2418 2518 2465 Hebraei
2539 2422 2671 2468 fuisse
2690 2424 2846 2482 Semet
2920 2477 2921 2483 ,

1609 2488 1736 2532 quem
1763 2486 1860 2535 post
1890 2482 2104 2528 interfecit
2129 2487 2211 2530 snb
2241 2487 2486 2536 Salomone.
2516 2507 2531 2533 ι
2562 2493 2703 2538 Alium
2741 2510 2815 2552 qu
2919 2549 2921 2561 ι

1604 2561 1691 2604 que
1722 2551 1864 2595 virum
1900 2553 2151 2612 AEgyptium
2195 2560 2427 2614 interfecit,
2462 2564 2637 2619 dignuin
2679 2576 2854 2624 specta

1603 2622 1720 2672 culo,
1750 2638 1767 2665 ι
1799 2625 2039 2673 altitudinis
2063 2632 2257 2687 quinque
2283 2636 2548 2688 cubitorum,
2573 2653 2588 2679 ι
2616 2641 2819 2687 habente

1598 2693 1644 2735 in
1669 2706 1799 2738 manu
1827 2697 1995 2742 hastam
2019 2701 2072 2745 ad
2094 2714 2221 2758 quem
2245 2708 2362 2749 venit
2381 2707 2563 2755 Banaias
2580 2712 2623 2755 in
2644 2714 2780 2769 virga,
2811 2733 2815 2739 ·
2865 2683 2874 2729 1
2916 2699 2924 2711 “

1599 2769 1780 2813 extorsit
1804 2770 1973 2816 hastam
1993 2775 2045 2818 de
2066 2787 2194 2821 manu
2222 2779 2335 2834 ejus,
2355 2791 2397 2824 et
2415 2784 2575 2827 eccidit
2592 2797 2690 2829 eum
2717 2786 2827 2832 hast
2842 2754 2873 2820 1

1598 2854 1694 2887 sua.
1730 2859 1746 2887 ι
1780 2844 2069 2905 Hieronymus
2086 2849 2231 2897 tamen
2254 2854 2357 2899 dicit
2382 2858 2480 2909 hoc,
2506 2859 2849 2915 qiiod·diximu-.
2910 2888 2913 2896 ‹

1596 2914 1650 2958 de
1674 2917 1759 2960 alio
1788 2917 2011 2978 AEgyptio,
2036 2923 2091 2969 de
2127 2924 2285 2980 Semei,
2314 2932 2386 2985 qui
2413 2931 2559 2975 habuit
2591 2935 2759 2978 hastam
2792 2937 2805 2979 i
2846 2934 2854 2990 ᾗ

1594 3000 1742 3040 manu,
1769 2993 1812 3036 id
1838 3000 1905 3037 est
1925 2996 2059 3052 legem
2083 2997 2157 3043 Dei
2180 3014 2190 3043 z
2219 3014 2346 3056 quam
2371 3004 2407 3047 si
2430 3006 2661 3050 meditatus
2683 3007 2818 3053 fuisse

1592 3064 1886 3115 permanendo
1908 3066 1951 3110 in
1974 3067 2218 3114 Jerusalem
2236 3085 2321 3116 non
2342 3077 2518 3130 periret.
2544 3076 2658 3121 ldem
2679 3055 2857 3128 occidui

1592 3133 1758 3177 leonem
1784 3137 1828 3180 in
1851 3138 1968 3182 hune
1997 3142 2189 3186 modum.
2223 3143 2435 3201 Tempore
2468 3149 2579 3194 nivis
2603 3151 2748 3207 lapsus
2768 3140 2857 3217 est}
2906 3129 2920 3172 1

1591 3205 1657 3249 leo
1680 3207 1722 3250 in
1742 3208 1991 3263 cisternam,
2017 3214 2089 3269 qui
2108 3216 2272 3259 nullum
2298 3218 2448 3264 videns
2461 3233 2699 3276 egressum,
2722 3218 2854 3268 erili-⁴3·
2902 3231 2907 3249 ²

271 3277 341 3318 cui
361 3282 639 3327 constitutum
665 3295 746 3340 est,
781 3308 795 3331 ¹,
826 3292 867 3335 id
891 3301 957 3339 est
986 3300 1218 3352 ppomissio
1250 3302 1381 3355 sacta,
1411 3320 1424 3346 ι
1454 3307 1507 3351 de
1532 3285 1567 3334 ῃ
1590 3277 1705 3320 cium
1731 3282 1844 3324 enim
1864 3283 2065 3328 cisternae
2092 3286 2192 3330 nive
2214 3287 2460 3334 damnatum
2485 3299 2594 3342 erat,
2618 3270 2850 3355 rugiebam!
2900 3277 2924 3359 11

270 3347 445 3394 Christo
484 3353 556 3398 Dei
586 3358 717 3404 Jacob
746 3364 813 3419 (11
844 3366 939 3423 Req.
976 3373 1120 3428 xxm).
1149 3373 1355 3421 llebraeus
1380 3379 1508 3424 habet

270 3417 328 3462 ita
353 3436 364 3464 z
394 3436 409 3462 ι
439 3423 552 3470 n1xtt
574 3429 641 3471 vir
664 3433 828 3479 levatus
845 3451 974 3494 super
989 3441 1207 3491 Christum
1226 3445 1298 3491 Dei
1324 3448 1501 3503 Jacob„

270 3488 312 3531 id
337 3498 403 3535 est
434 3494 633 3545 Christus
664 3515 793 3561 super
824 3510 930 3556 alios
971 3516 1185 3563 exaltatus
1219 3527 1262 3568 et
1296 3529 1453 3567 unctus
1482 3537 1505 3567 a

270 3559 372 3606 Deo.
404 3564 586 3623 Propter
618 3573 707 3619 haec
731 3581 857 3626 verba
881 3585 1053 3639 quidam
1079 3589 1227 3635 dicunt
1251 3594 1503 3648 praedictum

267 3634 486 3684 psalmum.
513 3643 749 3691 novissime
781 3653 989 3708 scriptum
1024 3671 1047 3702 a
1082 3660 1232 3708 David.
1254 3663 1338 3709 Sed
1368 3670 1503 3713 tutius

266 3707 331 3742 cst
365 3710 407 3745 ut
441 3707 651 3765 dicamus,
687 3734 701 3758 ι
730 3724 964 3770 novissima
994 3732 1122 3775 verba
1165 3735 1315 3791 David,
1358 3756 1373 3782 ι
1407 3755 1503 3797 quae

268 3783 506 3828 sequuntur
541 3797 551 3826 :
596 3801 609 3825 ι
656 3788 843 3844 Spiritus
887 3797 1057 3846 Domini
1096 3806 1266 3857 loeutus
1311 3818 1377 3856 est
1423 3827 1500 3869 per

266 3854 351 3898 me,
383 3863 397 3888 ι
420 3857 502 3895 etc.
529 3854 579 3897 Et
601 3866 666 3903 est
692 3862 798 3908 forte
821 3872 1012 3923 psalmus
1039 3880 1272 3926 novissime
1292 3885 1497 3940 scriptus,

264 3925 344 3959 nec
362 3919 456 3964 aliis
479 3933 649 3973 centum
668 3935 974 3997 quinquaginta
997 3959 1318 4002 annumeratus.

434 4045 534 4091 Car.
560 4050 687 4100 xxu.
717 4059 943 4121 Cataloqus
967 4070 1138 4125 sortium
1165 4075 1317 4124 David.

319 4166 565 4217 Pori-ocirca
588 4188 727 4234 regent
769 4194 889 4229 erant
918 4201 1067 4238 omnes
1109 4196 1348 4252 fortissimi,
1387 4217 1495 4260 quo-

264 4249 357 4282 rum
377 4240 628 4299 insigniores
649 4250 821 4299 fuerunt
846 4260 1018 4314 triginta
1042 4279 1115 4311 sex
1141 4268 1211 4325 (1-1
1227 4271 1323 4329 Ray.
1347 4278 1488 4334 xxttt).

1589 3347 1723 3400 Quem
1743 3353 1921 3396 audiens
1939 3354 2136 3407 Banaias,
2179 3358 2281 3401 (lum
2322 3361 2404 3404 iter
2427 3370 2586 3417 ageret,
2606 3361 2848 3410 descendit*
2912 3364 2914 3367 ’

1587 3423 1639 3463 ad
1662 3433 1758 3464 eum
1784 3423 1825 3465 in
1843 3425 2011 3477 baculo,
2034 3430 2317 3486 manibusque
2339 3446 2434 3476 eum
2461 3439 2711 3490 prostravit.
2729 3435 2845 3482 Ter-¹
2901 3422 2924 3467 11

1586 3493 1692 3536 tium
1710 3495 1762 3538 de
1784 3495 2052 3551 fortioribus,
2081 3514 2161 3544 nec
2187 3504 2294 3547 liber
2317 3504 2494 3561 Regum,
2517 3520 2596 3551 nec
2615 3507 2829 3566 Iosephus
2901 3497 2910 3524 ¹

1585 3566 1706 3620 ponit
1742 3567 1827 3611 hic.
1870 3568 1955 3613 Sed
1990 3576 2299 3618 recurrendum
2329 3583 2395 3621 est
2430 3579 2483 3620 ad
2517 3577 2747 3633 sabochai,
2771 3581 2827 3627 de
2897 3555 2924 3600 111

1583 3650 1670 3691 quo
1694 3639 1736 3681 in
1763 3642 1963 3695 proximo
1985 3643 2149 3688 dictum
2174 3653 2256 3690 est.
2280 3647 2355 3692 lsti
2386 3656 2471 3694 tres
2501 3663 2611 3706 opus
2632 3650 2824 3703 fecerunt
2913 3646 2915 3666 ¹

1591 3709 1884 3764 magnificum,
1911 3716 2025 3770 quod
2045 3718 2255 3772 sequitur.
2283 3718 2490 3764 Philistaei
2509 3723 2724 3777 quondam
2742 3732 2838 3780 pta-'¹
2884 3699 2924 3747 11

1582 3785 1766 3827 suerunt
1788 3793 1934 3831 castra
1957 3789 2000 3832 in
2036 3791 2147 3834 valle
2167 3790 2396 3848 Raphaim,
2420 3805 2558 3851 usque
2581 3795 2633 3839 ad
2666 3796 2820 3840 civita-
2892 3783 2924 3822 '⁸¹

1582 3861 1663 3897 tem
1686 3855 1932 3903 Bethlehem
1952 3867 2020 3912 ;et
2042 3869 2135 3905 erat
2159 3866 2481 3922 penuria‘aquae
2499 3867 2541 3911 in
2561 3867 2816 3942 Jerusalem3
2892 3858 2924 3895 '¹¹¹

1582 3926 1713 3969 David
1733 3937 1875 3973 autem
1903 3934 2155 3978 ascenderat
2188 3937 2232 3979 in
2266 3950 2409 3982 arcem
2433 3940 2485 3983 ad
2506 3941 2834 3987 consulendum'
2891 3931 2924 3979 Ψ

1583 3998 1822 4052 Dominum,
1842 4009 2220 4052 eteotnmendabat
2239 4022 2384 4053 coram
2403 4012 2643 4057 astantibus
2661 4025 2834 4070 aquam»

1579 4070 1630 4113 ‹le
1664 4072 1928 4127 Bethlehem,
1953 4085 1995 4120 et
2022 4082 2238 4137 praecipue
2270 4096 2382 4135 eam,
2406 4096 2502 4141 quae
2531 4091 2624 4130 erat
2655 4087 2699 4129 in
2734 4098 2813 4143 pn-

1577 4146 1666 4191 teo,
1685 4142 1807 4196 Juxta
1834 4153 2018 4201 portam.
2047 4148 2171 4195 Tunc
2186 4153 2255 4196 isti
2281 4161 2369 4198 tres
2398 4168 2474 4211 per
2500 4157 2688 4200 medium
2710 4154 2826 4202 hos-'
2887 4137 2924 4221 111

1577 4213 1685 4255 tium
1704 4214 1787 4259 iter
1809 4216 2015 4264 facientes
2033 4224 2250 4267 venerunt
2267 4216 2326 4269 ad
2343 4225 2611 4276 Bethlehem.
2635 4235 2679 4272 et
2697 4227 2828 4272 hau-²
2879 4223 2924 4295 ΙΨ

1577 4284 1737 4331 rientes
1764 4300 1935 4345 aquam,
1961 4291 2110 4338 denuo
2127 4294 2179 4338 ad
2204 4308 2344 4354 regem
2376 4311 2454 4354 per
2487 4310 2635 4361 eorum
2663 4305 2775 4346 caet-2·
2821 4302 2823 4305 ’
2874 4288 2924 4332 ’1111
