2924 4588
346 133 452 177 lam

1347 128 1507 174 Pmlu
1539 124 1888 172 coatES‘roms

2912 0 2924 60 l

2785 66 2924 231 isis}

308 257 325 280 .
342 229 734 310 iitemortamftiam
755 227 883 281 hujus
901 223 1158 269 venditionis
1174 233 1251 277 per
1265 227 1401 265 totum
1420 231 1581 264 annum
1604 223 1640 268 Α
1662 219 1776 262 enim
1793 223 1963 273 «septem
1984 218 2201 261 solemnes
2224 223 2344 267 sunt,
2381 218 2462 263 etsi
2487 230 2574 262 ιιοιι
2599 220 2707 263 adeo
2739 234 2764 263 ιι
2772 228 2787 262 t
2811 223 2900 278 pri·
2912 234 2924 262 ·.

341 303 382 343 in
411 301 588 354 jejuniis
608 299 973 372 poenitentialibus
998 296 1089 340 haec
1112 295 1218 339 feria
1246 294 1485 338 secundum
1515 289 1579 335 lo·

340 382 436 413 cum
463 372 590 413 habet
619 377 716 426 post
739 378 901 414 sextam
924 369 1091 422 seriam,
1132 370 1351 423 proprium
1387 365 1581 421 Exange-

340 443 461 489 lium,
505 449 546 482 et
572 454 620 496 pr
680 442 785 483 riam
813 441 1037 495 epistolam
1062 450 1174 493 saepe
1203 438 1346 487 habet,
1376 449 1474 480 cum
1498 437 1579 480 ite-

341 514 426 555 rari
449 510 599 555 debeat
622 454 840 555 &iminica
868 524 944 567 per
987 518 1119 553 totam
1149 510 1477 553 hebdomadam.
1522 508 1581 551 De

340 586 472 628 missa
498 586 611 627 enim
634 586 777 628 crucis
797 586 901 627 teria
926 589 1046 627 sexta
1067 584 1284 626 inventum
1310 587 1391 625 est.
1418 580 1579 623 Simili-

339 662 406 698 ter
428 656 559 699 missa
578 656 826 710 angelorum
854 654 959 697 seria
979 655 1185 697 secunda.

586 730 687 774 Car.
712 728 894 774 cmx.
930 729 989 771 De
1011 741 1126 770 coena
1147 727 1328 771 Domini.

399 818 412 843 ι
437 803 577 845 Prima
596 809 736 845 autem
752 801 819 844 die
844 813 1088 853 azymorum
1109 799 1279 855 (Maera.
1300 810 1417 850 xxv13
1439 797 1572 842 Marc.

338 890 417 919 xm
442 892 451 924 ².
473 876 574 917 Luc.
600 874 726 929 xxii),
760 890 774 915 ι
802 875 845 916 id
882 878 948 917 cst
972 885 1021 915 ea
1056 872 1140 920 dic,
1180 873 1222 929 iu
1251 872 1376 927 cujus
1398 882 1577 927 vespera

339 962 474 1003 agnus
498 955 590 993 erat
612 948 913 996 immolandus.
954 952 997 990 et
1031 946 1223 990 edendus
1264 958 1361 988 cum
1396 945 1573 1001 azymis,

345 1037 357 1060 ι
390 1022 590 1064 dixerunt
630 1020 828 1075 discipuli
867 1020 919 1062 ad
963 1018 1108 1062 lesum
1133 1035 1144 1062 :
1169 1018 1248 1061 Ubi
1281 1020 1346 1061 vis
1369 1027 1574 1073 paremus

338 1091 412 1133 tibi
439 1092 662 1136 comedere
684 1091 877 1134 Pascha?
900 1090 949 1133 Et
983 1091 1203 1145 respondit
1230 1102 1239 1130 :
1261 1089 1324 1133 lte
1358 1091 1402 1133 in
1426 1090 1576 1133 civita-

336 1175 437 1217 tem,
464 1173 506 1210 ct
537 1171 734 1208 occurret
758 1165 880 1206 vobis
906 1166 1032 1208 homo
1055 1163 1304 1219 amphoram
1328 1175 1449 1218 aquae
1471 1175 1574 1219 por·

335 1247 449 1284 tans.
492 1241 758 1296 Quocunque
783 1237 1011 1287 introierit,
1046 1239 1223 1293 quaerite
1245 1249 1268 1280 a
1293 1238 1468 1281 domino
1496 1239 1576 1282 (io-

1660 303 1757 334 mus
1792 296 1834 333 et
1860 289 2062 333 ultimus
2101 288 2163 333 Au
2202 289 2519 335 comedendum
2542 303 2713 348 quoque
2734 305 2900 350 azyma.
2913 300 2924 346 i

1660 364 1888 418 oportebat
1918 375 1994 406 eos
2023 369 2186 417 septem
2213 363 2363 407 liebus
2398 364 2582 406 mundos
2624 377 2734 409 esse
2782 365 2924 413 Unde-¹·

1660 434 1852 490 quolibet
1866 435 2049 490 septimo
2062 435 2132 478 die
2149 447 2232 490 ιιοιι
2250 440 2446 489 poterant
2463 439 2623 481 intrare
2637 438 2900 490 praetorium.
2912 432 2924 482 ’ζ

1660 506 1784 559 Quod
1805 515 1944 550 autem
1972 507 2174 550 mulieres
2191 506 2394 550 dicuntur
2414 519 2591 562 parasse
2623 517 2838 566 unguenta
2856 512 2901 558 in
2919 538 2924 563 2

1659 577 1731 621 die
1755 577 1884 627 festo,
1920 577 2107 630 dicimus
2130 578 2229 633 quia
2263 587 2350 620 non
2372 583 2495 622 erant
2518 579 2610 626 dies
2638 581 2769 635 aliqui
2794 582 2915 627 sileo.

1660 650 1804 694 festivi
1827 657 1872 692 ut
1897 649 2149 700 Sabbatum,
2169 655 2211 693 et
2235 650 2354 693 licuit
2375 651 2439 694 eis
2467 663 2635 705 parare,
2659 654 2724 696 vel
2741 665 2899 710 emere,

1658 724 1772 766 sicut
1795 731 1837 765 et
1856 723 1992 771 cibos,
2033 722 2149 777 quod
2181 735 2267 765 non
2309 723 2686 768 liceretsahhato.
2725 724 2836 778 Quid
2863 711 2924 788 3ἰῖ

1628 797 1631 799 ’
1658 797 1797 839 multo
1820 801 2216 849 ante-paraverant,
2245 795 2346 850 quia
2386 795 2612 838 audierant
2655 808 2678 838 a
2719 789 2924 843 Domino}

1656 882 1771 924 ssepe
1792 879 1889 912 eum
1915 868 1957 911 in
1985 869 2183 923 proximo
2207 868 2480 911 moriturum.
2508 868 2657 912 Nonne
2682 870 2924 927 Magdalu&¹

1657 955 1711 984 ιιει
1735 942 1903 984 videtur
1925 940 2013 995 jam
2039 952 2232 995 pau-asse,v
2256 947 2299 983 ct
2325 953 2399 995 per
2418 941 2740 996 inspirationem
2760 942 2924 998 spiri-⁶.-

1657 1022 1725 1058 tus
1749 1015 1883 1058 sancti
1905 1025 2234 1069 praeoccupasse
2262 1013 2527 1062 unctionem.
2546 1013 2730 1066 Quidam
2755 1016 2924 1067 autem‘j

1655 1085 1807 1128 dicunt
1830 1086 1949 1140 quod
1981 1084 2272 1128 tertiadecima
2311 1085 2430 1134 luna.
2462 1093 2613 1140 quauta
2647 1087 2814 1131 scilicet
2841 1079 2924 1132 ·'e.--i

1654 1163 1718 1205 ria
1739 1161 1924 1206 coenavit
1943 1158 2151 1202 Dominus
2174 1168 2271 1200 cum
2288 1159 2530 1214 discipulis,
2567 1166 2611 1203 ct
2643 1159 2744 1205 lavit
2767 1162 2898 1216 pean
2922 1191 2924 1194 -

1653 1238 1821 1278 eoi'.um
1848 1230 1971 1283 Quod
1994 1235 2145 1273 narrat
2165 1229 2285 1274 solus
2301 1230 2364 1274 Jo:
2365 1244 2504 1280 mnes,
2526 1238 2568 1275 et
2584 1232 2628 1276 in
2653 1238 2806 1288 quarta
2825 1234 2924 1281 dev

335 1327 431 1358 mus
458 1314 598 1357 locum
630 1312 683 1355 ad
703 1311 1048 1367 praeparandum.
1069 1316 1112 1354 et
1136 1310 1332 1354 ostendet
1353 1312 1474 1355 vobis
1486 1323 1574 1355 coe-
1599 1295 1633 1338 Β
1655 1309 1767 1350 eima
1786 1305 1974 1350 comedit
1997 1316 2154 1360 agnum
2172 1305 2434 1359 paschalem,
2459 1311 2502 1349 ct
2534 1307 2651 1350 dedit
2674 1308 2712 1350 d
2719 1309 2898 1362 scipulis

334 1387 536 1430 naculum
559 1385 737 1441 grande,
773 1391 815 1428 et
844 1384 903 1427 ibi
934 1391 1098 1439 parate.
1128 1399 1143 1426 ›
1167 1382 1212 1426 ln
1227 1384 1436 1439 superiori
1456 1390 1575 1438 parte

334 1461 487 1503 domus
513 1458 723 1502 faciebant
742 1457 957 1501 Palaestini
976 1457 1407 1507 coenacula‚inserius
1430 1463 1572 1501 autem

332 1533 549 1577 cubicula.
579 1531 700 1584 Quod
740 1529 909 1574 Marcus
933 1530 1039 1573 dicit
1063 1530 1274 1585 lagenam,
1316 1529 1455 1574 Lucas
1488 1542 1575 1572 am-

330 1608 527 1662 phoram,
550 1617 661 1648 uuus
682 1603 893 1659 expressit
913 1615 1048 1659 genus
1066 1603 1197 1651 vasis.
1241 1603 1350 1646 aiter
1378 1602 1569 1646 modum.

331 1679 440 1723 Ante
456 1678 567 1722 diem
592 1689 694 1732 ergo
720 1676 875 1719 festum
893 1675 1068 1718 Paschae
1093 1687 1270 1730 vespere
1295 1674 1421 1724 sacto,
1456 1676 1573 1718 venit

328 1751 457 1795 Jesus
480 1757 521 1793 ct
539 1749 759 1793 discubuit
777 1761 874 1791 cum
893 1749 1118 1792 duodecim
1145 1747 1370 1803 discipulis
1387 1749 1495 1792 suis.
1521 1749 1572 1791 Et

330 1824 390 1867 ait
414 1838 422 1866 :
450 1837 464 1863 ‹
498 1819 720 1864 Desiderio
743 1819 984 1863 desideravi
1021 1819 1101 1862 hoc
1123 1818 1288 1863 Pascha
1310 1820 1574 1864 manducare

328 1895 572 1944 vobiscum,
612 1898 841 1947 antequam
866 1891 1020 1947 patiar.
1056 1906 1071 1934 ι
1107 1890 1242 1934 Verba
1268 1889 1454 1935 'loannis
1493 1892 1575 1935 mi-

331 1968 624 2010 nistraverunt
644 1963 802 2007 Graecis
822 1962 1011 2006 fomitem
1030 1962 1206 2007 erroris.
1227 1961 1378 2005 Dicunt
1393 1963 1509 2007 enim
1528 1963 1571 2007 in

328 2049 559 2094 parasceve
582 2037 725 2080 lunam
751 2035 885 2078 fuisse
908 2032 1358 2089 quartamdecimam,ss
1374 2042 1415 2078 et
1440 2034 1499 2077 ita
1528 2034 1571 2076 in

329 2118 505 2164 vespera
533 2108 670 2163 ipsius
685 2106 761 2148 suit
786 2105 970 2149 Pascha.
985 2103 1191 2148 Dominus
1206 2112 1344 2146 autem
1361 2105 1503 2148 sciens
1525 2118 1572 2148 se

288 2166 291 2169 ⁵
329 2191 559 2238 passurum
575 2191 622 2222 ea
638 2179 705 2221 die
740 2179 781 2220 in
815 2190 992 2232 vespere
1019 2176 1287 2219 antecedenti
1321 2177 1572 2231 anticipavit

329 2253 554 2299 comedere
566 2253 746 2295 Pascha.
762 2252 811 2293 Et
822 2254 921 2307 quia
931 2264 980 2295 ea
991 2257 1116 2295 nocte
1128 2250 1242 2295 licite
1251 2253 1388 2307 potuit
1403 2252 1570 2294 couiedi

329 2328 647 2378 temeritatum,
672 2327 725 2369 de
758 2326 1012 2368 sermentato
1034 2325 1268 2367 conficiunt
1294 2335 1456 2380 corpus
1487 2324 1571 2366 Do·
1591 2360 1626 2406 C

328 2400 452 2444 mini.
492 2398 614 2452 Quod
651 2400 688 2441 si
727 2410 874 2441 verum
897 2403 981 2447 est,
1006 2396 1215 2441 credibile
1247 2403 1315 2440 est
1340 2395 1569 2439 Dominum

327 2472 567 2517 comedisse
608 2483 779 2527 agnum,
807 2476 852 2513 ut
878 2476 1136 2526 praeceptum
1173 2476 1268 2514 erat
1310 2468 1357 2512 in>
1382 2471 1488 2526 lege,
1529 2476 1570 2513 ct

328 2557 475 2603 azyma
495 2545 748 2588 comedisse.
773 2532 828 2585 Εἰ
847 2544 926 2594 sic,
951 2544 1119 2587 etiamsi
1160 2550 1328 2587 constet
1370 2544 1483 2599 quod
1504 2544 1568 2585 di-

328 2624 447 2670 cunt,
480 2622 625 2660 errant
651 2617 943 2660 consecrando
982 2616 1301 2661 fermentatum.
1345 2616 1467 2668 Quod
1493 2629 1570 2659 au·-

327 2699 413 2734 t-em
451 2690 658 2734 Dominus
694 2691 895 2746 praevenit
915 2688 1096 2740 Pascha,
1121 2691 1328 2747 probatur
1347 2703 1400 2734 ex
1424 2689 1568 2733 verbis

327 2763 402 2806 Joa
413 2763 507 2806 nnis
535 2795 546 2814 ,
585 2763 656 2818 qui
701 2763 807 2804 dicit
843 2761 1077 2806 Dominum*
1125 2762 1412 2806 manducasse
1470 2766 1569 2807 ante

329 2837 439 2880 diem
462 2836 617 2880 festum
635 2835 809 2879 Paschae
832 2833 974 2892 (Joan.
998 2834 1112 2891 xm),
1131 2839 1174 2879 et
1193 2835 1235 2878 in
1252 2847 1482 2891 parasceve
1499 2835 1570 2878 Ju-

328 2910 442 2953 daeos
460 2922 546 2952 non
569 2910 756 2952 intrasse
782 2909 1044 2964 praetorium,
1073 2921 1127 2952 ne
1150 2911 1567 2960 contaminarentur,

327 2981 402 3026 sed
441 2982 711 3025 comederent
752 2981 927 3036 pascha.
972 2979 1026 3024 Et
1058 2978 1186 3024 etiam
1212 2980 1459 3025 sacerdotes
1487 2982 1568 3024 hoe:

327 3058 647 3111 disposuerant,
672 3066 727 3098 ne
751 3055 1000 3098 occiderent
1024 3067 1122 3098 eum
1147 3054 1188 3096 in
1206 3054 1276 3098 die
1299 3053 1421 3104 sesto,
1439 3055 1478 3097 id
1501 3059 1567 3098 est

326 3130 466 3184 primo
488 3128 557 3170 die
582 3138 847 3182 azymorum.
868 3125 1004 3168 Etiam
1023 3125 1300 3188 Evangelio-m
1318 3132 1441 3169 vocat
1460 3124 1568 3168 Sab-

327 3203 472 3243 batum
496 3206 592 3255 post
608 3211 780 3242 crucem
805 3198 988 3250 Domini,
1008 3211 1210 3254 magnum
1230 3199 1343 3242 diem
1370 3197 1563 3250 Sabbati,

326 3273 439 3328 quod
465 3283 548 3315 non
578 3273 684 3316 solet
714 3272 815 3321 dici,
841 3271 924 3314 nisi
947 3284 1045 3314 cum
1074 3270 1227 3315 festum
1254 3269 1440 3314 Sabbato
1461 3282 1566 3314 con·

324 3351 487 3399 currat,
509 3351 551 3390 et
578 3345 635 3389 ita
651 3346 694 3388 in
719 3344 906 3387 Sabbato
925 3344 1003 3387 suit
1023 3344 1161 3400 prima
1186 3345 1278 3389 dies
1295 3357 1563 3401 azymorum.

1651 1392 1811 1435 corpus
1836 1390 1977 1432 suum,
1999 1379 2051 1421 de
2080 1390 2165 1434 quo
2189 1378 2262 1421 aiii
2286 1386 2435 1433 agunt.
2459 1378 2542 1423 Sed
2568 1390 2674 1423 usus
2695 1381 2901 1427 Ecctesiae

1652 1453 1901 1497 contrarius
1937 1454 2021 1504 est,
2058 1461 2153 1509 quae
2175 1459 2274 1496 ante
2295 1455 2700 1509 paraseeve—pedes·
2733 1467 2896 1510 paupe,
2919 1458 2921 1462 ⁴

1651 1539 1747 1571 rum
1771 1528 1902 1571 lavat.
1930 1525 2066 1570 Etiam
2092 1528 2128 1572 si
2153 1527 2344 1570 tabulam
2369 1528 2558 1583 computi
2593 1519 2924 1583 diligentins-³

1651 1608 1718 1645 tro
1736 1612 2058 1658 percurramus,
2096 1601 2363 1644 inveniemus
2395 1602 2540 1644 lunam
2580 1609 2668 1645 xxti
2696 1600 2924 1656 ustensitia

1653 1673 1813 1731 Aprilis
1841 1672 1948 1718 seria
1973 1680 2113 1725 sexta,
2149 1687 2252 1731 ergo
2276 1674 2611 1731 invpraece'denti·
2629 1682 2749 1720 sexta
2790 1660 2924 1722 senis·

1653 1742 1739 1791 suit
1755 1747 1858 1789 luna
1896 1745 2236 1802 quintadecima.
2260 1747 2312 1790 Et
2335 1753 2437 1791 nota
2463 1748 2577 1804 quod
2601 1760 2813 1806 nusquam
2837 1753 2924 1809 ion}

1651 1823 1765 1880 gitur
1797 1820 2027 1864 Dominum
2069 1820 2310 1865 comediSse
2340 1833 2510 1873 carnes.
2557 1823 2641 1867 nisi
2685 1824 2784 1880 agni
2820 1810 2924 1880 ,ia—J

1651 1897 1829 1942 senatis.
2206 1910 2209 1913 ’
2918 1932 2924 1939 .

1706 1967 1894 2009 'Additio
1922 1967 1957 2011 i.
1990 1967 2096 2011 Cum
2130 1969 2172 2011 in
2206 1970 2386 2014 veritate
2407 1969 2537 2014 suerit
2557 1960 2924 2025 quintadecima-..³

1650 2039 1732 2092 Qut
1738 2053 1855 2096 nque
1882 2046 2023 2085 autem
2046 2043 2165 2096 ponit
2186 2045 2376 2087 rationes
2401 2045 2619 2100 opinionis
2641 2056 2809 2090 eorum.

1708 2114 1918 2157 “Addicto
1940 2115 1981 2157 2.
2016 2115 2079 2158 Ab
2108 2115 2189 2159 hoc
2217 2116 2312 2159 loco
2343 2119 2461 2172 ponit
2490 2118 2680 2161 rationes
2714 2130 2894 2163 eorum·
2879 2100 2924 2190 ”l

1650 2184 1839 2228 Primam
1881 2185 1980 2229 inde
2015 2192 2208 2237 sumunt,
2245 2188 2358 2242 quod
2377 2187 2563 2232 Joannes
2584 2188 2713 2240 dicit;
2739 2163 2924 2251 secun-³}

1652 2259 1871 2302 daminde
1893 2265 2086 2310 sumunt,
2113 2259 2227 2315 quod
2257 2260 2362 2303 dicit
2403 2259 2573 2314 L·=cas;
2599 2263 2767 2304 tertiam
2792 2256 2924 2312 inde-³¹

1653 2338 1847 2382 sumunt,
1889 2332 2005 2387 quod
2039 2333 2187 2387 dicunt
2227 2333 2324 2386 alii;
2356 2340 2551 2389 quautam
2577 2335 2676 2378 inde
2696 2341 2892 2386 sumunt,

1651 2404 1751 2459 quia
1774 2403 2051 2459 Evangelium
2081 2410 2204 2447 vocat
2223 2368 2458 2448 Sabbatum
2476 2412 2572 2460 post
2591 2417 2780 2458 crucem,
2803 2362 2924 2463 ma·i

1651 2488 1781 2531 gnum
1805 2475 2066 2529 Sabbatum;
2100 2477 2294 2531 quintam
2318 2477 2417 2521 inde
2436 2490 2530 2521 sun.
2539 2484 2629 2528 unt,
2658 2478 2773 2534 quod
2797 2491 2894 2522 mu·
2880 2438 2924 2546 ·{

1649 2549 1807 2592 lieres'
1797 2561 1841 2591 ιιι
1865 2560 2098 2604 parasceve
2123 2555 2382 2605 paraverunt
2403 2555 2637 2604 unguenta.
2911 2555 2924 2610 ι·

1649 2640 1750 2685 Cn).
1787 2638 1872 2685 CL.
1919 2640 2040 2692 Quod
2068 2653 2237 2695 ειιι9εηε
2268 2653 2294 2684 α
2330 2653 2443 2683 coena
2477 2639 2577 2683 lavit
2610 2639 2731 2696 pedes
2766 2611 2924 2697 αἰδοῖ-Ξ

2163 2697 2365 2750 palorum
2909 2687 2924 2745 ji

1708 2783 1724 2810 ‹
1751 2768 1942 2826 Surgcns
1961 2775 2103 2812 autem
2126 2767 2253 2812 Jesus
2272 2780 2296 2811 a
2321 2781 2460 2820 coena,
2483 2768 2585 2813 tavit
2609 2769 2738 2825 pedes
2758 2768 2891 2813 disci-

1648 2842 1849 2896 pulorum
1890 2839 2036 2895 (lomi.
2072 2840 2187 2895 xm).
2215 2855 2234 2882 ι
2275 2841 2334 2884 Ex
2371 2853 2422 2885 eo
2450 2848 2590 2885 autem
2616 2842 2728 2896 quod
2751 2841 2886 2885 dixit.

1653 2931 1667 2956 ι
1687 2914 1769 2967 Qui
1790 2915 1903 2958 lotus
1932 2921 2016 2965 est,
2048 2929 2064 2956 ι
2092 2914 2283 2959 scthcet
2274 2926 2318 2958 m
2338 2913 2567 2969 baptismo.
2586 2929 2600 2956 ι
2621 2928 2708 2959 ιιοιι
2729 2915 2890 2971 indiget

1648 2989 1730 3031 nisi
1757 2994 1803 3030 ut
1827 2987 1958 3043 pedes
1987 2987 2140 3039 κινεῖς
2169 2998 2247 3030 vos
2286 2992 2427 3029 autem
2469 2987 2618 3030 mundi
2642 2987 2766 3038 estis,
2812 2987 2923 3031 sed·

1647 3072 1732 3103 nun
1757 3070 1925 3111 omnes,
1955 3073 1970 3100 ›
1997 3059 2278 3114 perpenditur
2306 3071 2329 3100 a
2350 3058 2622 3114 quibusdam,
2647 3059 2762 3115 quod
2784 3071 2921 3115 apo·⁴

1648 3133 1748 3176 stoli
1764 3133 1970 3188 baptizati
1988 3138 2127 3176 erant.
2151 3131 2203 3174 Et
2221 3142 2318 3175 cum
2345 3132 2614 3176 recubuisset
2635 3131 2789 3175 iterum
2809 3130 2888 3174 do-

1645 3215 1714 3247 cu·.
1706 3204 1736 3245 t
1763 3215 1840 3246 eos
1862 3214 1998 3258 quare
2021 3203 2102 3246 hoc
2126 3200 2387 3247 fecerat.1n
2423 3202 2684 3257 exemplum.
2721 3173 2921 3275 scilicet{

1645 3281 1796 3318 mutuo
1819 3274 1900 3318 sibi
1930 3274 2160 3324 serviendi,
2183 3280 2225 3317 et
2245 3274 2287 3317 in
2308 3279 2452 3330 typum
2476 3279 2626 3317 mutuo
2643 3272 2886 3320 dimit·endi
2909 3277 2921 3354 i

1646 3347 1846 3403 injurias.
1873 3353 1916 3391 et
1934 3353 2084 3391 mutuo
2108 3347 2391 3391 subveniendi
2414 3346 2694 3401 peccantibus
2719 3347 2884 3392 orando

2911 2879 2924 3007 i

2911 3029 2921 3054 l

2906 3088 2921 3146 ε

326 3419 452 3462 Medii
473 3419 585 3463 enim
612 3417 704 3462 dies
725 3418 834 3460 inter
852 3417 1035 3472 primum
1059 3424 1100 3460 et
1123 3418 1319 3460 ultimum
1339 3430 1423 3460 non
1444 3423 1565 3459 erant
1589 3415 1625 3459 D
1646 3431 1726 3475 pro
1744 3420 1826 3465 eis.
1853 3418 1973 3465 Unde
1994 3426 2036 3464 et
2061 3419 2266 3463 Dominus
2286 3419 2501 3464 subdidit.
2522 3434 2537 3461 ι
2566 3418 2684 3464 Beati
2703 3420 2825 3464 eiitis
2844 3419 2882 3465 si

325 3491 484 3535 festivi.
519 3489 657 3532 Etiam
697 3490 899 3532 mulieres
948 3490 992 3533 in
1040 3501 1272 3544 parasceve
1305 3494 1565 3543 paraverunt

327 3569 563 3618 unguenta,
587 3562 702 3618 quod
732 3573 818 3605 non
841 3561 991 3606 liceret
1035 3561 1072 3605 si
1111 3567 1226 3606 essct
1264 3563 1432 3618 primus
1471 3560 1564 3606 dies

325 3647 590 3691 azymorum.
613 3635 676 3678 Ad
694 3635 775 3678 hac
797 3634 882 3677 dici
906 3639 1062 3690 potest,
1085 3635 1186 3689 quia
1210 3634 1302 3678 dies
1324 3634 1460 3678 festus
1483 3633 1563 3677 Pa-

325 3707 439 3748 schae
455 3711 544 3748 crat
568 3705 884 3761 quintadecima
910 3706 1010 3748 luna
1029 3705 1262 3751 secundum
1294 3705 1397 3748 illud
1428 3720 1439 3750 ε
1468 3721 1482 3746 ι
1513 3704 1564 3748 Et

326 3776 368 3818 in
390 3776 705 3831 quintadecima
726 3776 1037 3819 solemnitatem
1062 3775 1335 3820 celebrabitis
1353 3776 1564 3820 altissimo

326 3846 521 3890 Domino.
549 3864 563 3888 ι
591 3846 700 3890 Ante
732 3848 845 3891 hunc
885 3847 994 3891 diem
1027 3861 1129 3904 ergo
1161 3849 1396 3892 secundum
1428 3851 1561 3904 legem

325 3918 534 3962 Dominus¹
577 3919 675 3961 lecit
711 3919 890 3960 Pascha.
930 3918 1064 3961 Etiam
1089 3920 1228 3964 Lucas
1261 3922 1366 3964 dicit
1393 3922 1562 3966 venisse

326 3991 438 4033 diem
461 4002 705 4047 azymorum
727 3992 771 4032 in
797 4002 881 4043 quo
902 4002 1076 4034 necesse
1095 3999 1187 4034 erat
1209 3992 1349 4035 occidi
1379 3992 1559 4039 Pascha.

318 4060 508 4122 ‘Necesse
535 4063 674 4103 autem
695 4062 786 4103 erat
810 4075 859 4104 ex
881 4061 986 4114 lege,
1009 4065 1108 4104 iuna
1132 4063 1451 4118 quantadecima
1473 4065 1561 4120 pn·

326 4134 583 4178 thianensis,
608 4133 671 4174 vei
698 4132 890 4175 secundi.
933 4129 1089 4175 Casum
1115 4145 1255 4178 autem
1288 4135 1488 4190 aliquem,
1517 4138 1558 4178 in

326 4215 412 4260 quo
447 4217 622 4247 necesse
646 4211 760 4248 essct
799 4206 1031 4260 praevenire
1066 4207 1210 4250 lunam
1246 4202 1562 4264 quartamdeci-

326 4289 456 4327 mam,
497 4291 581 4319 non
613 4278 808 4332 legimus.
850 4279 965 4321 Diem
996 4292 1097 4322 vero
1122 4293 1320 4336 magnum
1350 4277 1560 4326 sabbati-‘⁶

326 4350 536 4392 vocabunt
580 4352 621 4391 iu
667 4350 802 4393 tribus
846 4344 1153 4396 festivitatibus
1179 4352 1560 4398 hebdomadalibus

326 4432 580 4477 quocunque
618 4422 686 4465 dic
723 4429 884 4477 septem
929 4423 1094 4467 dicrum
1124 4416 1359 4479 contingat.
1402 4427 1558 4469 Omnes

1627 4361 1726 4399 tur.
1754 4354 1953 4399 Secunda
1993 4361 2035 4399 et
2061 4363 2214 4411 qua-ria
2250 4366 2614 4411 repraesentantur
2648 4361 2691 4402 in
2725 4360 2871 4409 Eccle-
2907 4370 2916 4425 1ι·

1617 4425 1704 4469 sia
1728 4438 1825 4471 cum
1867 4426 2020 4474 altaria
2058 4426 2335 4471 mundantur.
2379 4427 2868 4475 Nam'csramuncuiis
2906 4440 2909 4449 ··

1646 3491 1835 3536 feceritis
1856 3502 1927 3536 ea.
1957 3507 1972 3534 ι
1999 3492 2103 3546 Quae.
2130 3492 2183 3536 de
2219 3492 2310 3538 sola
2347 3492 2566 3537 ablutione
2607 3494 2762 3548 pedum
2793 3505 2883 3539 ιιοιι

1644 3564 1842 3610 dixisset.

1701 3636 2092 3680 Additiol.Nota
2133 3643 2318 3694 quatuor
2362 3637 2656 3694 depositiones
2693 3639 2918 3708 restiumgy

1642 3708 1823 3752 Christi.
1850 3708 1895 3752 ln
1918 3720 2042 3752 coena
2066 3710 2264 3765 deposuit
2281 3722 2370 3760 eas,
2400 3717 2442 3754 et
2458 3712 2708 3767 resumpsit:
2729 3711 2784 3755 ad
2802 3723 2880 3757 co-
2902 3731 2904 3734 ’

1644 3783 1833 3826 lumnam
1854 3782 2040 3826 nudatus
2067 3788 2148 3834 est,
2174 3790 2215 3826 et
2235 3783 2479 3827 reindutus.
2502 3782 2546 3826 ln
2574 3785 2774 3829 illusione
2794 3785 2901 3842 nii-l

1643 3855 1764 3897 litum
1783 3855 1970 3897 nudatus
2013 3860 2054 3898 et
2076 3855 2272 3899 vestituS.
2292 3855 2400 3898 Nam
2427 3858 2480 3899 ab
2498 3854 2678 3900 Haerode
2698 3869 2787 3900 non
2817 3856 2903 3902 lta-i

1642 3926 1758 3981 gitur
1781 3926 1983 3969 nudatus.
2006 3926 2070 3969 Ad
2095 3939 2269 3970 crucem
2298 3928 2501 3978 nudatus,
2527 3941 2607 3972 nec
2630 3921 2874 3976 reindutus.

1641 3997 1784 4040 Prima
1808 3999 1990 4054 pertinet
2015 3998 2068 4041 ad
2094 4001 2328 4054 apostolos,
2359 4013 2468 4055 quos
2492 4002 2534 4044 in
2553 4002 2671 4046 brevi
2707 4016 2876 4046 resum·
2912 3997 2924 4049 [³

1642 4071 1751 4124 psit;
1777 4071 1965 4113 secunda
1987 4071 2039 4113 ad
2072 4071 2184 4124 illos,
2205 4073 2278 4127 qui
2300 4074 2503 4127 resumpti
2529 4075 2692 4118 suntin
2721 4074 2874 4118 Peme-
2905 4112 2914 4144 ⁴

1641 4145 1775 4189 coste,
1797 4150 1837 4183 et
1856 4142 2060 4197 paulatim
2094 4148 2398 4196 resumuntur;
2426 4146 2551 4188 tertia
2574 4145 2628 4188 ad
2651 4145 2870 4200 reliquias,
2906 4152 2915 4206 ζ,

1639 4223 1734 4266 quae
1756 4206 2028 4255 resumentur
2044 4212 2088 4255 in
2113 4213 2222 4266 iine;
2245 4221 2397 4269 quarta
2419 4214 2470 4258 ad
2503 4228 2746 4270 perversam
2781 4228 2874 4260 me-

1638 4283 1837 4326 dietatem
1862 4284 1996 4327 nosti-i
2029 4286 2263 4339 temporis,
2303 4298 2398 4341 quae
2435 4294 2652 4342 nunquam
2677 4299 2870 4336 resume-
