2924 4588
18 162 126 267 mr

22 357 139 444 φη
129 353 366 431 secundum
392 363 588 402 carnem,
609 349 687 394 sed
704 336 849 394 iidem.

1075 421 1260 466 &Judaei

42 509 74 544 ι
101 508 154 541 uc
169 495 212 538 in
237 451 412 539 sublimi
436 498 603 537 stantes
625 497 769 544 orant,
791 493 977 548 maiores
999 495 1159 550 primas
1184 509 1258 539 ca-

67 566 195 614 dras
227 565 388 621 habent
421 565 466 608 in
505 562 735 626 synagogis
770 575 935 608 eorum.
963 565 1152 611 Ecclesia
1185 568 1259 613 de-

0 658 54 828 Ι
42 638 199 700 iniit,
243 645 285 683 et
326 639 514 695 maiores
555 638 601 680 in
638 636 789 690 choro,
826 637 869 681 in
907 641 1258 694 processionibus

14 739 17 767 3³
51 715 271 767 ”teriorcs
301 711 425 757 fiunt.

133 785 235 831 Gar.
261 784 388 829 CXV.
419 783 659 829 Deduobm
682 784 802 828 coecis
824 783 1137 832 Ierichontinis.

29 852 87 891 “³²³¹
106 867 140 912 t,
156 857 402 915 egrediente
425 869 478 900 eo
503 854 691 909 tenebo,
719 863 865 901 secuta
903 864 969 903 cst
1001 872 1098 906 eum
1137 861 1259 905 turba

13 943 25 984 ι·
72 931 148 977 lta
179 929 331 989 (Marc.
360 927 421 982 x).
445 927 576 973 Pauci
605 928 720 971 enim
752 940 838 971 non
861 929 1074 974 audebant
1095 932 1258 988 ingredi

101 1008 228 1060 rtum
253 1005 429 1057 propter
460 991 665 1043 latrones.
691 998 744 1041 Et
766 1012 867 1044 ecce
889 999 977 1044 duo
1008 1002 1108 1046 caeci
1136 1003 1260 1047 sede-

66 1079 117 1117 t
143 1085 277 1119 secus
292 1075 423 1123 viam,
449 1083 502 1114 ex
535 1071 692 1127 quibus
722 1084 834 1114 unus
873 1070 1125 1117 Bartimaeus
1148 1080 1255 1125 erat,

85 1151 150 1199 est
166 1143 313 1187 Timaei
335 1142 464 1186 lilius.
491 1139 593 1194 Qui
598 1153 695 1184 cum
712 1142 979 1185 clamarent.
1002 1141 1081 1184 Fili
1107 1142 1255 1197 David,

61 1229 220 1262 serere
253 1217 405 1267 nostri,
431 1221 473 1259 et
499 1227 596 1259 eum
619 1215 948 1271 increparentur
964 1221 1025 1259 ut
1047 1223 1255 1269 tacerent,

48 1427 109 1478 i
128 1439 231 1478 sunt
249 1445 365 1478 eum.

79 1550 83 1556 ,
111 1502 115 1505 ’
215 1502 320 1549 Cu.
343 1502 490 1549 cxvi.
515 1503 577 1548 De
598 1503 814 1547 alabastro
839 1505 1052 1560 unquenti.

52 1587 194 1620 esus
215 1588 318 1633 ergo
340 1583 442 1622 ante
470 1589 544 1621 sex
571 1577 664 1621 dies
689 1575 866 1620 Pascha:
888 1578 1005 1621 venit
1035 1577 1077 1621 in
1099 1577 1257 1633 Betha-

133 1646 358 1703 ‚Sabbato
381 1650 546 1694 scilicet
569 1655 669 1694 ante
690 1647 851 1694 Ramos
872 1649 1043 1693 Palmat
1049 1664 1137 1701 um,
1164 1651 1258 1708 qua}

71 1727 244 1767 sexta
273 1727 366 1766 erat
394 1728 496 1767 ante
517 1722 700 1772 Pascha,
724 1722 761 1767 si
798 1735 1076 1766 numeremus
1097 1724 1254 1780 ipsum,

43 1751 200 1839 diem·
226 1793 403 1838 Paschae
431 1807 533 1839 cum
558 1800 759 1851 quatuor
782 1795 1065 1850 interpositis
1087 1802 1129 1840 ct
1167 1802 1257 1840 erat

8 1839 66 2115 ἑ
65 1852 208 1911 doinst
235 1863 424 1910 Simonis
459 1866 616 1922 leprosi
640 1865 808 1924 (Manli
835 1865 1254 1921 xxv13Ma2c.xn;

8 1759 26 1810 -,“.“·
8 1672 25 1746 '72¹‘
7 1382 38 1663 mmm-sq
10 1326 29 1379 ,ἲν
10 1197 22 1301 ύῑιο-ιιῖ-
10 1110 21 1164 -3
10 1035 19 1082 :x-
11 985 19 1012 u—

97 1937 141 1983 n.
164 1937 261 1996 ιιι).
287 1935 435 1982 Simon
461 1938 600 1983 luerat
624 1939 836 1995 leprosus,
861 1945 903 1982 et
932 1951 955 1981 a
986 1939 1060 1982 Do·
1065 1941 1163 1984 nino
1189 1953 1257 1984 sa·

74 2012 162 2061 tus,
186 2011 260 2055 scd
276 2018 424 2060 tamen
445 2010 586 2055 adhue
609 2011 841 2068 pristinum
865 2023 1019 2055 nomen
1044 2013 1255 2064 manebat,

29 2083 36 2092 ”
109 2084 192 2126 tet
213 2070 354 2129 adbuc
382 2083 542 2127 dicitur
568 2081 793 2127 Mattbaeus
816 2084 1084 2139 pubIIcanus.
1112 2085 1256 2129 Multi-

40 2150 102 2225 ’,ιο
131 2140 376 2201 Iudaeorum
405 2162 618 2200 venerunt
643 2157 761 2209 illuc,
788 2158 860 2212 qui
893 2165 1180 2200 convenerant
1206 2158 1257 2200 ad

151 2225 308 2271 festum
333 2239 417 2271 non
441 2234 617 2284 propter
637 2227 785 2273 Iesum
809 2236 991 2280 tantum,
1018 2231 1092 2274 sed
1118 2236 1162 2273 ut
1183 2230 1261 2274 La-

122 2308 163 2357 m
187 2297 441 2342 suscitatum
460 2299 668 2342 viderent.
689 2299 995 2356 cogitaverunt
1014 2314 1116 2359 ergo
1141 2304 1260 2358 prin-

24 2359 83 2433 ’ξι
97 2371 439 2425 ssacerdotum3
464 2379 511 2414 ιιι
541 2371 751 2437 Lazarum
789 2374 1094 2421 interficerent.
1130 2375 1258 2420 Fcce
1281 2405 1313 2450 C

25 2437 120 2544 {nt
155 2447 300 2490 autent
331 2445 370 2489 ei
402 2456 587 2495 coenam,
622 2454 665 2491 et
701 2446 864 2491 Martha
901 2461 958 2491 m·
946 2449 1185 2501 'nistrabat,
1219 2457 1260 2494 et

95 2530 206 2564 arus
229 2531 343 2564 unus
359 2524 452 2564 erat
470 2519 850 2568 discumbentium.
877 2520 975 2574 Qui,
1013 2529 1056 2564 nt
1087 2524 1146 2566 ait
1174 2523 1260 2565 Au-

40 2564 214 2644 {atinus
236 2589 289 2634 de
309 2590 453 2634 verbis
475 2589 662 2641 Domini,
687 2591 881 2644 convivis
898 2593 1261 2649 interrogantibus

87 2672 111 2704 a
129 2660 373 2717 poenarum,
392 2668 435 2706 et
459 2662 582 2707 sedes
606 2662 781 2716 inferni,
808 2664 998 2721 diligenti
1016 2667 1261 2711 narratione

18 2747 19 2752 ¹
38 2778 48 2790 τ
65 2734 238 2783 dicavit.
259 2734 312 2778 Et
335 2735 395 2779 ita
417 2735 573 2780 inferni
597 2736 738 2793 longis
770 2739 1034 2794 :emporibus
1059 2740 1258 2795 ignorati,

78 2806 192 2852 dem
217 2808 470 2852 invenerunt
494 2808 775 2865 proditorem.
796 2809 929 2853 Maria
953 2823 1055 2866 ergo
1078 2811 1262 2855 habebat

46 2897 72 2916 ·
100 2877 281 2931 uastrdm
307 2881 515 2939 unguenti
544 2881 687 2935 nardi,
707 2883 750 2926 id
773 2888 838 2927 est
858 2882 1054 2939 pyxidem
1086 2883 1138 2927 de
1175 2884 1263 2926 ala-

0 2927 183 3021 fastra
193 2938 362 3010 plenam
398 2959 620 3011 unguento
653 2953 793 2998 nardi,
836 2953 954 2998 Sicut
988 2954 1100 2998 enim
1154 2953 1263 2998 dici-

20 3027 117 3090 Qus
130 3027 338 3084 scyphum
363 3027 472 3078 vini,
493 3027 700 3085 scyphum
712 3027 854 3081 lactis,
869 3033 910 3071 et
923 3026 1185 3082 hujusmodi
1201 3028 1264 3071 sic

19 3076 179 3161 dicitur
203 3098 307 3144 baec
314 3099 479 3144 habens
496 3100 759 3146 alabastrum
785 3099 1007 3155 unguenti.
1033 3099 1083 3143 Et
1105 3106 1170 3143 est
1193 3111 1265 3154 ge-

0 3181 2 3230 j
19 3175 105 3230 iius
127 3173 358 3217 marmoris
379 3172 570 3227 candidi,
592 3179 635 3217 et
661 3171 869 3230 perlucidi
894 3172 1028 3216 variis
1048 3171 1264 3218 coloribus

13 3244 273 3301 flitertincti,
297 3247 414 3302 quod
447 3246 696 3303 incorrupta
725 3252 866 3290 servat
899 3251 1132 3301 unguenta.
1155 3244 1262 3287 Nar-

23 3318 104 3378 Qus
128 3325 270 3363 autem
292 3325 359 3364 est
377 3317 519 3363 frutex
537 3318 788 3369 aromatica,
815 3329 961 3361 crassa
985 3316 1154 3369 radice;
1190 3315 1264 3359 sed

22 3382 159 3449 kevi,
179 3391 302 3446 nigra
322 3396 365 3434 et
388 3390 548 3447 fragili,
575 3389 812 3448 cypressini
842 3389 1003 3441 odoris,
1042 3387 1144 3430 solio
1164 3400 1262 3443 per·-

690 187 952 235 ms'toum
985 191 1542 239 SCllOLASTlCA.--1N
1571 196 1638 239 EV
1642 198 1887 246 lNGELiA.

22 279 101 354 ᾗς,
122 285 179 330 sit
215 280 400 326 Abrabae
423 279 583 333 factus,
603 295 619 322 ι
646 280 816 325 scilicet
838 294 925 325 nor.
950 289 1098 335 natus,
1125 282 1167 326 id
1191 290 1258 328 est
1280 287 1313 330 A
1338 287 1611 341 pauperibus,
1651 287 1726 333 liic
1761 290 1872 334 enim
1912 293 2039 348 pedes
2077 295 2259 349 Domini,
2297 300 2480 343 sedentis
2518 305 2557 346 in

2457 207 2560 256 ⁸598

1340 359 1464 411 coelo,
1491 358 1631 403 adhuc
1655 367 1755 404 sunt
1775 363 2068 409 ambulantes*
2058 381 2099 410 ιιι
2125 376 2250 412 terra
2275 370 2320 412 G·
2312 372 2405 425 ujus
2436 373 2561 429 largi

1338 431 1467 473 tionis
1491 432 1769 487 occupatione
1791 447 1839 477 ea
1863 435 1931 478 die
1952 450 2032 479 non
2059 441 2271 494 egreditur
2290 443 2339 483 ad
2379 442 2558 497 aliquam

1337 501 1578 554 ecclesiam,
1609 516 1705 546 cum
1730 507 1895 550 caeteris
1929 506 2077 551 diebus
2110 510 2449 568 Quadragesimae
2474 520 2561 556 sta·

1336 574 1496 617 tionem
1519 577 1552 593 ⁶·
1579 574 1706 619 faciat
1737 578 1790 620 ad
1823 578 2116 623 celebrandam
2144 584 2333 628 missam.
2366 586 2463 630 Inde
2497 594 2561 632 est

1337 647 1450 701 quod
1484 649 1528 691 in
1560 650 1749 706 antiquis
1779 650 2054 707 gradualibus
2087 655 2238 712 legitur
2283 660 2323 701 in
2358 657 2558 706 Robrica.

1339 718 1571 764 Sabbatum
1599 729 1736 775 vacat,
1757 724 1857 780 quia
1881 725 2081 770 dominns
2113 740 2218 784 papa
2253 730 2558 788 eleemosynam

1336 792 1424 836 dat.
1464 792 1515 837 Et
1550 796 1593 838 in
1634 794 1816 838 Romano
1854 798 2075 852 capitulari
2113 799 2451 856 Evattqelv‘orum,
2480 803 2556 846 ser.

1335 876 1396 914 vt,
1418 864 1547 909 datur·
1564 866 1861 920 fermentatum
1886 871 2143 914 consistorio
2164 872 2453 917 Lateranensi.
2476 873 2560 919 Nee

1336 942 1504 980 moveat
1530 944 1586 989 te,
1611 940 1645 983 si
1670 940 1726 983 ob
1743 941 1869 984 aliam
1892 954 2064 986 causam
2085 948 2296 988 inveneris
2320 947 2453 989 dictas
2480 948 2560 989 Do-

1336 1007 1517 1053 minicas
1539 1017 1759 1054 vacantes.
1795 1011 2096 1069 indignabatur
2121 1021 2258 1062 autem
2285 1014 2415 1059 Judas
2449 1016 2554 1059 lsca-

1335 1078 1484 1130 riotes,
1503 1080 1626 1135 quasi
1651 1080 1870 1136 deperdito
1899 1089 2130 1137 unguente,
2155 1096 2249 1127 cum
2275 1093 2414 1139 posset
2436 1086 2558 1128 vendi

1335 1151 1537 1195 trecentis
1560 1151 1764 1210 denariis.
1791 1160 1833 1196 ct
1854 1153 1946 1197 dari
1967 1155 2126 1211 egenis,
2150 1155 2279 1198 Erant
2310 1163 2350 1199 et
2389 1158 2458 1198 alii
2496 1158 2558 1201 in—

1334 1217 1462 1276 digne
1491 1207 1675 1265 serentes
1707 1228 1747 1265 et
1783 1224 2004 1268 dicentes:
2034 1238 2049 1264 ι
2080 1224 2234 1280 thuid
2259 1227 2436 1281 perditio
2475 1228 2561 1270 baec

58 1287 150 1348 'gis
169 1288 431 1334 clamabant.
450 1286 576 1331 Stetit
595 1285 742 1339 Jesus,
767 1294 808 1331 et
833 1286 918 1331 illis
942 1289 993 1331 ad
1020 1300 1067 1332 se
1092 1289 1257 1338 vocatis
1338 1293 1539 1348 unguenti
1562 1293 1673 1337 sacta
1696 1295 1786 1339 est?
1814 1311 1828 1336 ι
1856 1294 1929 1338 isti
1949 1296 2119 1351 quidem
2155 1305 2325 1353 propter
2357 1311 2561 1354 pauperes

46 1361 152 1420 git
181 1362 331 1406 oculos
367 1371 536 1413 eorum,
555 1365 599 1404 et
633 1359 862 1405 confestim
894 1360 1108 1416 viderunt,
1127 1366 1167 1405 et
1189 1373 1258 1406 se-
1281 1342 1315 1385 Β
1337 1363 1683 1420 indignabantur,
1709 1366 1866 1421 quibus
1888 1366 1997 1411 sorte
2015 1368 2155 1413 verbis
2172 1367 2289 1413 Judae
2313 1382 2558 1424 persuasum

1334 1440 1442 1478 erat.
1467 1434 1601 1481 Judas
1625 1449 1724 1480 vcro
1748 1444 1920 1494 propter
1943 1438 2125 1491 lucrum,
2145 1441 2242 1494 quia
2280 1441 2349 1484 sur
2383 1450 2489 1491 erat.
2518 1448 2562 1484 et

1334 1506 1499 1551 loculos
1523 1506 1688 1550 Domini
1723 1508 1899 1561 liabens,
1924 1522 2018 1565 quae
2051 1511 2322 1554 mittebantur
2351 1515 2558 1568 portabat,

1334 1577 1377 1621 id
1400 1583 1569 1623 estnon
1601 1581 1738 1624 solnm
1770 1580 1947 1634 serebat,
1972 1581 2046 1625 sed
2083 1584 2341 1638 asportabat.
2376 1583 2561 1626 ilabebat

1335 1650 1449 1694 enin»
1492 1664 1668 1695 uxorem
1705 1657 1746 1696 et
1780 1652 1907 1703 lilios,
1949 1655 2059 1698 sicut
2090 1656 2294 1710 scriptum
2316 1661 2381 1698 est
2403 1656 2455 1698 de
2477 1667 2558 1698 eo:

1341 1738 1355 1763 ‹
1383 1722 1506 1767 Fiant
1538 1724 1610 1767 lilii
1649 1725 1742 1780 eius
1779 1725 1974 1780 orphani,
2007 1731 2049 1768 et
2072 1738 2177 1768 uxor
2198 1726 2291 1780 ejus
2315 1725 2458 1776 vidua,
2476 1732 2544 1769 etc

1338 1797 1471 1853 (Psote
1499 1798 1635 1856 cvm).
1667 1815 1680 1839 ι
1706 1798 1835 1842 Uxori
1867 1811 1968 1855 ergo
1988 1804 2030 1842 et
2055 1799 2150 1843 liliis
2173 1799 2299 1841 dabat
2321 1811 2413 1854 quae
2448 1799 2559 1842 lura·

1334 1869 1476 1914 batur.¹
1503 1885 1517 1911 ι
1547 1869 1598 1914 Et
1630 1872 1688 1914 ait
1722 1870 1806 1915 illis
1828 1869 1979 1917 lesus:
2005 1869 2115 1921 Quid
2139 1870 2305 1914 molesti
2337 1871 2439 1914 estis
2463 1870 2560 1914 huic

1338 1941 1539 1989 mulieri?
1563 1941 1722 1985 Bonum
1746 1954 1853 1998 opus
1873 1946 2043 1996 operata
2084 1945 2149 1983 est
2186 1940 2227 1981 in
2261 1952 2343 1989 me,
2369 1940 2419 1982 ad
2443 1951 2558 1993 sepe·

1337 2004 1524 2058 liendum
1558 2027 1624 2057 me
1647 2013 1761 2057 fecit.
1792 2029 1806 2053 »
1833 2012 1963 2069 Quasi
1996 2013 2109 2055 dicat
2130 2025 2139 2051 :
2164 2011 2255 2054 Non
2279 2019 2341 2054 est
2364 2012 2558 2066 perditio.

1338 2085 1411 2128 sed
1432 2086 1614 2129 officium
1639 2085 1881 2141 sepulturae.
1902 2082 2088 2126 Ioannes
2113 2083 2198 2125 ait:
2221 2097 2234 2121 ι
2255 2081 2355 2124 Sine
2375 2082 2561 2127 illam.ut

1339 2161 1380 2202 in
1404 2159 1514 2202 diem
1538 2157 1765 2213 sepulturae
1789 2168 1890 2200 meae
1912 2161 2050 2199 servet
2071 2155 2194 2197 illud.
2222 2171 2235 2195 ι
2259 2154 2424 2196 Marcus
2441 2153 2560 2208 quasi

1340 2243 1559 2288 exponens
1588 2230 1669 2273 hoc
1706 2229 1759 2272 ait
1785 2244 1795 2271 z
1825 2243 1839 2269 ι
1869 2227 1988 2279 Quod
2032 2226 2193 2274 babuit,
2223 2241 2238 2266 ›
2267 2224 2309 2267 id
2348 2230 2412 2268 est
2450 2223 2560 2278 quod

1338 2302 1492 2359 potuit,
1536 2318 1549 2343 ‹
1579 2302 1660 2345 boc
1706 2301 1820 2350 sccii,
1855 2299 2058 2355 praevenit
2095 2297 2209 2340 enim
2228 2309 2385 2352 ungere
2407 2308 2562 2351 corpus

1338 2387 1479 2418 meum
1513 2373 1555 2416 in
1588 2372 1864 2428 sepulturam,
1894 2386 1907 2412 ι
1937 2370 2131 2421 subaudi,
2158 2368 2419 2423 ponendum3
2440 2366 2560 2422 quasi

1339 2447 1454 2490 dicat
1481 2461 1489 2489 :
1515 2443 1616 2487 Sine
1643 2451 1687 2485 ut
1715 2443 1841 2485 saciat
1879 2442 1990 2491 vivo,
2017 2440 2114 2482 dum
2140 2445 2291 2495 potest,
2311 2438 2423 2494 quod
2453 2438 2562 2480 volet

1341 2519 1480 2562 facere
1514 2524 1701 2567 mortuo,
1738 2515 1810 2558 sed
1844 2526 1928 2556 non
1953 2512 2121 2568 poterit.
2146 2511 2196 2553 Et
2220 2511 2327 2553 sorte
2354 2521 2375 2550 a
2402 2507 2562 2562 Spiritu

1341 2599 1506 2644 sancto,
1532 2592 1630 2636 licet
1651 2584 1863 2646 nesciens,
1889 2588 1950 2631 sic
1985 2584 2293 2641 praeoccupavit
2321 2582 2561 2624 unctionem

1341 2659 1574 2720 sepulturae
1618 2660 1786 2703 mulier.
1817 2672 1831 2698 ι
1855 2657 1974 2699 Tunc
2012 2655 2118 2697 dixit
2141 2653 2262 2697 Jesus
2288 2667 2298 2695 ε
2344 2651 2458 2705 opus
2483 2651 2561 2691 boc

1340 2733 1662 2780 memorandum
1693 2732 1935 2784 ubicunque
1965 2726 2265 2783 praedicaretur
2299 2721 2559 2777 evangelium

1340 2810 1437 2860 hoc,
1469 2823 1484 2848 ι
1506 2814 1548 2850 et
1569 2808 1676 2851 bene
1697 2805 1804 2848 dixit
1829 2801 2092 2857 evangelium
2121 2799 2215 2841 boc.
2239 2795 2429 2839 Nondum
2446 2792 2559 2838 enim

1342 2883 1500 2937 scripta
1523 2885 1645 2923 erant
1667 2876 1907 2932 Evangelia.

1398 2956 1412 2972 ·
1443 2954 1611 2997 Additio
1636 2952 1676 2995 i.
1699 2948 1774 2993 Vel
1798 2947 1955 3005 pistici,
1974 2946 2016 2989 id
2039 2950 2105 2989 est
2139 2940 2270 2992 misti,
2289 2940 2340 2983 de
2369 2937 2497 2994 spicis
2517 2941 2560 2980 et

1342 3029 1455 3074 foliis
1476 3020 1871 3078 confectumsquod
1908 3024 1972 3063 est
1994 3016 2235 3074 pretiosius,
2259 3019 2301 3054 ιιι
2325 3010 2428 3054 dixit
2450 3007 2558 3052 Beda

1342 3114 1468 3158 super
1495 3098 1697 3142 Marcum.
1725 3094 1776 3137 Et
1799 3093 1908 3139 sorte
1922 3091 2033 3148 pixis
2058 3089 2276 3137 misturam
2302 3088 2439 3132 sonat,
2462 3080 2559 3125 inde

1343 3174 1471 3228 pixis,
1492 3170 1663 3226 pixidis.

1402 3247 1435 3265 ⁹·
1455 3241 1629 3285 Addicto
1655 3240 1698 3281 Ξ.
1725 3237 1899 3292 Legitur
1930 3230 2129 3277 tamenin
2148 3228 2398 3285 quibusdam
2417 3235 2560 3270 sacra-

1343 3314 1515 3385 mentis,
1549 3312 1672 3356 statio
1707 3310 1759 3352 ad
1786 3304 1987 3351 Sanctum
2022 3305 2208 3348 Petrum.
2233 3300 2284 3342 Et
2313 3304 2450 3354 potest
2475 3297 2557 3340 dici

1343 3381 1515 3435 vacans.
1550 3384 1647 3440 quia
1682 3395 1766 3424 non
1808 3379 1934 3422 babet
1969 3375 2180 3432 propriam
2211 3371 2478 3426 antiphonam
2506 3367 2558 3409 ad

26 3470 182 3520 parvo,
192 3462 427 3518 densoque.
449 3461 576 3517 cuius
592 3461 818 3506 cacumina
840 3460 881 3502 in
906 3461 1062 3503 aristas
1081 3472 1126 3503 se
1144 3470 1260 3514 spar-
1289 3459 1322 3503 D
1346 3460 1581 3506 introitum,
1601 3453 1674 3498 sed
1697 3450 1890 3507 pridiana
1911 3447 2134 3504 repetitur.

27 3532 149 3601 fiunt.
170 3533 448 3592 Pigmentarii
481 3534 642 3591 spicas,
665 3540 708 3579 et
743 3533 844 3577 solia
875 3533 998 3576 nardi
1030 3532 1264 3583 celebrant,

27 3607 142 3690 qudo
174 3607 249 3677 ad.
263 3607 678 3653 commendationem
718 3608 943 3664 unguenti,
986 3606 1046 3649 ait
1082 3603 1264 3654 Marcus,

26 3678 180 3748 ᾥίοιιιί
217 3679 410 3736 pretiosi.
443 3678 560 3724 Erat
579 3679 695 3723 enim
732 3679 785 3723 de
814 3679 950 3723 nardo
982 3676 1142 3722 indica.
1175 3677 1267 3719 Alia

27 3751 141 3807 mm
175 3763 331 3809 genera
352 3752 484 3796 nardi
512 3752 614 3797 vilia
644 3757 762 3799 sunt
802 3751 989 3796 Ioannes
1019 3751 1266 3807 qualitatem

31 3812 258 3884 inpressit,
282 3825 466 3871 dicens:
489 3824 661 3869 Libram
685 3825 898 3881 unguenti·
918 3821 1040 3867 nardi
1066 3822 1269 3879 pistici,

31 3892 79 3942 id
94 3903 162 3942 est
186 3897 537 3943 tidelis.1‘isteuo
561 3897 675 3942 enim
705 3897 843 3947 credo,
868 3901 910 3941 et
933 3896 1059 3953 pistis
1081 3894 1183 3950 fides
1204 3893 1269 3937 di-

33 3968 160 4027 citur,
174 3970 295 4022 nulla
317 3970 483 4016 scilicet
506 3970 749 4027 adulterina
770 3969 1026 4013 admistione
1051 3971 1269 4021 corrupta.

33 4038 380 4110 Quidamtamen
403 4043 606 4100 pisticum
636 4043 798 4087 dictum
823 4053 847 4084 a
870 4042 964 4084 loco
987 4044 1152 4095 putant.
1176 4036 1275 4081 Fre-

28 4117 95 4178 'it
113 4124 274 4171 autem,
294 4118 362 4162 vel
384 4117 556 4175 aperuit
594 4116 728 4171 Maria
751 4115 1030 4164 alabastrum,
1051 4117 1095 4155 et
1126 4109 1273 4153 effudit

23 4195 298 4262 unguentum
322 4189 454 4246 su'per
471 4194 599 4245 caput
629 4187 747 4240 lesu,
774 4193 817 4231 et
838 4185 966 4230 ctiam
996 4182 1120 4227 unxit
1145 4182 1274 4237 pedes

16 4229 147 4318 ’ἀνι
172 4269 215 4306 et
233 4260 412 4310 extersit
428 4260 598 4316 capillis
636 4259 743 4309 suis,
769 4262 811 4300 et
846 4256 997 4299 domus
1016 4252 1188 4309 impleta
1209 4256 1274 4293 est

40 4343 107 4395 ,⁶¹
121 4333 252 4378 odore
277 4333 499 4389 unguenti.
537 4331 590 4374 Et
626 4330 725 4387 quia
750 4329 896 4373 eadem
922 4327 1007 4371 die
1013 4323 1144 4368 Maria
1173 4322 1277 4364 fovit

40 4405 170 4463 pedes
206 4402 376 4449 Domini
410 4409 646 4460 unguento,
682 4403 727 4445 in
765 4400 1013 4447 memoriam
1043 4395 1175 4451 hujus
1196 4393 1274 4443 rei,

34 4478 188 4525 eodem
206 4471 395 4525 mutato
409 4469 610 4523 dominus
623 4489 734 4534 papa
752 4474 914 4519 dicitur
933 4470 1077 4517 multis
1102 4478 1272 4523 crogare

1342 3546 1443 3590 Car.
1462 3540 1623 3587 cxvii.
1652 3539 1711 3581 De
1733 3535 2014 3632 maledictifine
2035 3534 2154 3589 ficus,
2175 3537 2214 3573 et
2237 3529 2427 3572 sessione·
2441 3534 2561 3577 super

1863 3604 1933 3633 ase
1968 3601 2048 3630 um.

1397 3671 1518 3715 Mane
1561 3673 1702 3711 autem
1744 3665 1855 3707 l'acto
1892 3659 2145 3705 ascendebat
2186 3655 2308 3698 Jesus
2344 3650 2558 3705 lerosoly-

1346 3757 1474 3797 mam,
1498 3747 1539 3786 et
1571 3737 1768 3794 discipuli
1795 3736 1888 3791 ejus
1917 3745 2012 3776 cum
2046 3743 2095 3774 eo
2118 3727 2284 3786 (Manli.
2308 3726 2387 3778 2¹3
2421 3723 2560 3775 Μανσ.

1345 3830 1412 3869 ιιι
1439 3815 1539 3857 Luc
1573 3823 1670 3862 ¹¹¹3
1708 3807 1834 3854 Joan.
1869 3804 1964 3862 ιιι).
2005 3803 2181 3846 Etcum
2219 3798 2403 3842 venisset
2438 3795 2563 3837 Betit-

1346 3889 1495 3945 phage,
1524 3883 1599 3938 qui
1633 3884 1725 3925 erat
1761 3876 1927 3920 viculus
1956 3859 2240 3922 sacerdotum,
2276 3874 2317 3912 et
2352 3868 2393 3909 in
2432 3866 2565 3907 latere

1347 3958 1505 4002 montis
1524 3953 1692 4002 oliveti,
1717 3950 1833 3993 misit
1854 3948 1962 3991 duos
1994 3944 2048 3989 dc
2089 3940 2308 3996 discipulis
2336 3939 2379 3981 in
2411 3937 2562 3979 castel·

1347 4033 1453 4080 lum,
1474 4026 1585 4084 quod
1607 4028 1753 4068 contra
1774 4031 1847 4064 eos
1879 4023 1987 4069 erat,
2018 4013 2061 4058 id
2091 4020 2156 4057 est
2179 4014 2222 4054 in
2243 4008 2491 4054 Jerusalem,
2516 4010 2562 4046 ut

1349 4101 1605 4146 adducerent
1622 4095 1660 4139 ei
1685 4094 1846 4138 asinam
1874 4098 1916 4134 et
1937 4087 2095 4144 pullum
2124 4084 2233 4138 ejus,
2258 4081 2327 4136 qui
2364 4083 2483 4122 erant
2501 4075 2564 4117 ai-

1350 4173 1468 4229 ligati
1492 4172 1534 4212 in
1560 4167 1690 4217 bivio,
1725 4170 1767 4207 et
1807 4164 1842 4205 ,si
1888 4161 1984 4215 quis
2016 4154 2333 4200 contradiceret,
2375 4149 2563 4190 dicerent

1352 4245 1576 4288 Dominum
1601 4240 1667 4283 bis
1689 4249 1796 4293 opus
1812 4234 1982 4277 habere.
2002 4229 2130 4273 Asina
2154 4228 2239 4269 baec
2260 4224 2415 4267 dicitur
2433 4219 2566 4262 fuisse

1352 4314 1590 4360 communis
1633 4308 1905 4367 pauperibus,
1949 4302 2020 4358 qui
2055 4298 2223 4355 propria
2254 4295 2442 4349 jumenta
2479 4300 2563 4332 non

1353 4386 1582 4433 habebant
1626 4381 1818 4432 Cumque
1855 4376 1951 4430 quis
2002 4374 2044 4415 in
2100 4382 2149 4414 ea
2189 4371 2386 4423 operatus
2429 4363 2567 4404 suerat

1355 4459 1555 4517 pabulum
1571 4458 1696 4499 dabat
1713 4452 1768 4504 ci,
1781 4455 1821 4494 et
1841 4448 1953 4504 pullo
1972 4450 2040 4499 qui
2061 4442 2215 4498 pariter
2233 4438 2283 4482 ad
2305 4446 2430 4491 opera
2450 4442 2566 4477 ccm-
