2924 4588
131 168 184 210 33
686 158 757 205 nn
783 141 1255 203 'seleuciensem
1277 149 1789 202 comminationis
1816 181 1870 189 -
1899 156 2043 203 rans
2069 157 2137 204 ui.

2578 162 2659 205 83⁴

100 246 405 299 prosequente,
430 238 682 283 eoncessum
707 242 789 284 est.
829 232 1082 288 investigavi
1124 237 1181 280 te.
1202 237 1242 274 et
1274 231 1340 272 in-
1363 237 1585 287 ,t’sapere
1629 228 1812 287 Ideoque
1850 232 1989 288 placet
2010 232 2114 278 milri
2143 235 2330 278 essentia
2365 247 2477 287 mea,
2509 241 2553 280 et
2589 249 2665 291 ap-

100 313 275 370 quisivi.
299 309 569 365 Investigavi,
595 307 787 364 inquam,
809 312 851 350 et
877 303 1079 360 inquisivi
1101 311 1143 347 te
1162 335 1173 354 ,
1208 308 1250 351 et
1269 302 1336 346 in-

100 385 320 440 vestigans
349 389 393 427 et
426 382 674 436 inquirens,
717 378 805 433 jam
837 389 889 421 ex
926 381 1047 432 parte
1075 373 1340 430 aliquantula

39 451 41 462 ²
101 456 245 500 inveni
269 463 327 499 te.
355 453 439 498 Sed
464 453 536 500 ubi
562 452 704 496 inveni
721 451 789 495 te‘r
816 448 894 493 Ubi
913 449 1055 496 inveni
1074 453 1132 497 te.
1162 446 1340 490 Domine

101 527 215 574 Deus
243 538 378 576 meus,
397 526 533 568 virtus
557 535 668 575 mea,
686 523 886 566 etlumen
905 520 1125 563 oculorum
1147 531 1338 563 meorum

102 599 240 656 (Psal.
267 596 433 652 xxxvii)
451 627 463 647 ,
489 596 619 640 decor
641 594 785 638 cordis
807 592 890 637 mei
911 598 953 636 et
975 596 1166 638 sua-vitas
1189 591 1340 633 animae

99 683 221 718 meae.
240 670 466 714 decornon
493 678 783 717 marcescens,
797 671 839 709 et
863 664 1056 708 suavitas
1082 670 1168 707 non
1188 663 1342 706 fallax?

101 740 181 786 Ubi
195 741 416 787 invenite?
430 740 540 783 Ecce
552 740 666 782 enim
679 743 741 788 ut,
753 749 848 793 qtae
864 735 1154 791 disputatione
1175 735 1339 790 prolixa

99 819 297 870 superius
319 813 431 856 dicta
449 817 550 856 sunt
570 843 580 862 ‚
613 808 911 854 reeordatione
936 807 1241 862 compendi-osa
1271 818 1341 849 re-

99 895 256 942 petam,
276 886 420 928 omnia
444 897 539 941 quae
561 884 605 927 in
629 884 711 927 hoe
744 882 905 925 mundo
921 913 933 932 ‚
953 892 1016 924 ne
1059 880 1142 923 hoc
1177 881 1340 922 mundo

99 960 287 1016 quinque
308 958 502 1014 corporis
531 958 613 1001 mei
631 955 796 999 foribus
819 967 865 998 se
889 953 1072 996 offerunt
1095 957 1136 996 et
1158 952 1344 997 offerew

100 1029 155 1075 (lo
183 1043 229 1075 se
250 1031 456 1082 inserunt,
482 1027 826 1073 studiosissimus
854 1028 1098 1082 explorator
1127 1025 1335 1068 circuivi:

100 1103 241 1146 omnia
268 1103 448 1145 formata
492 1113 587 1156 quae
624 1111 858 1155 corporeus
895 1099 1066 1154 attingit
1105 1104 1335 1153 aspectus;

95 1175 240 1219 omnia
262 1186 418 1219 sonora
450 1186 545 1230 quae
564 1174 678 1229 capit
695 1172 868 1215 auditus
894 1186 904 1224 ;
936 1171 1082 1214 omnia
1123 1171 1338 1214 odorifera

95 1258 190 1304 quae
223 1248 419 1303 agnoscit
444 1246 656 1298 olfactus;
685 1245 828 1288 omnio
853 1244 1002 1300 sapida
1033 1248 1127 1300 qua:
1158 1245 1338 1299 percipit

94 1324 273 1374 gustus3
318 1319 461 1362 omnia
505 1317 734 1373 palpabilia
779 1329 874 1372 quae
916 1317 1124 1360 discernit
1169 1323 1336 1368 tactus,

92 1391 275 1448 diligens
321 1391 553 1446 inquisitor
592 1389 900 1445 perambulavi.
939 1377 1119 1439 Omnia,
1161 1389 1336 1445 inquam

92 1467 182 1511 haec
203 1498 214 1518 ,
259 1472 301 1510 te
335 1465 461 1517 duee,
503 1469 632 1520 prout
667 1463 803 1518 potui,
831 1469 1050 1507 scrutatus
1089 1476 1183 1507 sum
1211 1478 1222 1516 ;
1262 1464 1337 1507 sed

86 1540 244 1584 horum
281 1532 473 1582 omnium
520 1537 627 1580 nihil
666 1543 707 1579 te
737 1548 832 1579 esse
877 1536 1197 1591 comprehendi.
1239 1535 1337 1583 Haec

89 1611 206 1655 enim
226 1611 387 1661 onmia,
417 1610 586 1665 singula
616 1608 661 1651 iu
681 1620 838 1664 genere
862 1620 941 1652 suo
964 1620 1070 1653 voce
1101 1620 1256 1664 magna
1294 1615 1336 1652 et

90 1685 279 1727 elamore
334 1682 474 1727 valido
510 1680 829 1736 responderunt
880 1686 921 1723 et
954 1680 1154 1724 dixerunt
1196 1682 1332 1724 mibi:

0 1802 2 1808 ‚
89 1753 182 1798 Non
226 1766 374 1800 sumus
413 1753 525 1799 Deus
573 1762 672 1797 tuus
717 1766 842 1811 nos„
871 1766 1014 1808 quaere
1062 1766 1158 1797 eum
1206 1767 1337 1811 supra

89 1839 187 1872 nos.

91 1933 114 1991 5
138 1931 297 1976 XV.--
316 1927 519 1978 Semnum
546 1935 788 1977 interiorum
813 1948 905 1976 cnm
935 1934 1033 1979 ηίὶἱε
1082 1936 1334 1980 animalibus

407 1991 575 2033 senaria
600 1991 674 2033 dos
711 1992 939 2034 communis
963 1998 1039 2034 cst.

143 2094 305 2139 Deinde
342 2095 411 2140 his
434 2095 637 2140 omnibus
666 2095 858 2147 relictis,
883 2095 936 2140 de
967 2096 1124 2152 quibus
1160 2097 1332 2141 brevem

87 2167 216 2213 modo
241 2168 500 2212 mentionem
532 2167 632 2220 feci,
656 2168 736 2213 has
752 2169 942 2226 quinque
967 2170 1111 2214 carnis
1143 2182 1247 2214 meae
1266 2171 1334 2225 Ja-

87 2252 195 2285 nuas
226 2241 474 2293 occludens,
499 2242 590 2285 haec
623 2242 769 2284 omnia
789 2254 813 2285 a
834 2255 917 2294 me,
944 2248 1154 2298 quantum
1178 2242 1296 2298 potui
1317 2274 1328 2293 ,

83 2304 317 2358 excludens
362 2326 515 2370 meque
549 2315 663 2359 int-ra
695 2327 764 2359 me
793 2315 1035 2368 includens,
1063 2317 1117 2360 ad
1161 2317 1332 2360 intuen-

84 2389 186 2434 dum
212 2388 430 2444 meipsum.
455 2401 522 2432 me
546 2388 729 2432 excitavi
763 2380 806 2432 et
828 2389 970 2433 inveni
1002 2402 1071 2434 me
1107 2390 1253 2435 vivere
1287 2397 1329 2435 et
1349 2385 1383 2430 G

82 2459 313 2514 vivificare,
337 2462 497 2506 sentire
528 2468 570 2506 et
601 2461 870 2515 sensificare,
896 2464 1087 2519 cogitare
1122 2469 1165 2507 et
1204 2463 1324 2507 velle.

82 2532 202 2576 Hanc
227 2534 370 2589 itaque
393 2534 605 2579 senariam
636 2535 748 2579 idem
773 2535 878 2578 mihi
895 2535 983 2578 vidi
1013 2537 1154 2580 inesse
1173 2569 1183 2587 ‚
1227 2538 1326 2593 quia

79 2607 178 2649 vivo
195 2611 237 2650 et
273 2607 465 2666 viridem
504 2607 642 2651 sentio
660 2616 700 2651 et
724 2607 941 2660 sensifico,
974 2609 1116 2666 cogito
1149 2615 1192 2653 et
1214 2610 1324 2654 volo.

81 2677 164 2723 Sed
189 2679 301 2722 hane
325 2670 490 2731 mecum
527 2681 762 2724 seeundum
798 2680 982 2736 aliquem
1014 2683 1188 2725 modum
1208 2694 1328 2725 com-

81 2762 268 2802 munem,
293 2751 449 2794 habent
488 2752 615 2794 etiam
644 2751 869 2795 brutorum
891 2752 1173 2796 animantium
1194 2753 1326 2808 spiri·-

80 2828 181 2875 tus;
222 2825 322 2879 quia
345 2825 494 2867 vivunt
530 2829 573 2868 et
596 2824 829 2876 vivificant,
863 2824 1056 2869 sentiunt
1091 2831 1133 2874 et
1156 2826 1327 2870 sensifi-

79 2902 192 2948 eant‚
233 2898 422 2954 cogitant
444 2904 484 2942 et
509 2899 672 2941 volunt.

52 2995 54 2997 θ
82 3003 104 3060 g
130 3003 395 3048 xvi.-SS.
437 3004 670 3047 Trinitatis
691 3005 827 3060 imaqo
856 3005 898 3049 in
927 3005 1090 3050 ltontine
1121 3007 1324 3064 impressa

571 3060 822 3105 elucidatur.

133 3150 256 3195 Unde
305 3152 432 3195 etiam
471 3151 639 3196 instans
687 3151 827 3195 adhuc
861 3154 1119 3208 importune,
1161 3166 1322 3210 oppor-

77 3231 180 3269 tune
215 3225 390 3268 ascendi
428 3230 525 3280 post
563 3226 652 3268 haec
692 3225 852 3277 omnia,
882 3231 924 3269 et
959 3226 1117 3270 intravi
1140 3228 1192 3270 ad
1235 3241 1319 3272 me.

75 3296 262 3340 Ascendi
284 3298 481 3352 superius
527 3298 579 3341 ad
612 3310 679 3342 me
715 3299 1002 3353 superiorem,
1031 3300 1188 3343 intravi
1212 3301 1322 3343 inte·

75 3369 168 3413 rius
191 3369 243 3412 ad
267 3382 333 3413 me
354 3370 615 3414 interiorem.
647 3369 741 3414 Haec
760 3372 904 3415 omnia
926 3384 1111 3428 namque
1135 3373 1176 3416 in
1218 3386 1285 3417 me
1306 3389 1315 3416 z

1420 307 1555 358 probo
1605 308 1648 348 et
1699 314 1795 346 aino
1838 305 2072 349 essentiam
2117 311 2159 349 et
2203 305 2462 362 sapientiam
2505 319 2660 352 meam.

1420 374 1470 426 Et
1489 375 1578 419 vidi
1597 375 1686 419 haee
1710 375 1792 418 tria
1809 389 1904 419 esse
1939 377 1983 419 in
2005 389 2073 420 me
2105 392 2116 421 :
2145 379 2394 431 essentiam,
2440 379 2665 425 seientiam

1419 454 1460 491 et
1482 460 1688 492 amorem.
1709 446 1947 493 Essentiam
1970 450 2171 505 primum,
2191 456 2236 494 et
2253 449 2309 494 de
2322 452 2508 499 essentia
2530 454 2667 497 scien-

1419 521 1550 572 tiam3
1597 532 1789 564 amorem
1835 533 1937 566 vero
1980 534 2060 581 nee
2093 524 2146 568 de
2181 524 2272 568 sola
2311 526 2524 576 essentia,
2564 526 2666 582 quia

1419 604 1506 638 non
1558 606 1694 638 soiam
1731 596 1962 640 essentiam
1996 609 2129 650 ,am03
2171 610 2251 641 nec·
2293 600 2346 644 de
2399 601 2492 644 sola
2524 600 2671 645 scien·

1419 666 1479 708 tia
1517 667 1618 722 quia
1664 679 1744 711 nee
1793 679 1886 711 eam
1924 670 2060 712 solam
2110 681 2242 723 amo;
2269 671 2360 715 -sed
2422 672 2474 716 de
2518 684 2668 719 essen-

1422 738 1497 791 tia⁴
1523 740 1648 782 simul
1690 747 1732 784 et
1770 741 1984 792 scientia,
2029 742 2131 798 quia
2187 744 2417 787 essentiam
2456 744 2583 788 simul
2623 749 2667 788 et

1421 809 1643 852 scientiam
1668 823 1781 854 amo.
1821 810 2061 867 AEqualiter
2099 813 2246 868 itaque
2275 814 2327 857 de
2366 819 2548 869 utraque
2579 821 2664 864 est,

1419 883 1520 937 quia
1543 883 1670 927 etiam
1690 883 1910 940 aequaliter
1933 886 1976 928 in
2002 891 2184 941 utraque
2206 892 2288 931 est.
2313 887 2362 928 Et
2385 892 2493 930 miro
2511 887 2664 941 modo,

1421 962 1461 1000 te
1482 956 1723 1000 illustrante
1747 969 1828 1008 me,
1861 971 1886 1002 0
1919 958 2063 1002 lumen
2087 959 2230 1003 cordis
2269 961 2369 1008 mei¹
2405 959 2518 1003 Deus
2543 967 2667 1004 niens

1419 1028 1677 1085 deprehendi
1702 1031 1932 1086 quamdam
1953 1032 2187 1076 trinitatem
2205 1046 2300 1076 esse
2326 1046 2370 1076 m
2393 1047 2460 1077 me
2483 1050 2491 1076 z
2517 1046 2668 1078 essen-

1419 1101 1522 1142 tiam
1560 1101 1774 1155 videlieet,
1818 1103 2039 1146 scientiam
2093 1109 2135 1147 et
2169 1116 2389 1148 amorem:
2416 1107 2668 1162 nullumque

1419 1172 1600 1219 istarum
1627 1173 1806 1216 alterum
1834 1173 1918 1216 vidi
1945 1187 2040 1218 esse
2070 1175 2280 1227 istorum3
2323 1189 2402 1220 nec
2425 1190 2520 1221 esse
2545 1178 2666 1221 seili-

1419 1249 1506 1293 eet,¹
1526 1245 1637 1288 seire
1659 1246 1726 1287 vei
1748 1258 1892 1290 amare
1919 1263 1928 1289 z
1953 1260 2033 1291 nec
2075 1248 2186 1291 scire
2223 1250 2421 1292 omissum
2466 1250 2626 1293 videtur
2650 1282 2664 1302 ‚

1368 1319 1396 1361 B
1421 1329 1565 1360 amare
1585 1318 1650 1361 vet
1674 1331 1787 1371 esse;
1807 1331 1884 1363 nec
1899 1332 2060 1371 atnam,
2079 1334 2175 1364 esse
2191 1323 2257 1365 vel
2270 1323 2381 1366 scire
2400 1338 2409 1365 ε
2430 1324 2528 1378 quia
2548 1324 2666 1368 aliud

1418 1389 1523 1438 milii
1550 1396 1616 1433 est
1639 1402 1749 1440 esse,
1775 1391 1890 1434 aliud
1917 1393 2027 1436 scire
2063 1394 2264 1449 aliudque
2282 1407 2453 1447 amare;
2477 1407 2574 1438 cum
2599 1402 2667 1440 ta·-

1418 1475 1516 1505 men
1539 1475 1616 1518 ego
1635 1475 1719 1506 non
1747 1464 1830 1507 nisi
1853 1477 1966 1508 unus
1992 1465 2170 1522 spiritus
2200 1470 2281 1511 sim
2306 1468 2378 1522 qui
2404 1469 2665 1519 existo‚scio

1417 1541 1458 1578 et
1476 1546 1588 1578 amo.
1620 1534 1671 1579 Et
1697 1536 1779 1580 hoc
1797 1536 1925 1580 modo
1949 1538 2122 1583 trinitas
2147 1540 2191 1582 in
2214 1552 2284 1583 me
2320 1548 2462 1585 manet
2490 1547 2532 1586 et
2566 1543 2666 1589 uni-

1418 1612 1483 1650 tas
1505 1619 1591 1656 non
1609 1607 1787 1652 recedit.
1813 1607 2004 1653 Trinitas
2031 1625 2040 1652 z
2066 1609 2269 1661 essentia,
2302 1611 2498 1660 scientia.
2525 1624 2666 1658 arnor.-

1417 1676 1832 1736 Essentia,inq11am‚
1861 1682 2000 1725 sciens
2032 1688 2075 1726 et
2103 1695 2252 1727 amans
2278 1699 2287 1727 ε
2314 1684 2492 1728 scientia
2514 1697 2666 1733 amans

1416 1759 1456 1794 ez
1479 1753 1694 1797 existens:
1730 1765 1852 1797 amor
1873 1756 2062 1800 existens
2093 1763 2135 1799 et
2163 1758 2321 1803 sciens.
2348 1757 2500 1802 Unitas
2529 1774 2538 1803 :
2563 1760 2664 1815 quia

1415 1837 1500 1868 non
1528 1826 1613 1869 nisi
1644 1827 1822 1883 spiritus
1847 1840 1942 1871 sum
1967 1841 2100 1883 unus3
2127 1841 2212 1872 non
2238 1831 2321 1875 nisi
2346 1843 2429 1873 una
2460 1832 2664 1877 substan-

1416 1898 1474 1941 tia
1496 1890 1748 1954 spiritualis.
1771 1901 1964 1958 Cumque
1986 1902 2069 1946 hoe
2103 1904 2231 1947 modo
2250 1904 2294 1946 in
2317 1917 2384 1947 me
2408 1905 2595 1957 trinitas,
2620 1911 2663 1949 et

1417 1972 1560 2016 unitas
1594 1973 1666 2024 sit,
1690 1976 1769 2027 sic,
1796 1981 1838 2018 te
1862 1970 2131 2021 illuminante
2153 1990 2237 2029 me,
2264 1989 2289 2020 0
2316 1977 2494 2022 Domine
2520 1977 2660 2031 Deus-,⁸

1413 2044 1458 2089 in
1497 2046 1662 2097 unitate
1694 2047 1930 2092 trinitatem
1965 2048 2191 2104 discern03
2231 2051 2347 2107 quod
2389 2052 2430 2097 in
2471 2052 2662 2096 trinitate

1413 2119 1623 2164 unitatem
1645 2133 1734 2164 non
1757 2121 1916 2166 divido.
2323 2111 2326 2114 ¹

1467 2193 1633 2241 Etshoe
1662 2196 1791 2246 modo
1818 2196 1941 2240 video
1978 2197 2021 2241 in
2060 2211 2127 2242 me
2162 2199 2390 2256 imaginem
2427 2198 2583 2251 tuam,
2606 2198 2659 2244 ad

1412 2280 1539 2322 quam
1564 2268 1706 2313 feristi
1729 2282 1796 2314 me
1824 2286 1832 2314 :
1859 2276 1900 2313 et
1932 2277 1973 2314 te
2007 2272 2242 2315 secundum
2277 2273 2460 2328 aliquem
2485 2272 2659 2315 modum

1410 2341 1535 2389 video
1565 2343 1609 2386 in
1649 2343 1729 2387 liae
1762 2343 1962 2401 imagine.
1995 2344 2192 2388 Nondum
2228 2345 2351 2400 plene
2390 2351 2430 2388 te
2454 2345 2578 2389 video
2614 2345 2658 2388 in

1398 2415 1500 2470 ,ipsa
1523 2427 1593 2471 re,
1633 2415 1716 2459 hoc
1751 2422 1816 2460 est
1853 2417 2072 2472 speculum
2115 2429 2190 2473 per
2226 2418 2340 2474 quod
2389 2424 2430 2462 te
2453 2418 2577 2461 video
2613 2418 2659 2461 in

1407 2488 1646 2543 aenigmate,
1674 2488 1864 2532 nendum
1894 2488 2000 2532 faeie
2016 2487 2067 2531 acl
2086 2489 2236 2532 faciem
2257 2488 2304 2545 (1
2329 2487 2424 2532 Cor.
2447 2501 2543 2541 xiii,
2569 2488 2654 2546 12).

1410 2561 1640 2618 Speculum
1684 2562 1857 2620 quidem
1895 2576 1970 2618 pei·
2009 2564 2123 2617 qnod
2179 2569 2219 2607 te
2258 2564 2382 2607 video
2416 2576 2656 2608 cormeum

1406 2643 1472 2680 est
1500 2653 1509 2681 :
1546 2638 1583 2681 si
1608 2643 1750 2682 tamen
1778 2641 1840 2682 sic
1865 2646 2095 2689 extersum,
2120 2644 2293 2693 tamque
2315 2637 2594 2687 clarificatum
2615 2644 2656 2682 et

1406 2709 1679 2767 purificatum
1716 2723 1739 2753 a
1774 2716 1814 2754 te
1850 2710 2005 2760 suf-rit,
2055 2717 2099 2752 ut
2133 2710 2309 2753 evidens
2347 2710 2390 2754 in
2419 2722 2470 2753 eo
2512 2710 2656 2752 vultus

1407 2783 1590 2839 perspici
1620 2786 1772 2840 possit.
1799 2782 1944 2839 itaque
1966 2782 2158 2839 quandiu
2185 2783 2267 2829 sibi
2289 2783 2355 2826 vel
2385 2794 2408 2824 a
2431 2783 2560 2827 dorso
2589 2781 2655 2827 vel

1406 2867 1537 2911 supra
1561 2856 1760 2900 verticem
1791 2868 1854 2905 es,
1883 2855 1927 2898 in
1951 2855 2033 2900 hoc
2069 2853 2256 2909 quidem,
2277 2858 2402 2908 prout
2430 2852 2533 2895 mihi
2555 2865 2656 2896 con·

1401 2931 1556 2973 cedere
1578 2929 1768 2985 dignaris
1792 2962 1801 2980 ,
1825 2934 1865 2973 te
1901 2930 2070 2971 intueor
2097 2928 2285 2983 speculo,
2331 2926 2521 2971 nondum
2551 2939 2654 2973 vet-e

1403 3004 1447 3047 in
1466 3006 1617 3059 teipsa.
1654 3003 1690 3046 A
1716 3004 1844 3047 dorsa
1864 3015 2049 3058 namque
2071 3008 2114 3045 et
2142 3013 2271 3057 super
2301 3001 2506 3056 verticem
2546 2999 2651 3051 mihi

1403 3091 1476 3132 es3
1519 3079 1619 3134 quia
1636 3083 1678 3121 et
1706 3091 1726 3120 a
1755 3084 1795 3121 te
1818 3088 1995 3120 aversus
2013 3108 2023 3127 ,
2050 3081 2090 3120 et
2115 3075 2193 3124 tihi
2214 3075 2413 3119 diversus
2447 3086 2558 3119 suni.
2585 3072 2650 3117 Tu

1402 3152 1558 3197 etenim
1578 3153 1723 3207 justus
1746 3163 1792 3195 es
1810 3156 1851 3194 et
1865 3161 1944 3206 ego
1970 3149 2182 3204 injustus;
2206 3153 2248 3191 et
2272 3148 2336 3191 sic
2355 3159 2505 3190 sumus
2529 3159 2655 3190 aver-

1402 3225 1454 3268 si.
1482 3223 1545 3267 Tu
1570 3225 1719 3272 heatus
1734 3235 1795 3268 es„
1811 3234 1889 3277 ego
1902 3233 2001 3266 vero
2018 3220 2294 3272 misci-,etsie
2309 3218 2650 3265 sumusdiversi.

1401 3296 1532 3354 igitur
1568 3309 1744 3341 aversus
1783 3308 1877 3340 sum
1902 3307 1925 3338 a
1958 3301 2008 3339 te·
2031 3282 2106 3349 per
2138 3293 2410 3348 injustitiam,
2451 3291 2647 3335 diversus

1399 3384 1500 3415 vero
1526 3370 1844 3427 permiseriam.
1869 3367 1929 3411 lbi
1957 3367 2140 3409 foedatas
2165 3379 2258 3409 sum
2278 3378 2355 3421 per
2366 3366 2550 3421 culpam,
2578 3365 2650 3408 iiie

75 3441 151 3490 sed
192 3453 392 3497 magnum
429 3443 634 3499 quiddam
671 3450 713 3487 et
751 3446 1004 3500 praeclarum
1041 3446 1244 3501 quiddam
1274 3446 1318 3489 in
1343 3452 1376 3495 1)
1400 3444 1584 3487 afflictus
1602 3456 1696 3488 sum
1719 3455 1794 3497 per
1813 3452 1998 3497 poenam.
2020 3438 2166 3493 ltaque
2184 3437 2371 3494 quandiu
2390 3439 2433 3480 in
2458 3438 2648 3481 obsceno

74 3527 144 3559 ine
176 3515 317 3559 inveni
345 3516 411 3560 his
447 3506 649 3559 omnibus
691 3521 733 3560 et
770 3518 1014 3568 sublimius,
1054 3525 1096 3561 et
1120 3519 1316 3562 interius.

75 3586 311 3631 Sublimius
365 3593 540 3650 propter
579 3589 828 3644 dignitatem
858 3624 869 3641 ‚
916 3591 1098 3635 interius
1146 3598 1320 3647 propter

73 3661 369 3706 subtilitatem.
395 3661 446 3704 Et
465 3662 582 3718 >quod
625 3664 729 3705 illud
752 3665 846 3707 est?
882 3663 1100 3719 Sapientia
1132 3679 1216 3720 qua
1248 3678 1318 3708 sa·

71 3734 158 3789 pio.
189 3733 338 3777 Datum
364 3747 548 3791 namque
570 3737 673 3778 mihi
707 3743 774 3779 est
795 3766 806 3787 ,-
833 3736 1012 3780 Domine
1045 3737 1159 3781 Deus
1180 3770 1191 3789 ‚
1228 3739 1251 3780 a
1278 3744 1317 3781 te

70 3808 236 3862 sapere,
273 3810 387 3864 quod
416 3810 582 3853 caeteris
606 3821 701 3864 quae
736 3811 889 3853 creasti
915 3811 1206 3854 animantibus
1229 3823 1251 3853 a
1274 3818 1315 3854 te

71 3881 214 3925 datum
223 3894 309 3924 non
323 3889 404 3926 est..
419 3882 517 3926 Scio
531 3883 677 3939 igitur,
694 3883 871 3927 Domine
887 3882 1014 3927 Deus.
1030 3883 1192 3938 Ecquid
1206 3884 1316 3937 seio?

72 3953 172 4002 Scio
199 3968 268 3998 me
309 3967 420 3999 esse.
439 3955 587 4011 Neque
619 3957 731 4000 enim
756 3957 928 4007 scirem,
957 3956 1040 4000 nisi
1063 3969 1201 4000 essem
1240 3957 1314 4012 qui

69 4025 240 4070 scirem.
266 4025 349 4070 Sed
373 4039 468 4071 sum
499 4021 540 4071 et
564 4028 654 4071 seio
681 4028 794 4084 quod
830 4041 942 4075 sum.
969 4027 1115 4083 ltaque
1138 4030 1228 4072 seio
1246 4040 1314 4072 me

68 4109 179 4150 esse,
223 4111 304 4144 nee
341 4101 481 4144 solum
523 4101 613 4144 seio
650 4113 717 4145 me
769 4097 1011 4153 esse;‘sed
1042 4102 1169 4144 etiam
1220 4101 1311 4144 scio

67 4181 136 4215 me
179 4172 291 4216 seire
333 4185 400 4217 me
434 4186 547 4218 esse.
581 4173 714 4230 Igitur
745 4175 1052 4219 etvrexistendo
1105 4177 1226 4226 scio,
1267 4181 1310 4219 et

68 4242 243 4293 sciendo
291 4246 459 4300 exist0;
479 4247 579 4300 quia
604 4255 645 4290 et
666 4247 806 4290 existo
827 4247 994 4297 sciens,
1018 4253 1060 4290 et
1092 4248 1182 4293 seio
1214 4247 1306 4290 exi·

67 4319 202 4359 stens.
229 4315 280 4359 Et
310 4317 423 4370 vidi,
449 4318 643 4371 Domine,
668 4319 782 4375 quod
807 4319 897 4363 liaec
917 4319 1031 4362 bona
1053 4319 1158 4361 mihi
1179 4326 1304 4371 sunt;

69 4386 180 4430 bona
204 4420 215 4439 ,
247 4389 421 4444 inquam
443 4423 453 4440 .
480 4397 521 4434 et
549 4391 658 4435 bona
701 4391 855 4444 valde;
881 4392 983 4448 quia
1018 4391 1140 4447 longe
1176 4392 1305 4448 476

70 4460 171 4503 milii
195 4462 345 4506 melius
376 4461 440 4507 est
477 4475 572 4508 esse
604 4471 645 4508 et
669 4477 819 4520 sapere
844 4477 972 4521 quam
996 4477 1081 4508 non
1104 4478 1198 4508 esse
1223 4478 1300 4509 nec

1402 3524 1443 3563 et
1453 3515 1850 3562 aerumnoso'saeculi
1864 3515 2086 3571 praesentis
2107 3513 2263 3566 degens
2276 3511 2444 3560 exsilio,
2455 3522 2533 3554 nec
2544 3517 2645 3558 ante

1399 3595 1441 3633 te
1465 3591 1520 3634 ab
1543 3591 1660 3634 omni
1682 3595 1857 3647 peccato
1887 3589 2053 3631 alienus
2085 3593 2152 3631 sto
2179 3599 2255 3643 pet·
2283 3586 2479 3635 meritum
2512 3585 2644 3639 vitai}

1396 3676 1476 3707 nee
1507 3664 1558 3705 ad
1593 3668 1636 3706 te
1669 3663 1724 3706 ab
1754 3661 1870 3704 omni
1901 3661 2074 3704 miseria
2109 3660 2315 3702 liberatus
2348 3657 2534 3703 ascendo
2564 3667 2644 3713 per

1395 3735 1618 3790 praemium
1645 3735 1824 3791 gloriae:
1850 3733 1945 3776 luce
1979 3737 2127 3788 gratiae
2160 3737 2246 3774 tuae
2274 3731 2542 3775 illuminatus
2577 3730 2647 3774 νὶ-

1395 3806 1496 3851 dere
1528 3806 1699 3861 quidem
1727 3811 1768 3848 te
1789 3816 1984 3859 possum,
2005 3803 2078 3846 sed
2116 3803 2159 3845 in
2193 3802 2482 3857 speculemeo
2500 3816 2511 3845 :
2530 3813 2643 3844 nona

1394 3881 1495 3923 dum
1516 3881 1558 3923 in
1582 3879 1718 3934 teipso
1740 3877 1896 3921 intueri
1921 3881 1975 3919 ,te
1998 3889 2173 3932 possum
2196 3890 2205 3918 :
2232 3875 2306 3921 sed
2333 3875 2376 3918 in
2416 3875 2601 3930 imagine
2622 3906 2638 3925 ,

1392 3954 1584 3997 nondum
1607 3954 1651 3995 in
1679 3952 1769 4007 ipsa
1806 3963 1867 3993 re.
1895 3949 2033 4001 Nune,
2072 3949 2245 4004 inquam
2263 3981 2274 3999 ,
2313 3960 2526 4004 cognosco
2562 3954 2638 4002 τίη

1393 4030 1467 4073 sed
1491 4041 1542 4071 ex
1573 4033 1708 4083 parte.
1742 4026 1935 4080 Cumque
1959 4025 2120 4068 venerit
2146 4023 2260 4079 quod
2291 4023 2526 4079 perrectum
2551 4030 2635 4074 est,

1390 4102 1670 4146 evacuabitur
1692 4098 1804 4155 quod
1829 4112 1878 4143 ex
1916 4105 2037 4155 parte
2061 4103 2142 4141 est.
2169 4096 2301 4152 lgitui·
2323 4090 2643 4151 aperiospecuss

1389 4175 1476 4217 lum
1499 4174 1582 4217 hoc
1604 4179 1645 4216 et
1667 4185 1717 4215 ex
1744 4178 1863 4228 parte
1887 4171 2030 4226 aliqua
2052 4170 2175 4213 video
2192 4174 2247 4212 te.
2267 4167 2630 4223 videminquam,

1387 4254 1459 4300 te;
1505 4246 1578 4303 qui
1621 4246 1725 4288 mihi
1772 4251 1812 4288 et
1839 4256 1862 4286 a
1901 4244 2029 4287 dorso
2074 4251 2116 4286 et
2152 4255 2281 4298 super
2321 4242 2521 4285 verticem
2545 4253 2591 4284 es
2616 4254 2638 4307 ε>

1386 4332 1512 4375 quem
1545 4317 1650 4360 mihi
1674 4322 1716 4360 et
1753 4329 1776 4360 a
1801 4316 1930 4360 dorso
1964 4315 2090 4370 primi
2114 4315 2301 4358 hominis
2324 4314 2448 4370 culpa
2485 4318 2526 4354 et
2554 4324 2637 4371 su·-¹

1386 4392 1703 4448 pra'verticem,
1745 4402 1840 4445 quae
1867 4402 1916 4432 ex
1940 4389 2086 4432 eadem
2125 4389 2249 4442 culpa
2265 4392 2306 4432 et
2340 4399 2415 4442 per
2436 4383 2630 4431 eamdem

1391 4466 1557 4520 eulpam
1589 4463 1778 4515 emersit,
1806 4462 1947 4519 posuit
1971 4460 2156 4504 miseria.
