2924 4588
46 94 189 171 'sstsis
690 121 945 171 utsronut
975 126 1309 178 senontsrtc

1315 134 1364 181 A.
1396 160 1450 170 -
1470 136 1525 185 ut
1553 139 1731 207 Acriis
1759 147 1950 199 Arosr.

2491 171 2605 216 1666

0 267 3 300 ι
79 256 2601 325 mmm—*m

43 327 46 330 ’
239 329 282 426 s
349 373 814 447 uts‘ronnt
869 379 1126 452 metu
1187 382 1564 460 neruum
1620 393 2349 490 APOSTOLORUM.

53 652 172 710 Jffiar.
195 653 229 700 t.
267 653 441 708 Quoties

242 746 245 747 ⁷
457 711 734 767 qecodrayinta
761 713 865 758 dies.

51 790 80 841 τῖ’
125 800 248 845 Anno
263 799 548 844 nonodecimo
572 800 739 855 imperii
759 800 921 846 'riberii
943 802 1146 856 Caesaris,
1165 805 1308 850 adhue

47 878 348 938 [procuratore
369 872 527 918 Judaeae
557 872 710 921 Pilato,
736 876 918 932 praeside
954 877 1088 935 Syriae
1114 879 1302 932 Vitellio,

47 951 265 999 §mortuus
284 952 349 990 est
374 945 598 996 Dominus,
622 951 663 990 et
685 950 938 992 resurrexit.
959 948 1205 1007 Resurgens
1228 966 1304 996 au—

49 1008 170 1071 fferri,
201 1019 424 1065 veritatem
463 1020 796 1064 resurrectionis
830 1016 1304 1081 multis'eomprobavit

47 1094 344 1151 immimentis,
375 1093 508 1135 multa
546 1093 590 1135 in
627 1106 810 1149 corpore
844 1096 1019 1151 proprio
1053 1099 1302 1150 ostendens,

36 1159 221 1231 {fir-ater
235 1171 435 1210 naturam
460 1167 657 1222 corporis
679 1167 953 1218 immortalis,
981 1178 1027 1212 ut
1053 1172 1114 1217 sic
1147 1173 1304 1216 verita-

39 1239 152 1294 &iem
185 1241 521 1285 resurrectionis
555 1246 788 1292 astrueret,
827 1249 869 1284 et
908 1243 1222 1300 abspostolis,
1259 1253 1302 1290 et

55 1302 216 1360 ‘mrum
237 1313 440 1369 posteris,
463 1325 635 1356 omnem
668 1315 846 1358 omnino
866 1327 1040 1361 causam
1066 1317 1303 1362 ltaesitatio-

50 1378 132 1435 mis
153 1387 387 1437 amoveret,
412 1386 598 1430 comedit
617 1387 749 1437 enim,
774 1393 815 1430 et
848 1387 955 1431 bibit
976 1400 1074 1432 cum
1101 1390 1180 1440 eis,
1201 1402 1300 1434 cum

0 1476 5 1524 Ι
48 1460 220 1524 pit-pus
244 1457 466 1514 spirituale
504 1457 701 1501 ciborum
740 1459 945 1503 alimonia
977 1460 1151 1505 minime
1191 1462 1302 1505 indi-

0 1525 3 1536 '
53 1532 173 1650 gent.
204 1529 466 1587 'incorpore
497 1530 675 1586 proprio
710 1532 939 1576 cicatrices
971 1533 1176 1586 ostendit,
1201 1547 1298 1578 cum

108 1603 260 1649 natura
285 1604 481 1660 corporis
502 1605 731 1648 immortali
763 1606 934 1661 penitus
960 1606 1098 1650 aliena
1129 1606 1187 1651 sit
1207 1620 1300 1652 om·

47 1678 132 1733 inis
169 1677 419 1722 deformitas
451 1677 686 1722 cicatricis.
725 1677 886 1721 Praeter
923 1678 1012 1723 haee
1049 1689 1295 1736 argumenta

28 1739 202 1810 [itui-as
226 1751 420 1794 scribens
438 1743 820 1796 lii‘storiarn'Actus
842 1743 1154 1809 apostolorum,
1181 1755 1299 1812 ponit

2 1831 5 1863 ἑ
47 1810 162 1877 lilia.
201 1825 299 1869 Fuit
337 1829 449 1882 enim
488 1832 790 1882 argumentum
823 1839 921 1872 vere
950 1820 1298 1880 resurrectionis,

0 1911 3 1913 ·
50 1888 174 1962 §uod
199 1910 276 1955 per
301 1899 394 1944 dies
419 1899 484 1943 to
521 1901 720 1956 apparuit
757 1899 838 1952 eis,
863 1901 1046 1957 loquens
1079 1901 1134 1945 de
1167 1914 1301 1959 regno

48 1969 150 2032 snei.
170 1970 264 2016 Non
287 1980 354 2017 est
371 1966 512 2016 autem
536 1973 858 2029 intelligendum
877 1974 992 2030 quod
1034 1974 1299 2030 singulorum

51 2040 117 2097 ⁷4⁰
158 2047 325 2090 diei-um
368 2053 560 2103 tempore
594 2048 792 2103 apparuit
814 2049 1039 2105 apostolis,
1070 2048 1147 2094 sed
1187 2047 1299 2093 infra

59 2128 285 2166 numerum
325 2124 389 2162 tot
424 2119 587 2164 dierum
629 2120 773 2166 decies
813 2123 1013 2179 apparuit
1053 2113 1133 2176 eis,
1163 2127 1212 2166 ut
1247 2133 1298 2166 ex

59 2191 307 2250 evangeliea
329 2192 509 2237 historia
535 2194 770 2250 colligitur.
801 2194 896 2251 ipsa
933 2185 1127 2253 namque
1145 2194 1213 2240 die
1237 2207 1300 2240 re·

43 2255 344 2311 ¹surrectionis
383 2257 613 2323 quin'r‘guies
654 2268 909 2323 apparuisse
943 2269 1114 2326 legitur.
1154 2266 1300 2312 Primo

59 2337 207 2385 Mariae
224 2338 500 2396 Magdalenae.
520 2339 722 2385 Secundo
745 2341 1001 2387 mulieribus
1020 2340 1302 2387 redeuntibus

54 2412 116 2457 *de
155 2421 451 2466 monumento,
486 2415 671 2471 quando
701 2420 934 2460 tenuerunt
966 2415 1218 2473 pedes-eius
1257 2423 1307 2460 et·

54 2485 350 2538 'adoraverunt
385 2501 498 2533 eum.
525 2488 672 2534 Tertio
697 2488 839 2542 Petro,
862 2491 962 2534 licet
985 2501 1071 2535 non
1096 2502 1300 2547 expresse

61 2552 276 2604 habeatur
289 2560 340 2603 de
370 2559 616 2618 Evangelio.
648 2562 811 2616 Quarto
835 2563 1006 2608 duobus
1025 2564 1230 2625 euntibus
1255 2564 1298 2608 in

55 2628 264 2691 Vssmmaus
295 2650 306 2677 τ
331 2634 490 2688 Quinto
509 2637 710 2692 apparuit
726 2637 872 2682 decem
898 2626 1105 2695 apostolis
1126 2638 1300 2683 absente

60 2700 253 2761 'l'ltoma;
278 2714 399 2752 sexto
421 2714 519 2764 post
541 2709 635 2754 dies
651 2701 755 2754 ⁴octo
775 2711 971 2768 apparuit
999 2709 1162 2756 eisdem
1198 2722 1301 2766 prae-

59 2778 183 2834 sente
206 2776 387 2824 Tltoma.
413 2778 606 2841 Septimo
641 2787 804 2837 septem
843 2781 1067 2838 discipulis
1100 2782 1298 2839 apparuit

62 2849 369 2909 ln'piscatione
391 2853 444 2896 ad
466 2866 584 2898 mare
605 2853 874 2912 Tyberiadis‚
899 2862 1052 2899 octavo
1078 2855 1122 2899 in
1154 2860 1298 2900 monte

60 2921 234 2970 Thabor
252 2927 425 2983 quando
447 2936 735 2974 convenerant
751 2929 795 2972 in
813 2928 1045 2982 Galilaeam,
1062 2933 1104 2974 et
1122 2929 1180 2973 ita
1200 2932 1299 2972 ante

59 2997 174 3043 diem
212 2997 493 3045 Ascensionis
533 3002 732 3058 apparuit
773 3003 926 3047 octies.
969 3001 1066 3060 ipsa
1093 3006 1194 3048 vero
1228 3002 1299 3047 die

62 3069 340 3123 Ascensionis
364 3074 431 3119 his
461 3076 676 3132 apparuit,
698 3077 830 3122 semel
855 3076 1057 3122 undecim
1091 3078 1298 3132 apostolis

63 3145 388 3191 eoniedentibus
421 3146 467 3192 in
496 3149 719 3194 coenaculo
756 3149 865 3207 (Act.
904 3149 952 3206 ι).
991 3148 1173 3199 Omnes,
1212 3157 1296 3192 tam

61 3217 254 3273 Apostoli
286 3231 414 3275 quam
436 3220 509 3272 alii
535 3221 755 3278 discipuli,
784 3230 952 3267 necnon
983 3223 1200 3273 mulieres,
1227 3223 1299 3265 ha-

59 3287 256 3335 bitabant
294 3293 336 3336 in
367 3293 438 3337 illa
462 3301 582 3351 parte
614 3294 882 3340 Hierusalem
935 3308 1030 3351 quae
1076 3296 1299 3341 dicebatur

62 3356 203 3416 netto,
229 3366 394 3411 scilicet
417 3367 461 3411 in
482 3374 626 3413 monte
655 3369 776 3423 Sion,
795 3371 866 3414 ubi
890 3369 1023 3415 David
1045 3376 1293 3414 construxe-

60 3431 131 3484 rat
147 3439 229 3483 sibi
247 3440 472 3496 palatium,
485 3447 526 3486 et
538 3442 596 3485 ibi
614 3451 706 3486 erat
722 3443 991 3487 coenaculum
1011 3443 1118 3486 illud
1137 3443 1298 3499 grande

63 3514 262 3565 stratum,
289 3513 332 3557 in
356 3523 441 3571 quo
467 3516 668 3574 praecepit
691 3515 898 3561 Dominus
919 3510 1005 3561 ¹sibi
1030 3529 1180 3572 parare
1212 3515 1296 3559 Pa-

63 3582 183 3629 scha.
209 3584 260 3629 Et
291 3588 335 3629 in
357 3588 583 3632 coenaculo
603 3588 677 3632 illo
699 3594 803 3633 tunc
824 3589 1075 3632 habitabant
1098 3586 1296 3631 undecim

62 3658 261 3714 apostoli.
282 3657 435 3705 Caeteri
454 3666 596 3710 autem
614 3661 831 3718 discipuli,
848 3669 890 3707 et
906 3662 1108 3706 mulieres
1127 3660 1293 3703 habita-

63 3727 167 3776 bant
182 3732 520 3793 circumquaque
542 3748 619 3791 per
645 3735 816 3780 diversa
844 3735 1042 3790 hospitia.

201 3806 302 3850 Cae.
322 3804 374 3878 ns
395 3806 516 3866 Quod
534 3809 714 3863 apostoli
731 3808 900 3864 suerunt
918 3807 1135 3863 baptizati.

110 3873 170 3921 ‘Et
193 3878 294 3924 dum
320 3881 593 3925 comederent
619 3880 816 3925 undecim
834 3881 879 3942 in
904 3880 1145 3930 coenaculo,
1165 3890 1296 3935 appan·

64 3952 152 3997 ruit
171 3952 236 3996 eis
257 3950 482 4005 Dominus,
501 3957 542 3997 et
564 3953 836 4011 exprobravit
855 3953 1197 3998 incredulitatem
1219 3963 1294 3994 eo-

64 4034 177 4076 rum,
198 4029 244 4068 et
267 4023 470 4068 duritiam
510 4025 671 4077 cordis,
708 4032 750 4070 et
786 4025 971 4069 eomedit
1008 4036 1106 4067 cum
1134 4024 1213 4067 eis.
1246 4021 1298 4063 Et

64 4107 326 4140 convescens
348 4098 551 4153 pracepit
579 4098 651 4142 eis*
673 4098 728 4141 ab
751 4096 1058 4154 Hierosolymis
1079 4108 1134 4140 ne
1155 4094 1296 4138 disce-

66 4169 231 4222 derent,
265 4171 341 4215 sed
369 4169 670 4228 exspectarent
707 4171 1038 4227 promissionem
1072 4168 1229 4219 Patris,
1254 4167 1296 4210 id

68 4249 135 4286 est
157 4243 210 4287 ab
233 4244 330 4301 ipso
350 4232 626 4301 promissam,
652 4244 717 4288 vel
741 4256 763 4285 a
787 4240 913 4286 Patre
950 4254 1027 4298 per
1060 4242 1215 4302 ipsum,
1254 4246 1298 4284 et

65 4310 207 4360 Patris
228 4317 527 4361 alletoritatem
541 4316 839 4372 complendam
861 4315 1009 4358 dicens
1032 4305 1081 4358 εἰ
1109 4313 1296 4358 loannes

65 4383 298 4444 baptizavit
332 4401 470 4446 ar1ua3
511 4402 589 4435 vos
627 4396 767 4434 autem
791 4384 1108 4444 baptizabimini
1135 4383 1293 4440 Spiritu

68 4467 219 4507 nancto
241 4476 327 4509 non
351 4471 447 4521 post
477 4465 637 4509 multos
657 4463 734 4509 bos
775 4462 866 4508 dies
905 4460 1002 4517 (Act
1054 4461 1102 4504 tl.
1139 4476 1150 4500 υ
1180 4459 1238 4501 Ac
1259 4458 1295 4500 si

485 658 681 709 apparuit
721 657 919 701 Dominus
961 659 1177 717 discipulis
1199 665 1311 719 infra
1335 667 1368 710 Α
1392 664 1551 710 diceret
1577 682 1586 711 :
1617 668 1801 726 Spiritus
1834 650 2011 721 sanctus

2052 692 2180 736 super
2217 697 2292 731 vos
2324 687 2602 749 descendens,

1389 748 1466 780 vos
1488 740 1745 796 purificabit,
1772 753 1813 789 et
1837 749 2073 797 roborabit.
2110 754 2169 799 De
2201 757 2413 815 baptismo
2457 773 2601 813 autem

1388 812 1674 862 apostolorum
1700 817 1806 860 solet
1822 818 2024 867 dubitari.
2056 824 2137 868 Sed
2172 840 2299 885 super
2319 832 2434 878 bunc
2463 837 2600 881 locum

1387 880 1535 959 dicunt
1555 882 1682 934 Beda,
1706 894 1748 929 et
1771 889 2048 946 Augustinus,
2072 901 2185 952 quod
2213 901 2367 947 suerint
2382 899 2600 963 baptizati.

1389 950 1457 992 Ait
1475 954 1588 997 enim
1613 954 1726 1000 Beda
1757 974 1768 1003 :
1795 961 2132 1019 Baptizabimini,
2158 974 2271 1026 quod
2286 981 2351 1019 est
2375 977 2417 1020 in
2442 978 2599 1034 Spiritu

1387 1030 1554 1078 sancto,
1577 1040 1662 1072 non
1690 1031 1739 1073 ad
1761 1033 1863 1076 illua
1890 1043 2057 1093 tempus
2082 1045 2270 1097 respicit,
2303 1061 2388 1103 quo
2419 1055 2598 1108 apostoli

1382 1102 1424 1178 et
1446 1101 1586 1143 caeteri
1615 1101 1759 1147 fideles
1783 1106 1897 1151 illius
1915 1114 2134 1166 temporis,
2157 1116 2353 1172 baptizati
2376 1131 2473 1167 sunt
2491 1138 2598 1183 aqua

1384 1183 1426 1212 in
1448 1172 1742 1219 remissionem
1767 1186 2037 1232 peecatorum
2075 1188 2209 1241 gratia
2246 1189 2432 1246 Spiritus
2458 1199 2598 1242 saneti

1382 1255 1406 1284 a
1431 1242 1609 1288 Domino
1633 1256 1844 1305 percepta,
1871 1252 1941 1294 sed
1959 1254 2009 1296 ad
2035 1255 2153 1309 illud,
2173 1261 2282 1314 quod
2303 1261 2478 1308 Domino
2501 1268 2601 1310 mit*

1382 1319 1497 1360 tente
1521 1315 1725 1373 Spiritum
1759 1329 1975 1372 sanctum,
2013 1325 2180 1379 plenius
2210 1341 2478 1386 acceperunt.
2502 1333 2601 1380 ideo

1381 1388 1570 1432 nondum
1592 1389 1760 1434 fuerant
1783 1393 1998 1448 baptizati,
2027 1408 2111 1440 non
2133 1398 2230 1442 dico
2255 1413 2381 1456 aqua,
2411 1407 2483 1448 sed
2504 1405 2601 1464 Spi-

1380 1460 1464 1503 ritu
1489 1458 1655 1513 sancto,
1683 1476 1791 1518 quos
1817 1465 2090 1522 intelligimus
2114 1469 2349 1525 baptizatos
2371 1474 2595 1530 baptismo.

1379 1530 1557 1577 loannis
1574 1535 1674 1585 ,'vel
1693 1536 1807 1590 quod
1829 1540 2078 1585 credibilius
2101 1547 2168 1585 est
2191 1544 2400 1598 baptismo
2420 1547 2595 1593 Christi.

1380 1604 1648 1651 Conveniens
1669 1610 1781 1652 enim
1800 1617 1891 1653 erat
1911 1623 1985 1655 eos
2007 1625 2103 1656 esse
2118 1615 2367 1670 baptizatos.
2392 1620 2463 1674 qui
2489 1620 2591 1676 bap-

1380 1676 1567 1721 tizabant
1589 1679 1712 1723 alios.
1737 1679 1797 1723 De
1818 1681 1966 1724 eodem
1989 1682 2252 1740 Augustinus
2271 1686 2510 1744 :Scriptum
2531 1698 2598 1736 est

1380 1746 1551 1800 quando
1591 1747 1830 1804 baptizatus
1860 1758 1925 1795 est
1955 1752 2129 1806 Paulus,
2149 1755 2220 1811 qui
2241 1758 2296 1800 ab
2312 1758 2473 1803 Anania
2494 1761 2596 1818 bap·

1379 1818 1535 1863 tizatus
1551 1826 1634 1863 est.
1669 1820 1751 1864 Sed
1773 1834 1858 1866 non
1882 1826 2177 1881 scriptumest
2198 1830 2368 1884 quando
2393 1831 2594 1889 baptizati

1380 1890 1538 1936 suerint
1561 1893 1632 1937 alii
1650 1896 1844 1950 apostoli.
1871 1896 1954 1941 Sed
1977 1899 2178 1945 debemus
2193 1902 2423 1960 intelligere
2466 1907 2596 1962 bapti·

1380 1972 1498 2009 zatos
1529 1973 1642 2018 esse,
1673 1974 1850 2024 propter
1874 1971 1986 2013 iilam
2018 1971 2277 2017 Dominicam
2311 1979 2592 2026 sententiam:

1383 2051 1397 2077 ι
1420 2036 1510 2082 Nisi
1534 2039 1630 2094 quis
1646 2047 1821 2085 renatus
1839 2041 1964 2086 suerit
1979 2056 2028 2087 ex
2046 2052 2222 2101 aqua‚et
2246 2047 2406 2104 Spiritu
2427 2060 2592 2102 sancto,

1378 2123 1462 2157 non
1491 2118 1632 2171 potest
1661 2114 1879 2158 intrarein
1907 2128 2082 2173 regnum
2107 2118 2179 2163 Dei
2205 2120 2347 2176 (loun.
2381 2123 2462 2178 nt).
2479 2139 2494 2165 ι
2522 2125 2595 2169 Sie

1378 2197 1531 2242 capere
1549 2187 1698 2233 volunt
1720 2186 1847 2238 Beda,
1881 2199 1924 2231 et
1939 2189 2217 2245 Augustinus,
2243 2194 2355 2248 quod
2393 2195 2594 2251 baptizati

1379 2255 1538 2299 luerint
1560 2256 1771 2313 baptismo
1793 2258 1969 2310 Christi,
1993 2267 2034 2304 et
2057 2262 2110 2305 de.
2131 2263 2385 2317 quibusdam
2412 2268 2516 2311 satis
2536 2270 2595 2312 vi—

1378 2328 1504 2371 detur
1523 2330 1638 2384 quod
1668 2330 1884 2385 baptismo
1917 2329 2092 2376 loannis
2127 2335 2284 2379 luerint
2306 2339 2519 2394 baptizati,
2547 2349 2592 2385 ut

1378 2402 1431 2446 dc
1464 2402 1661 2453 Andraea,
1681 2401 1880 2459 Philippo
1899 2412 1943 2449 et
1965 2405 2108 2459 Petro,
2143 2410 2195 2453 de
2225 2411 2379 2465 quibus
2409 2421 2592 2466 constat,

1378 2475 1492 2531 quod
1511 2475 1684 2519 suerunt
1707 2477 1799 2532 ejus
1827 2477 2042 2535 discipuli.
2070 2480 2158 2524 lloc
2179 2483 2293 2527 dicto
2316 2488 2514 2542 praecepit
2528 2489 2593 2533 eis

1377 2555 1421 2592 ut
1463 2549 1767 2604 egrederentur
1806 2550 1859 2595 de
1891 2554 2078 2604 civitate,
2104 2561 2141 2597 et
2167 2557 2309 2599 statim
2345 2561 2517 2604 evanuit
2537 2561 2593 2607 ab

1377 2624 1514 2667 oculis
1535 2635 1698 2669 eorum.

1378 2713 1479 2759 Cir.
1517 2714 1583 2759 ill.
1623 2717 1734 2769 Quid
1770 2719 2210 2817 respondit-haiminus
2235 2723 2449 2770 indiscrete
2475 2739 2589 2783 φω-

1890 2786 1961 2818 ren
1982 2789 1993 2817 t
2022 2790 2085 2820 us.

1433 2844 1542 2892 Eece
1556 2859 1669 2892 nona
1687 2849 1912 2904 apparitio.
1937 2848 1988 2892 Et
2010 2851 2151 2893 statim
2174 2858 2269 2907 post
2292 2854 2588 2896 comestionem

1377 2921 1574 2964 undecim
1598 2921 1796 2977 apostoli,
1817 2926 1859 2964 et
1885 2920 1954 2963 alii
1987 2921 2203 2977 discipuli,
2239 2929 2280 2966 et
2316 2923 2515 2967 mulieres
2535 2924 2589 2967 de

1377 2992 1546 3037 civitate
1569 2993 1826 3038 unanimiter
1856 2994 2034 3050 egressi,
2065 2994 2187 3050 juxta
2219 3003 2472 3051 praeceptum
2506 2995 2590 3039 Do·

1378 3066 1496 3119 mini,
1510 3071 1718 3111 venerunt
1735 3068 1777 3111 in
1790 3063 1974 3112 montem
1986 3067 2152 3118 oliveti,
2173 3073 2214 3112 et
2230 3068 2370 3112 stat-im
2382 3067 2586 3112 Dominus

1378 3139 1573 3197 apparuit
1608 3139 1687 3184 eis.
1723 3139 1942 3194 Quomodo
1979 3147 2117 3185 autem
2155 3140 2410 3197 praeceperit
2433 3140 2584 3192 eis,'ut

1377 3213 1678 3269 egrederentur
1694 3213 1746 3258 de
1766 3214 1954 3265 civitate,
1973 3219 2014 3257 et
2036 3214 2256 3259 evanuerit
2286 3216 2340 3258 ab
2361 3214 2496 3258 oeulis
2513 3227 2587 3258 eoa

1378 3298 1489 3338 rum,
1530 3293 1572 3331 et
1598 3287 1811 3342 qitotnodo
1846 3287 2004 3343 egi-essi
2027 3286 2079 3331 de
2105 3288 2275 3330 civitate
2314 3292 2517 3331 venerunt
2540 3286 2585 3331 in

1377 3366 1563 3404 montem
1587 3358 1754 3411 oliveti,
1791 3365 1833 3403 et
1862 3359 1920 3402 ibi
1955 3358 2158 3403 Dominus
2201 3359 2394 3415 apparuit
2425 3360 2504 3410 eis,
2541 3359 2585 3402 in

1378 3430 1562 3475 Historia
1589 3431 1841 3483 subticetur,
1866 3432 1964 3487 quia
1983 3431 2122 3475 brevis
2145 3438 2224 3476 est.
2252 3432 2370 3475 Tunc
2387 3432 2457 3486 qui
2481 3442 2584 3474 con-

1376 3511 1593 3558 venerant,
1611 3507 1831 3561 coeperiint
1845 3518 1941 3550 eum
1959 3507 2233 3561 interrogare,
2245 3505 2431 3549 dieentes
2447 3518 2481 3545 :i
2504 3503 2583 3546 Do-

1376 3579 1506 3633 mine,
1532 3578 1568 3621 si
1589 3580 1632 3621 in
1663 3584 1852 3633 tempore
1875 3577 1956 3620 hoc
1986 3579 2183 3621 restitues
2222 3589 2395 3633 regnum
2433 3576 2585 3620 lsrael?

1378 3651 1486 3708 (Act.
1512 3651 1542 3708 t)
1567 3666 1584 3695 ι
1608 3652 1853 3707 temporale,
1890 3656 2093 3706 quantum
2130 3650 2178 3692 ad
2219 3649 2420 3704 quosdam
2455 3649 2584 3703 impe·

1378 3727 1499 3775 ritos,
1519 3731 1559 3767 et
1576 3724 1805 3768 carnaliter
1828 3723 2057 3776 sapientes.
2085 3722 2155 3777 qui
2176 3722 2364 3765 videntes
2386 3721 2585 3776 alienige-

1379 3811 1474 3842 nam
1499 3811 1691 3854 regnare,
1722 3803 1765 3843 et
1786 3797 1953 3841 Judaeos
1984 3805 2078 3838 esse
2104 3803 2182 3837 sul)
2205 3794 2397 3850 praeside,
2423 3805 2584 3848 quaere-

1322 3858 1355 3901 D
1378 3873 1479 3915 bant
1500 3871 1553 3915 de
1575 3870 1843 3915 restitutione
1865 3870 1981 3924 regni
2004 3868 2131 3912 lsrael
2154 3868 2411 3923 temporalis,
2440 3871 2584 3921 putan-

1376 3951 1441 3987 tes
1466 3949 1567 3986 tunc
1593 3955 1616 3985 a
1652 3943 1830 3986 Domino
1866 3941 2187 3989 restituendum,
2214 3939 2325 3982 sicut
2345 3943 2387 3980 et
2410 3938 2494 3979 duo
2519 3935 2583 3978 di*

1379 4017 1528 4071 scipuli
1554 4016 1744 4059 dicentes
1772 4030 1781 4057 ε
1808 4014 1894 4057 Nos
1933 4013 2204 4073 sperabamus
2220 4010 2330 4067 quod
2355 4009 2444 4064 ipse
2470 4013 2583 4051 esset

1378 4086 1673 4142 redempturus
1708 4085 1853 4130 lsrael.
1888 4084 1970 4127 Alii
2002 4083 2136 4138 magis
2172 4080 2365 4124 instructi
2402 4078 2583 4123 scientes

1378 4161 1490 4203 illam
1516 4159 1840 4209 restitutionem,
1863 4168 1946 4200 non
1970 4155 2052 4199 nisi
2075 4154 2255 4196 finaliter
2282 4152 2482 4197 suturam.
2500 4150 2584 4193 scl-

1375 4232 1476 4276 licet
1502 4233 1615 4276 circa
1641 4238 1826 4286 tempora
1847 4228 2010 4283 iudicii,
2048 4224 2291 4282 quaerebant
2322 4222 2373 4265 de
2409 4222 2583 4263 restitu-

1377 4308 1492 4350 tione
1514 4307 1631 4361 regni
1656 4305 1783 4348 lsrael
1814 4301 2031 4357 spiritalis,
2065 4299 2226 4343 scilicet
2260 4296 2311 4339 de
2339 4294 2583 4341 dilatatione

1378 4378 1591 4423 Ecclesiae.
1616 4377 1676 4420 Ac
1697 4376 1733 4419 si
1758 4375 1946 4417 dicerent
1972 4389 1981 4414 ;
2009 4369 2205 4424 Nunquid
2230 4369 2273 4410 in
2297 4366 2375 4409 hoc
2398 4372 2584 4423 tempore

1382 4454 1527 4506 iacies,
1553 4450 1663 4506 quod
1688 4445 1919 4505 promisisti
1945 4442 2171 4487 Ecclesiae?
2197 4438 2405 4484 'Dominus
2443 4440 2581 4478 autem

1319 2805 1351 2852 C
