2924 4588
169 193 255 238 ’589

1091 179 1403 237 amramis.
1427 203 1484 212 -—
1504 178 1649 223 raas
1685 174 1814 225 xvii.

2651 179 2735 224 990

170 280 383 328 Conrado,
397 276 672 334 qualiterivit
687 275 797 318 ultra
812 285 946 326 mare,
960 273 1068 318 etde
1088 286 1187 325 rege
1207 271 1410 331 Rogerio,
1435 275 1472 320 A
1493 270 1630 321 Qum
1652 282 1792 326 neque
1807 282 1884 325 per
1905 270 2040 314 maria
2063 270 2177 315 vexit
2199 273 2305 316 ratis
2329 272 2415 316 ulia
2439 282 2622 324 manna,

168 358 213 400 et
230 353 284 397 de
307 353 394 395 tilio
415 363 493 395 suo
516 355 616 405 rege
639 347 871 391 wilhelmo
887 378 897 397 ,
919 353 962 390 et
981 347 1089 390 item
1102 345 1158 389 de
1178 344 1412 388 Wilhetmo

170 438 271 481 rege
291 425 378 467 sitio
400 421 638 472 wilhelmi,
665 421 862 463 versibus
884 418 1158 466 adnotamus.

169 514 276 560 Item
299 515 350 557 de
371 512 564 561 Conrado
582 513 702 554 tertio
720 542 731 561 ,
752 510 933 565 qualiter
955 521 1026 551 rex
1046 508 1245 562 nogarias
1267 513 1414 550 contra

222 585 315 614 enm
337 570 445 612 tollit
465 569 680 623 Apuliam,
698 575 737 610 et
754 579 826 622 per
850 565 1059 620 Vononem
1079 563 1415 616 ducem-infestat

222 639 391 683 requam
417 625 728 669 Tleeutonicum.

165 698 370 744 Lethario
393 698 617 748 moriente,
637 697 753 740 venit
767 693 992 738 Conradus
1011 693 1238 743 honestus.

165 770 374 816 Hostibus
394 769 595 821 infestus,
617 767 807 823 sapiens,
833 765 888 810 ad
907 771 1063 808 cuncta
1086 764 1326 818 modestus,

221 842 357 897 Quem
383 842 492 887 satis
514 840 743 895 imperium
763 838 940 888 laudat,
961 844 1004 881 et
1023 850 1150 880 omne
1168 837 1324 882 solum.

167 914 275 959 Dum
289 916 410 958 timet
423 915 538 957 hunc
551 912 740 967 Siculus,
763 911 865 954 dum
878 910 1056 967 perdere
1079 924 1210 967 regna
1220 916 1408 964 veretur,

166 983 336 1030 velfoni
359 986 433 1028 dat
454 984 567 1028 dona
591 984 708 1034 duci,
733 995 820 1039 quo
841 993 953 1037 saepe
975 988 1162 1034 tenetur,

221 1056 313 1100 Hoc
335 1048 446 1101 duce
474 1057 682 1100 sustinuit
704 1055 815 1098 bella
835 1053 1000 1098 ferente
1023 1054 1173 1098 def-us.

165 1129 365 1186 Undique
382 1129 608 1173 Conradus
632 1127 802 1173 Siculos
826 1135 994 1172 arctare
1017 1128 1212 1175 minatur
1228 1159 1239 1177 ,

162 1200 342 1246 Piaemia
367 1200 534 1245 Velfoni
548 1201 684 1257 magis
708 1201 778 1243 iile
800 1200 963 1245 referre
985 1205 1190 1256 paratur,

221 1273 406 1331 Diraque
428 1284 526 1317 cum
548 1285 646 1333 rege
661 1273 807 1329 praelia
827 1271 950 1316 Velfo
969 1277 1126 1315 movet.

138 1363 142 1367 ·
161 1349 323 1392 Contra
351 1345 573 1389 Volsonem
593 1357 715 1388 mens
738 1344 856 1400 regia
874 1344 999 1400 plena
1023 1342 1185 1394 furore,

162 1420 332 1478 impoti}
351 1419 510 1463 virtute
532 1419 599 1462 sui
622 1417 812 1461 defendit
837 1417 1047 1462 honorem
1061 1446 1073 1466 ‚

215 1493 416 1541 Vultibus
437 1478 646 1547 oppositis
662 1489 835 1534 insimul
858 1501 977 1531 arma
999 1493 1183 1538 movent.

15 1620 16 1623 Ἰ
57 1531 62 1546 ἶ
84 1607 85 1611 ,
161 1563 345 1612 Dextera
370 1563 556 1607 Conradi
575 1562 722 1617 gladio
747 1561 983 1604 conformis
1005 1555 1185 1609 Achilli,

14 1638 16 1645 '
52 1669 62 1684 ,
84 1637 86 1660 ³
163 1637 378 1691 Signifero
403 1635 603 1677 veniente
628 1633 753 1678 ducis
771 1638 903 1687 caput
925 1637 1118 1687 amputat
1142 1630 1230 1682 i.1li;

218 1707 297 1751 Hic
324 1708 394 1751 ubi
420 1711 556 1755 marte
580 1707 715 1756 cadit,
736 1704 860 1748 velfo
884 1704 1082 1760 repulsus
1106 1703 1210 1745 abit.

162 1779 414 1824 Multimoda
437 1787 539 1822 tunc
567 1777 681 1822 caede
705 1778 834 1829 data,
852 1782 1109 1833 sumptoque
1134 1775 1350 1831 trophaeo,

161 1853 388 1897 conradus
416 1853 574 1895 virtute
597 1852 724 1908 datur
742 1851 880 1906 maJor
903 1849 1165 1901 MachabaeO,

217 1925 352 1969 Omne
372 1927 504 1968 decus
524 1923 644 1967 Veifo
664 1932 858 1980 tempore,
877 1914 1018 1979 perdit
1042 1935 1108 1974 εο,

160 1999 333 2055 Rogerii
351 2001 464 2055 regis
482 1997 616 2041 Siculi
642 1998 758 2042 venit
781 1999 931 2041 ultima
956 1997 1044 2040 vita
1060 2029 1071 2048 ,

162 2073 296 2116 Fiuus
322 2073 458 2128 ipsius
481 2072 732 2116 Wilhelmus
751 2082 881 2128 regna
900 2073 1045 2128 cupita

219 2145 433 2202 Suscipit,
460 2151 503 2189 et
530 2146 624 2188 vitae
645 2151 835 2206 tempere
858 2152 1008 2200 regnat
1031 2146 1103 2188 ita.

164 2216 352 2274 Tempus
371 2218 473 2266 abit,
500 2214 725 2262 Conradus
745 2219 850 2269 obit,
869 2218 1066 2261 miranda
1084 2225 1294 2275 potestas.

165 2290 363 2335 Succedit
383 2290 629 2336 Fridericus
652 2293 716 2342 ei„
740 2293 955 2335 relevatur
973 2293 1202 2345 honestas,

219 2365 383 2409 Interea
408 2363 581 2419 Siculus
599 2379 671 2409 rex
689 2365 782 2410 sine
799 2366 920 2409 clade
947 2365 1045 2409 fuit.

162 2438 284 2482 Nulla
312 2439 429 2481 dedit
446 2438 593 2483 Siculo
612 2438 860 2483 Fridericus
883 2440 1028 2494 praelia
1053 2440 1162 2495 regi.

162 2509 270 2554 Nam
295 2510 518 2554 Mediolani
547 2517 650 2555 tunc
670 2512 814 2567 praelia
838 2513 963 2568 longa
989 2512 1168 2568 peregit.

220 2582 291 2626 Sic
306 2596 380 2626 rex
402 2582 661 2629 wilhelmus
684 2596 815 2640 regna
833 2586 976 2640 quieta
999 2585 1127 2641 regit.

523 2658 583 2700 De
606 2657 767 2702 duobus
789 2658 1040 2703 Willielmis.

161 2729 419 2774 Willielmus
440 2738 536 2788 post
563 2731 840 2774 Wiihzlmum
865 2733 1058 2776 succedit
1074 2734 1264 2784 honore,

162 2801 417 2854 Formosus,
444 2805 674 2861 ‚gladioque
691 2804 852 2860 probus
867 2836 878 2855 ‚
905 2817 1186 2861 summusque
1203 2806 1383 2859 decore,

217 2878 297 2930 Qui
323 2879 457 2933 magis
475 2879 674 2922 Ausoniae
697 2878 854 2931 dignus
868 2877 1031 2921 honore
1052 2877 1179 2922 foret.

162 2949 372 3005 Dumjam
395 2949 653 2993 Wilhelmus
677 2955 742 2993 ter
765 2943 899 2993 denos
923 2949 1090 3005 perficit
1114 2961 1275 3002 annos,

161 3023 304 3067 Caesar
333 3022 445 3078 apud
470 3022 644 3073 Danaos
667 3020 835 3065 Manuel
859 3023 1044 3070 mor-itur
1073 3022 1403 3075 memorandus,

219 3092 340 3136 Tunc
357 3106 527 3149 quoque
548 3091 830 3148 Francigenis
852 3105 927 3137 rex
950 3092 1196 3138 Ludovicus
1211 3094 1318 3139 obit.

31 3163 43 3174 ‘
93 3211 96 3215 ,
159 3165 387 3224 inperium
407 3181 522 3212 nunc
537 3166 784 3211 Graecorum
808 3167 920 3225 rapit
943 3167 1014 3212 ille
1037 3172 1263 3224 tyrannus,

161 3240 459 3290 Andronicus,
483 3240 684 3295 princeps
707 3240 917 3284 scelerum
931 3271 942 3290 ‚
967 3240 1035 3282 vir
1056 3252 1137 3284 nec
1159 3252 1407 3284 memoran-

216 3312 460 3357 Graecorum
480 3325 682 3367 proceres
703 3313 799 3367 ejus
819 3312 874 3356 ab
889 3312 994 3366 ense
1016 3312 1194 3356 cadunt.
1284 3312 1401 3370 [dus.

162 3383 221 3428 De
242 3398 340 3440 pace
361 3387 466 3429 iuter
486 3379 773 3440 imperatorem
793 3385 834 3427 F
835 3385 1059 3430 ridericum
1071 3393 1110 3429 et
1127 3385 1400 3431 Lombardos.

160 3456 340 3515 Expedit
362 3459 432 3503 hic
454 3459 539 3516 dici
559 3492 569 3510 ‚
600 3458 715 3515 quod
729 3466 772 3503 et
794 3460 974 3515 imperio
998 3459 1205 3511 Friderici
1222 3493 1233 3513 ,

161 3531 319 3577 Omnes
340 3531 569 3577 Lonibardi
593 3534 657 3577 sic
673 3531 918 3576 efficiuntur
941 3533 1069 3576 amici
1084 3565 1097 3584 .

217 3603 338 3648 Sicut
361 3605 400 3648 ei
424 3605 600 3661 placuit,
622 3617 693 3649 res
710 3610 827 3661 patet
845 3611 941 3648 acta
962 3605 1060 3649 sibi.

159 3675 294 3723 Filius
317 3679 454 3735 ipsius
472 3677 700 3729 lienricus,
725 3679 779 3722 ad
802 3679 887 3721 alta
905 3679 1095 3730 levatur,

159 3745 256 3792 Rite
271 3754 519 3802 coronatur,
544 3749 693 3792 uxoris
716 3748 879 3794 honore
899 3749 1067 3802 beatur,

216 3816 281 3863 ru
303 3821 415 3875 regis
439 3819 573 3863 Siculi
596 3820 683 3864 filia
701 3834 863 3878 sponsa
891 3822 988 3866 sihi.

163 3881 327 3947 Sponsa
347 3892 425 3935 fuit
439 3894 632 3948 speciosa
659 3894 804 3944 nimis,
832 3894 1086 3938 Constantia
1102 3895 1233 3944 dicta,

161 3961 408 4013 Postbuma,
434 3973 533 4021 post
549 3969 710 4021 patrem
733 3973 928 4011 materno
948 3973 1097 4011 ventre
1121 3968 1286 4018 relicta,

211 4033 390 4091 Jamque
405 4037 654 4080 tricennalis
668 4042 859 4093 tempore
879 4037 1002 4093 virgo
1023 4037 1120 4081 fuit.

159 4121 266 4167 Item
281 4124 333 4168 de
349 4123 543 4169 Conrado
569 4126 716 4176 tertio,
751 4127 933 4182 qualiter
953 4126 1067 4170 ultra
1088 4140 1202 4170 mare
1217 4128 1399 4181 perrexit

433 4193 533 4236 cnm.
557 4182 740 4225 exercitu
769 4180 1118 4226 Christianorum.

157 4249 348 4295 Consilio
365 4250 526 4296 Seneca
543 4285 554 4303 ,
579 4254 721 4308 specle
743 4253 886 4309 Paris,
913 4254 1071 4299 Hector
1092 4254 1136 4297 in
1158 4252 1309 4310 armis,

82 4313 92 4370 s
161 4318 351 4376 Regnum
374 4322 440 4366 bis
463 4323 827 4370 senisConradus
851 4329 1021 4369 rexerat
1043 4325 1168 4368 annis
1186 4357 1197 4375 ‚

214 4392 320 4436 Cum
346 4395 444 4438 tuiit
469 4395 513 4439 in
531 4393 720 4454 scapulis
745 4397 873 4441 insita
893 4397 1015 4453 signa
1041 4398 1202 4441 erucis.

95 4479 97 4482 ·
160 4461 281 4509 Unde
309 4463 526 4522 Cisaipina
551 4461 655 4519 gens
679 4469 820 4513 omnis
842 4476 931 4513 erat
955 4469 1198 4525 peregrina.

1549 341 1638 386 imo
1660 355 1737 398 per
1757 342 1984 398 Ungui-iam
2008 346 2268 399 praeripuere
2291 345 2420 387 viam.

1493 413 1615 458 Tunc
1638 427 1713 458 rex
1737 414 2002 473 Francigena
2022 415 2267 463 Ludovieus
2291 424 2433 461 mente
2452 429 2620 468 serena,

1488 484 1624 542 ‘Signa
1646 486 1792 530 crucis
1811 488 1968 530 tulerat
1991 500 2002 527 z
2027 499 2253 531 numerum
2274 489 2311 532 si
2335 501 2515 534 noscere
2532 488 2736 546 quaeras?

1547 555 1682 599 Miltia
1702 556 1877 602 millena
1901 555 2053 600 militis
2076 568 2227 615 agmen
2245 567 2383 603 erant.

1489 627 1627 686 Reges
1652 634 1692 672 et
1710 630 1892 684 populos
1917 631 2040 673 tatuit
2064 633 2235 674 fortuna
2261 631 2409 682 futuri,

1488 697 1597 742 Nam
1619 699 1791 742 fuerant
1814 702 1950 744 nostri
1976 714 2054 756 pro
2080 704 2171 757 iege
2195 700 2270 746 'Dei
2293 704 2510 749 morituri.

1543 769 1964 826 Constantinopolim
1987 773 2110 816 miles
2135 780 2316 829 uterque
2338 777 2472 819 venit.

1488 839 1590 887 lude
1605 855 1683 898 per
1704 841 1897 887 iconium
1919 840 1987 886 via
2014 857 2161 899 regum
2180 853 2294 890 recta
2320 844 2512 902 paratur⁸

1487 910 1741 971 Fraudeque
1764 903 2012 958 Graecorum
2035 916 2145 960 male
2157 928 2233 972 per
2256 916 2425 961 deserta
2447 923 2652 977 vagatur,

1545 984 1669 1030 Unde
1685 985 1796 1030 fame
1819 993 2026 1042 pereunt,
2050 1000 2148 1042 spes
2167 987 2283 1032 bona
2310 990 2427 1032 nulla
2449 991 2592 1036 datur.

1490 1056 1622 1101 Miltia
1646 1058 1888 1102 Turcorum
1912 1060 2090 1103 veniunt
2113 1061 2168 1104 ad
2193 1062 2302 1105 bella
2326 1062 2517 1106 virorum
2535 1095 2548 1114 ,
2603 1074 2605 1076 ·

1490 1129 1624 1185 Copia
1648 1130 1895 1174 Maurorum
1920 1130 2019 1175 ferit
2042 1132 2214 1188 agmina
2239 1133 2623 1187 Theutonicorum,

1545 1201 1742 1247 Perforat
1764 1204 1957 1259 ipsorum
1978 1209 2154 1260 pectora
2170 1237 2182 1256 ,
2219 1210 2362 1249 castra
2379 1206 2568 1250 thorum.

1490 1273 1614 1319 Nunc
1637 1287 1713 1319 rex
1733 1274 2000 1319 Francorum
2021 1283 2167 1320 eomes
2191 1282 2303 1321 astat
2328 1277 2708 1331 Theutonicorum‚

1433 1347 1467 1391 B
1489 1347 1690 1394 Perdit-ur
1713 1360 1932 1392 armorum
1957 1349 2107 1399 series,
2133 1354 2314 1394 ornatus
2335 1359 2566 1406 equorum,
2716 1339 2721 1342 ’

1544 1420 1675 1478 Plena
1695 1421 1843 1476 iacent
1868 1421 2056 1472 feretris,
2084 1428 2223 1477 prata,
2245 1423 2402 1478 platea,
2430 1424 2586 1467 forum.

1488 1495 1597 1538 Cum
1616 1496 1739 1538 labor
1761 1487 1960 1546 infestet,
1985 1495 2103 1539 calor
2125 1496 2289 1552 irrogat
2316 1496 2524 1552 undique,
2549 1502 2707 1552 pestes,

1489 1567 1571 1619 Qui
1598 1566 1769 1611 fuerant
1793 1568 1989 1623 equites,
2013 1575 2198 1624 pergunt
2221 1560 2445 1613 moriendo
2467 1571 2726 1626 pedestres,

1546 1638 1678 1695 AEger
1705 1640 1864 1695 ubique
1878 1641 2005 1694 jacet,
2027 1640 2172 1694 praelia
2190 1649 2338 1684 nostra
2361 1646 2522 1685 tacent.

1491 1709 1613 1754 Tunc
1639 1724 1712 1754 rex
1739 1711 1966 1754 Conradus
1984 1712 2130 1755 mult-is
2153 1712 2251 1755 tulit
2274 1723 2392 1755 arma
2415 1712 2567 1756 diebus
2583 1745 2595 1762 ,

1490 1785 1602 1829 Ense
1625 1797 1779 1840 regens
1803 1785 1986 1840 equites,
2012 1785 2282 1829 cessantibus
2300 1782 2485 1843 undique
2508 1786 2653 1839 rebus,

1549 1859 1620 1902 Sic
1643 1859 1737 1902 loca
1762 1858 1941 1914 pacifica
1967 1856 2192 1901 Theutona
2214 1858 2335 1914 sigua
2357 1864 2523 1914 petunt.

1488 1926 1637 1972 Adfuit
1659 1930 1855 1985 egregius
1874 1928 2122 1972 Fridericus
2146 1917 2235 1972 dux
2259 1928 2515 1980 Suevoruim

1492 2002 1632 2058 AEqua
1658 2015 1737 2047 suo
1755 2008 1909 2058 patruo
1934 2004 2043 2058 regit
2065 2003 2235 2057 agmina
2259 2001 2652 2054 Tbeutonicorum,

1545 2078 1750 2123 Hostibus
1776 2065 2002 2134 ingeritur,
2030 2077 2215 2133 protegit
2238 2079 2330 2133 ipse
2354 2077 2510 2120 forum.

1489 2150 1731 2195 Dummodo
1755 2152 1963 2196 festinant
1986 2151 2161 2193 nimiam
2181 2151 2316 2194 vitare
2338 2152 2505 2194 ruinam
2528 2183 2539 2202 ,

1489 2226 1718 2269 Inveniunt
1741 2225 1867 2270 binas
1889 2237 1969 2280 per
1992 2225 2137 2266 littora
2161 2222 2272 2266 forte
2295 2224 2483 2273 carinas,

1546 2298 1669 2342 Unde
1691 2297 2004 2354 Jerosolymam
2025 2293 2287 2352 praeripuere
2307 2295 2437 2339 viam.

1490 2372 1613 2415 Tunc
1633 2371 1771 2427 magis
1793 2371 1925 2419 irasci
1946 2369 2112 2413 studuit
2129 2382 2260 2424 super
2283 2370 2389 2412 urbe
2410 2367 2611 2412 Damasci
2625 2398 2636 2419 ,

1490 2442 1642 2487 Praelia
1664 2443 1880 2487 contraxit
1901 2473 1915 2494 ‚
1947 2442 2078 2498 coepit
2099 2441 2284 2485 victoria
2309 2442 2429 2484 nasci
2446 2474 2457 2491 ,
2573 2440 2576 2442 ’

1548 2516 1657 2560 Urbs
1682 2516 1862 2560 obsessa
1887 2515 1985 2567 fuit,
2012 2527 2110 2558 nam
2135 2515 2258 2570 quasi
2282 2520 2405 2570 capta
2425 2513 2521 2557 fuit.

1487 2587 1538 2633 Ni
1565 2589 1674 2632 foret
1695 2589 1753 2632 ob
1774 2588 1966 2645 pretium
1983 2601 2054 2632 res
2077 2587 2249 2631 vendita
2275 2585 2532 2643 proditione,

1489 2659 1603 2704 Urbs
1614 2661 1811 2721 *peritura
1831 2660 1966 2711 foret,
1989 2660 2235 2716 nostrisque
2259 2658 2448 2703 dedisset
2475 2658 2709 2711 innuerem,

1541 2732 1634 2777 Rex
1656 2746 1733 2788 pro
1762 2732 1913 2776 fraude
1931 2732 2098 2785 dolens,
2128 2733 2248 2788 signa
2271 2741 2441 2775 reversa
2467 2736 2619 2775 movet.

1486 2803 1581 2860 ipse
1604 2805 1695 2849 suis
1718 2805 1917 2849 manibus
1941 2818 2017 2849 rex
2037 2811 2180 2850 tantus
2203 2810 2296 2849 erat
2320 2804 2558 2860 gladiator,

1491 2876 1544 2920 Ut
1564 2877 1707 2932 gladio
1727 2876 1908 2920 feriente
1930 2890 2010 2920 suo
2027 2877 2171 2920 nulius
2194 2879 2381 2921 tueatur.

1541 2946 1727 3003 indeque
1747 2959 1824 3002 per
1848 2947 2036 2991 medium
2054 2961 2236 3004 corpora
2262 2959 2372 2992 caesa
2397 2947 2570 3000 cadunt.

1486 3019 1551 3062 Ad
1573 3032 1651 3064 sua
1675 3033 1806 3076 regna
1828 3020 1958 3072 redit,
1983 3023 2155 3065 modico
2178 3027 2275 3077 post
2298 3027 2492 3076 tempore
2514 3021 2618 3066 vivi-t
2633 3051 2647 3072 ‚

1485 3091 1801 3149 Palmigerique
1817 3093 1900 3139 viri
1922 3095 2047 3149 pauci
2074 3095 2254 3138 redeunt
2274 3093 2481 3146 redivivi,

1541 3164 1738 3221 Paceque
1760 3179 1837 3210 rex
1856 3167 1979 3218 obiit,
1999 3179 2100 3213 nam
2123 3166 2356 3222 requiescit
2378 3166 2456 3209 ibi.

1483 3237 1611 3282 Anno
1632 3239 1824 3290 milleno,
1851 3244 2049 3290 centeno,
2076 3245 2229 3295 terque
2246 3239 2425 3291 deceno,

1482 3310 1621 3368 Atque
1639 3318 1794 3367 quater
1810 3311 1944 3363 deno,
1968 3311 2109 3366 reddit
2135 3323 2213 3355 sua
2240 3316 2433 3366 tempora
2453 3309 2564 3353 eoelo
2578 3341 2591 3363 ,

1539 3383 1619 3427 Cui
1636 3383 1876 3427 famulabar
1897 3396 1995 3440 ego,
2026 3384 2215 3441 qui-mea
2239 3388 2376 3426 metra
2398 3382 2507 3437 lego.

1430 2406 1463 2451 C

1427 3471 1463 3514 Ι)
1485 3473 1547 3517 De
1567 3473 1823 3517 exaltatione
1851 3474 2113 3528 imperatoris
2154 3470 2362 3516 Friden'ci
2389 3472 2542 3526 primi,
2573 3470 2730 3524 nepotis

1545 3528 1729 3572 Gonradi
1765 3530 1902 3580 tertii,
1933 3529 2201 3583 octuaqesimi
2225 3528 2359 3570 octavi
2384 3527 2434 3569 ab
2465 3528 2669 3581 Anqusto.

1541 3601 1666 3644 Anno
1701 3602 1754 3644 ab
1776 3600 1992 3644 lucarnat.
2018 3600 2188 3643 Domini
2213 3599 2322 3642 1¹46
2339 3631 2349 3650 ,
2376 3611 2491 3642 anno
2521 3599 2648 3642 etiam
2674 3599 2729 3640 ab

1486 3670 1603 3718 Urbe
1637 3674 1810 3717 condita
1831 3673 1964 3724 4918,
1991 3673 2116 3717 annis
2137 3684 2243 3716 vero
2267 3673 2321 3715 ab
2343 3671 2478 3716 Adam
2502 3684 2576 3714 sex
2599 3669 2729 3713 miili·

1484 3748 1565 3791 hus
1588 3747 1793 3792 trecentis
1810 3747 1987 3802 triginta
2005 3746 2196 3801 quinque
2215 3745 2462 3794 transactis,
2481 3743 2728 3786 Fridericus

1484 3820 1651 3876 primus
1668 3851 1679 3870 ,
1723 3819 1838 3862 filius
1873 3817 2081 3862 Friderici
2114 3818 2237 3861 ducis
2277 3817 2514 3861 Suevorum
2533 3848 2545 3867 ‚
2581 3815 2728 3860 fratris

1484 3892 1652 3937 scilicet
1675 3891 1861 3935 Conradi
1883 3891 2015 3947 regis,
2038 3896 2171 3934 natus
2189 3902 2238 3934 ex
2263 3884 2504 3934 clarissima
2522 3888 2726 3945 progenie

1481 3964 1763 4016 carolorum,
1789 3970 1886 4020 post
1919 3963 2165 4007 Com-adum
2190 3963 2364 4006 tertium
2398 3963 2510 4017 apud
2530 3959 2723 4005 Franco-

1480 4037 1664 4081 sordiam
1689 4036 1906 4081 communi
1923 4041 2048 4088 voto,
2083 4041 2125 4079 et
2149 4047 2362 4080 consensu
2386 4035 2579 4079 onmium
2603 4034 2722 4090 prin-

1479 4107 1640 4164 cipum,
1666 4108 1828 4151 electus
1843 4113 1910 4151 est
1926 4106 1980 4150 ad
2003 4107 2246 4162 imperium,
2270 4106 2575 4162 nonagesimus
2592 4117 2720 4161 quar·

1478 4187 1548 4224 tus
1572 4179 1627 4237 ab
1649 4178 1884 4223 Octaviano
1895 4178 2104 4234 Augusto.
2122 4177 2256 4232 Cujus
2273 4179 2318 4221 in
2333 4178 2415 4220 hoc
2435 4177 2528 4220 loco
2543 4176 2716 4220 brevem

1478 4259 1710 4298 tractatum
1734 4254 1788 4298 ad
1810 4252 2123 4298 observandum
2147 4252 2386 4308 catalogum
2407 4251 2717 4308 imperatorum

1477 4325 1676 4376 facimus,
1694 4336 1750 4369 ne
1770 4324 1876 4368 ordo
1896 4324 2117 4368 nominum
2137 4324 2329 4380 ipsorum
2350 4323 2687 4377 interrumpatur
2700 4353 2712 4371 ,

1478 4398 1514 4442 si
1537 4397 1648 4441 forte
1665 4408 1823 4442 nomen
1850 4395 1943 4451 ejus
1962 4396 2006 4440 in
2027 4396 2109 4453 hcc
2134 4396 2326 4451 catalogo
2343 4407 2429 4439 non
2452 4394 2708 4449 assignatur.

1475 4468 1595 4513 Alibi
1611 4476 1755 4515 autem
1777 4470 1829 4515 de
1855 4469 2019 4514 uetitus
2044 4468 2158 4525 ejus,
2182 4467 2323 4512 omnia
2353 4467 2439 4513 scre
2460 4467 2710 4523 principati:
