2924 4588
155 63 236 108 62⁰

824 57 894 102 DE
924 51 1258 104 autumno
1283 47 1704 104 ‘'raom-NAGULO‘.
1729 80 1784 90 ν-
1813 54 2096 102 moestus.

2627 56 2711 101 650

153 148 433 196 monstratrix
452 147 614 201 existit,
639 146 751 193 etde
772 153 956 205 utraque
978 148 1194 194 bominem
1212 147 1392 194 eviden·
1416 145 1558 200 Anna
1591 146 1646 210 sit
1691 144 1823 191 iacies
1854 144 2126 203 eloquiorum
2149 151 2384 196 castorum,
2415 143 2609 188 diversas
2639 158 2716 200 prs

147 230 219 270 -ter
249 223 438 268 instruit.
460 221 574 266 Pura
610 232 796 278 namque
831 227 874 265 et
902 220 1077 266 assidua
1096 221 1244 278 ,ipsius
1267 221 1394 266 lectio

151 292 334 347 bomini,
351 293 405 340 de
423 293 647 346 Greatore,
674 292 978 350 Redemptore,
991 292 1292 338 clarificatos-e
1314 306 1394 338 suo

154 368 267 422 Deo3
293 375 336 412 et
358 367 411 413 de
435 368 518 418 bis,
545 378 640 424 quae
671 366 844 411 adeum
876 365 1106 423 pertinent,
1134 367 1395 412 intellectum

154 441 363 488 infundit:
396 439 640 484 intellectus
662 451 770 484 vero
791 438 990 483 affectum
1037 440 1184 496 parit;
1216 439 1396 485 affectus

153 526 324 570 quoque
351 514 405 558 ad
435 506 632 558 effectum
666 525 714 557 se
747 511 973 565 extendit;
1009 513 1162 569 sicque
1188 515 1398 560 veraciter

151 588 313 637 sciens,
348 586 550 631 ardenter
575 589 751 636 ‘aman-s,
784 585 949 630 utiliter
965 595 1166 642 operans,
1196 587 1396 632 meritum

150 648 408 716 acquirit'in
437 658 507 702 via
523 689 535 710 ,
560 669 638 715 per
659 656 776 714 quod
806 657 860 709 ad
882 658 1105 713 praemium
1130 660 1330 716 pertingit
1351 661 1396 702 in

150 732 254 778 vita.
274 731 377 785 Quae
396 731 570 775 comita
595 722 698 782 sint,
724 735 774 775 et·
797 731 909 774 ratio
940 730 1145 782 consulit,
1168 737 1210 775 et
1232 731 1396 776 utilitas

152 801 370 858 suggerit,
405 805 450 843 et
467 799 706 845 necessitas
725 799 839 856 cogit
861 804 908 842 ut
927 810 1063 843 sac-rae
1084 799 1318 856 Scripturae
1345 812 1398 844 eo

150 873 344 918 innixius
367 872 567 917 insistere
585 871 851 924 studeamus,
868 883 955 929 quo
973 873 1151 924 certius,
1175 885 1252 930 per
1267 885 1397 931 quam

153 947 472 994 nobistantum
515 945 762 990 conferatur
797 945 984 1001 bonum,
1024 958 1119 990 eam
1155 959 1270 999 esse,
1310 959 1397 990 non

152 1019 417 1076 ignoramus.
443 1017 581 1074 Hujus
602 1018 711 1062 liber
731 1019 851 1063 intus
874 1021 1064 1076 scriptus
1085 1052 1096 1072 ‚
1120 1026 1164 1065 et
1189 1019 1311 1074 foris,
1334 1021 1398 1063 la-

153 1093 442 1136 mentationes
461 1125 471 1143 ‚
494 1098 538 1136 et
555 1104 731 1136 carmen
751 1124 763 1144 ,
785 1099 836 1137 vet
858 1104 921 1136 vae
952 1093 1113 1149 scripta
1137 1092 1179 1137 in
1203 1092 1400 1156 sehabet

153 1164 323 1221 (Ezech.
347 1165 373 1207 2
389 1197 400 1216 ,
425 1164 485 1222 9).
530 1163 668 1221 Hujus
690 1197 700 1216 ,
724 1166 834 1210 rotis
857 1165 1118 1210 volubilibus
1136 1197 1148 1218 ,
1181 1178 1276 1223 quae
1299 1179 1397 1219 cum

152 1237 316 1282 sanctis
349 1236 608 1280 animalibus
637 1242 680 1280 et
712 1237 915 1282 erunibus
939 1241 1070 1289 eunt,
1112 1241 1155 1281 et
1183 1237 1397 1283 stantibus
1420 1227 1455 1272 Β

152 1314 284 1362 stant,
309 1315 351 1353 et
371 1309 548 1353 elevatis
574 1321 596 1352 a
618 1315 729 1351 terra
747 1309 988 1362 elevantur,
1014 1314 1193 1362 statura,
1217 1317 1282 1354 est
1304 1299 1401 1352 alti-

150 1379 274 1431 tudo,
292 1386 334 1424 et
353 1381 569 1423 horribilis
586 1387 785 1437 aspectus
803 1380 971 1436 (Ezeclt.
990 1394 1022 1433 1,
1039 1382 1127 1440 ⁶2¹).
1148 1381 1248 1427 Haec
1263 1383 1396 1435 enirn,

150 1459 200 1496 ut
222 1454 366 1498 verbis
395 1452 588 1510 Gregorii
615 1454 731 1510 (510)
758 1454 971 1499 mellifluis
1000 1463 1115 1513 utar,
1135 1458 1293 1502 mentis
1316 1468 1397 1500 no-

150 1532 253 1571 strae
279 1525 417 1571 oculis
439 1526 562 1583 quasi
588 1527 800 1582 quoddam
824 1529 1047 1583 speculum
1077 1529 1325 1585 opponitur,
1351 1534 1399 1573 ut

152 1599 322 1644 interna
360 1605 509 1644 nostra
544 1598 676 1644 iacies
710 1601 752 1643 in
790 1612 841 1644 eo
879 1600 1089 1646 videatur.
1135 1601 1196 1656 ibi
1240 1604 1397 1654 etenim

153 1671 284 1724 soeda,
314 1673 372 1716 ibi
399 1679 441 1717 et
463 1673 643 1730 pulchra
666 1679 814 1717 nostra
838 1675 1145 1731 conspicimus.
1184 1675 1246 1721 lbi
1264 1678 1400 1723 senti-

151 1756 251 1789 mus
285 1747 492 1801 quantum
532 1745 784 1802 prolicimus
814 1761 827 1801 ς
857 1747 916 1792 ibi
941 1760 1081 1804 quaur
1107 1749 1232 1807 longe
1253 1762 1277 1793 a
1298 1763 1398 1807 pro-

151 1818 266 1862 fectu
293 1809 521 1864 distamus.
547 1818 870 1866 Narratssautem
895 1828 1016 1878 gesta
1040 1823 1248 1877 virorum,
1279 1830 1322 1868 et
1345 1825 1399 1870 ad

149 1891 437 1936 imitationem
481 1891 614 1942 corda
658 1899 864 1950 provocat·
908 1895 1219 1952 intirmorum;
1268 1896 1400 1956 fitque

153 1965 296 2008 verbis
323 1965 456 2018 illius,
476 1971 523 2008 ut
546 1978 598 2010 co
619 1970 762 2011 minus
786 1979 909 2013 mens
933 1969 1047 2013 inter
1066 1970 1301 2014 certamina
1318 1975 1401 2015 tre-

152 2032 284 2095 pidet,
309 2050 394 2095 quo
415 2045 513 2083 ante
526 2052 573 2084 se
589 2041 753 2097 positos
772 2045 835 2084 tot
851 2040 1042 2085 virorum
1055 2039 1230 2086 sortium
1245 2034 1400 2086 trium-

151 2109 263 2166 phos
283 2110 412 2154 videt.
441 2108 759 2168 Nonnunquam
783 2124 886 2155 vero
918 2125 1002 2156 non
1023 2113 1161 2156 solum
1183 2114 1316 2158 nobis·
1332 2127 1399 2158 eo-

149 2195 247 2226 rum
273 2184 454 2228 virtutes
478 2186 646 2238 asserit,
673 2185 748 2229 sed
766 2185 895 2228 etiam
924 2198 1052 2230 casus
1071 2186 1284 2243 signifieat
1306 2201 1317 2240 ;
1353 2193 1398 2230 ut

150 2263 194 2302 et
226 2258 268 2302 in
292 2257 472 2302 victoria
496 2257 669 2302 fortium
687 2291 698 2311 ,
724 2260 840 2315 quod
865 2259 1072 2303 imitando
1101 2261 1318 2316 arripcre;
1355 2265 1397 2304 et

1472 226 1602 276 captu
1626 220 1871 276 legentium,
1895 219 2008 275 parit
2037 218 2373 276 intelligentias:
2398 223 2441 261 et
2458 216 2585 261 inodo
2608 218 2719 261 inci·

1475 294 1658 352 pientes,
1697 297 1742 336 et
1764 297 1937 335 teneros
1974 291 2086 335 laete
2119 291 2303 348 quodam
2346 296 2468 351 potat
2501 290 2716 344 historiam

1475 365 1602 409 modo
1625 370 1783 416 autem,
1809 362 1854 408 in
1882 363 1962 409 lide
1981 364 2271 421 proficientes,
2303 376 2412 422 pane
2429 364 2542 408 cibat
2563 364 2722 420 allego·

1476 439 1565 482 rioe.
1595 432 1721 482 Modo
1738 437 1882 487 etiam,
1903 438 2029 481 bonis
2047 438 2247 493 operibus
2264 445 2436 482 strenue
2453 437 2719 488 insudantes,

1476 511 1615 556 solido
1638 510 1773 554 reiicit
1794 510 1891 555 cibo
1914 509 2184 565 tropologiam
2204 510 2330 553 modo
2348 510 2532 565 denique
2553 510 2608 552 ab
2624 509 2723 553 imis

1475 595 1554 640 per
1570 585 1861 636 contemptum
1880 586 2149 624 terrenorum
2175 593 2427 636 suspensos,
2456 587 2499 624 et
2529 580 2582 623 ad
2596 593 2720 626 sum-

1476 669 1562 709 ma,
1589 669 1665 712 per
1682 655 1922 698 coelestium
1947 654 2225 703 desiderium,
2255 662 2497 710 provectos,
2523 656 2565 696 in
2591 666 2722 699 sensu

1476 727 1729 784 anagogico,
1754 726 1854 769 vino
1872 725 2077 768 theoricae
2118 725 2493 780 contemplationis
2520 725 2726 768 inebriat?

1474 802 1670 857 Cumque
1693 798 1861 843 caeteris
1878 798 2018 842 tribus
2042 798 2136 842 suis
2162 795 2376 849 sensibus,
2402 796 2454 840 ad
2480 797 2721 853 intelligen-

1476 877 1580 921 dum
1610 874 1793 919 historia
1828 879 1870 916 et
1901 873 2069 916 facilior
2109 884 2206 916 esse
2251 872 2404 924 soleat,
2437 878 2478 915 et
2515 872 2720 927 apertior,

1477 949 1602 1006 plura
1623 953 1767 991 tamen
1791 946 1834 989 in
1848 947 1900 990 'ea
1918 957 2223 1002 nonnunquam
2244 945 2428 1002 diligens
2450 946 2586 989 lector
2609 944 2725 987 inve-

1476 1022 1541 1065 nit
1564 1022 1698 1076 latere
1717 1018 1958 1065 secundum
1998 1031 2174 1064 sensum
2211 1017 2494 1067 historialem,
2519 1023 2561 1060 et
2578 1023 2723 1072 patere

1477 1093 1713 1139 secundum
1733 1093 1998 1151 spiritualem
2022 1097 2099 1146 ;ut
2123 1092 2259 1148 magis
2294 1091 2522 1147 aliquando
2538 1091 2723 1146 caligare

1477 1179 1656 1213 necesse
1679 1167 1751 1219 sit,
1780 1167 1822 1210 in
1845 1165 2030 1210 videndo
2062 1166 2202 1222 campi
2221 1165 2457 1221 planitiem,
2495 1176 2626 1220 quam
2648 1174 2724 1207 ne«

1476 1240 1611 1285 moris
1627 1239 1898 1285 densitatem.
1923 1238 1979 1284 Ut
2001 1239 2113 1283 euim
2136 1239 2319 1295 exempli
2341 1250 2474 1283 eausa
2498 1237 2551 1282 de
2577 1237 2724 1283 multis

1477 1313 1722 1370 proferatur
1745 1325 1895 1362 unum,
1921 1312 1965 1356 in
1997 1311 2162 1356 factura
2198 1316 2241 1356 ct
2270 1311 2554 1367 dispositione-
2580 1312 2726 1354 taber·
2794 1319 2797 1322 ⁴

1477 1388 1648 1442 naeuli;
1674 1387 1790 1445 quod
1814 1388 1927 1443 apud
1949 1387 2069 1430 illum
2094 1385 2316 1441 antiquum
2334 1384 2409 1429 Dei
2435 1385 2656 1442 populum,
2681 1386 2726 1428 in

1477 1460 1649 1505 deserto
1684 1459 1903 1517 quondam
1934 1458 2095 1502 sactum
2134 1463 2202 1502 est
2234 1457 2356 1513 plura
2394 1457 2607 1512 leguntur,
2630 1470 2726 1513 qum

1477 1535 1694 1591 plerisque
1716 1532 1841 1576 facile
1859 1537 2008 1587 patent
2029 1529 2312 1587 inspirituali
2330 1529 2659 1586 significatione,
2683 1537 2726 1573 et

1475 1620 1552 1653 eos
1572 1613 1719 1652 tamen
1732 1606 1866 1650 latent
1892 1605 1938 1648 in
1972 1604 2033 1648 rei
2055 1609 2184 1662 gestae
2217 1603 2410 1653 veritate,
2455 1609 2502 1645 ut
2540 1601 2723 1647 mirabili

1476 1681 1624 1732 modo,
1648 1685 1690 1725 et
1711 1679 1835 1724 valde
1858 1678 2068 1723 inusitato
2101 1675 2316 1721 sorbendo
2347 1675 2515 1732 possint
2555 1686 2727 1719 sumere

1475 1755 1640 1807 eibum,
1683 1759 1726 1798 et
1757 1765 1847 1797 non
1870 1751 1955 1796 nisi
1991 1749 2261 1796 masticando
2299 1747 2511 1793 sufficiant
2554 1759 2725 1793 sumere

1478 1834 1643 1886 potum.

1535 1900 1604 1945 vl.
1639 1899 1748 1953 Quia
1782 1911 1887 1944 vero
1919 1898 2114 1943 nonnulli
2144 1896 2466 1947 modernorum,
2508 1895 2725 1952 quomodo

1478 1973 1590 2017 idem
1616 1973 1939 2017 tabernaculum
1967 1972 2009 2014 in
2036 1983 2082 2015 re
2121 1970 2282 2014 sactum
2315 1970 2444 2013 luerit
2469 1975 2510 2013 et
2541 1969 2726 2025 disposi-

1477 2050 1570 2087 tum
1604 2054 1872 2100 nequaquam
1908 2042 2264 2098 deprehendunt:
2304 2045 2351 2083 ut
2370 2040 2532 2096 aliquid
2561 2041 2612 2084 de
2644 2041 2727 2086 hae

1478 2123 1623 2175 re-e'go
1644 2124 1833 2172 quoque,
1856 2115 1954 2160 licet
1969 2114 2075 2158 mihi
2098 2120 2141 2159 et
2167 2126 2350 2157 acumen
2388 2113 2563 2170 ingenii,
2589 2118 2631 2158 et
2658 2114 2727 2161 ni·

1476 2194 1547 2232 tor
1567 2187 1679 2232 desit
1694 2181 1869 2243 eloquii,
1897 2188 2086 2231 scribere
2119 2185 2334 2236 deberem,
2361 2186 2603 2230 veneranda
2641 2199 2724 2231 au·

1479 2262 1658 2304 ctoritas
1679 2266 1823 2304 vestra
1846 2260 2048 2316 parvitati
2073 2270 2179 2303 meae
2196 2258 2370 2315 dignata
2391 2264 2456 2302 est
2475 2259 2723 2315 praecipere,

153 2343 324 2376 rursum
350 2331 570 2375 videamus
595 2331 638 2375 in
657 2332 879 2387 lapsibus,
918 2332 1032 2388 quod
1073 2331 1306 2376 debeamus
1338 2332 1394 2375 ti·-
1420 2309 1454 2359 C
1480 2341 1526 2377 ut
1546 2334 1700 2378 merito
1725 2331 1901 2377 debeam
1921 2339 1978 2388 ⁸et
2007 2344 2293 2389 expavescere
2323 2345 2419 2376 eum
2451 2338 2640 2388 stupore,
2682 2339 2726 2378 et

149 2416 283 2449 mere.
315 2402 371 2447 Ut
395 2404 599 2448 nimirum
632 2405 846 2460 majorum
874 2405 1014 2449 virtus
1047 2417 1166 2462 spem
1204 2409 1397 2449 nostram

154 2469 312 2530 foveat,
348 2483 390 2521 et
409 2477 621 2533 maiorum
645 2488 775 2523 casus
800 2478 855 2523 ad
876 2479 1087 2522 cautelam
1114 2491 1196 2524 nos
1219 2479 1395 2522 humili-

152 2552 254 2594 tatis
274 2551 468 2608 accingat
501 2567 510 2595 :
537 2555 750 2607 quatenus
768 2583 779 2604 ,
815 2550 917 2596 dum
938 2551 1013 2595 illo
1036 2552 1271 2608 gaudentes
1293 2552 1397 2596 sub-

154 2624 319 2678 levant,
349 2625 431 2669 ista
453 2629 694 2668 metuentes
727 2630 955 2681 premant,
990 2626 1204 2670 audientis
1228 2627 1397 2671 animus

154 2697 271 2740 illinc
294 2697 383 2753 spei
405 2697 572 2748 ildueia,
608 2699 707 2741 hinc
726 2698 967 2742 bumilitate
990 2691 1166 2743 timoris>
1185 2698 1393 2755 eru-ditus,

154 2783 234 2814 nec
261 2772 501 2814 temeritate
530 2772 778 2828 superbiat,
806 2764 880 2828 qui
903 2771 1135 2817 formidine
1158 2773 1394 2828 premitur;

154 2857 235 2890 nec
266 2858 444 2901 pressus
479 2846 630 2890 timore
653 2846 880 2902 desperet,
908 2846 982 2902 qui
1005 2846 1059 2890 ad
1082 2847 1173 2902 spei
1198 2847 1397 2891 fiduciam

155 2917 326 2961 virtutis
352 2919 546 2974 exemplo
578 2908 822 2962 roboratur.
861 2917 998 2974 Hujus
1019 2918 1161 2962 etiam*
1182 2919 1281 2964 licet
1302 2911 1399 2962 'ma-

150 2987 234 3047 gna
257 2997 298 3034 et
339 2990 604 3035 admirabilis
627 2985 684 3034 sit
709 2991 937 3035 admodum
962 2991 1234 3048 profunditas
1260 3007 1270 3036 ι
1300 2993 1399 3037 licet

154 3065 294 3108 verbis
319 3077 627 3120 nonnunquam
658 3056 858 3121 perplexa
876 3096 890 3114 ,
925 3070 968 3110 et
990 3077 1115 3109 sacro
1140 3070 1254 3110 tecta
1287 3066 1398 3111 vela·

154 3136 269 3181 mine
294 3148 468 3180 suarum
493 3138 548 3180 sit
569 3137 878 3182 sententiarum
903 3138 1145 3192 subtilitas3
1173 3139 1216 3182 in
1238 3139 1304 3183 sui
1329 3144 1397 3181 ta-

154 3220 249 3252 men
267 3209 526 3265 cognitione,
551 3210 613 3254 sic
637 3221 790 3255 sensus
813 3208 1000 3253 admittit
1025 3202 1311 3267 perspicaces,
1351 3216 1398 3253 ut

153 3293 205 3325 ex
233 3287 323 3325 toto
348 3293 432 3325 non
464 3283 641 3338 repellat
671 3283 888 3339 simplices
916 3297 929 3326 ε
957 3282 1166 3327 exbibens
1193 3282 1416 3326 nimirum.

148 3356 198 3401 *in
224 3368 284 3407 se,
315 3361 357 3403 et
378 3355 490 3399 unde
520 3355 616 3399 illos
641 3355 821 3407 reliciat,
847 3364 890 3399 et
913 3350 1150 3398 unde'istos
1168 3356 1324 3408 lactet3
1353 3360 1399 3397 ut

153 3427 323 3471 abunde
349 3428 392 3470 in
415 3440 464 3472 ea
488 3429 665 3484 reperiri
695 3429 827 3485 possit
847 3461 859 3480 ,
892 3433 936 3474 et
957 3428 1074 3484 quod
1098 3428 1303 3471 robustus
1326 3439 1398 3471 co-

154 3503 311 3553 medat,
330 3508 389 3545 et
411 3502 526 3559 quod
548 3501 786 3545 infantulus
819 3506 958 3558 sugat.
990 3500 1166 3546 Occulta
1198 3513 1397 3556 namque,

156 3580 203 3616 ut
225 3575 282 3616 ita
316 3574 454 3618 dicam
474 3605 486 3624 ,
514 3574 880 3625 manifestatione,
901 3580 942 3618 et
966 3573 1192 3618 manifesta
1214 3574 1400 3630 quadam

154 3647 471 3707 occultatione,
512 3659 596 3689 una
621 3652 765 3690 tamen
788 3648 832 3690 in
864 3660 938 3698 se,
974 3645 1210 3703 eademque
1234 3658 1401 3705 semper

154 3720 395 3770 existendo,
433 3733 478 3763 se
501 3722 640 3763 variat
661 3734 670 3774 ;
696 3722 768 3763 tali
790 3720 963 3776 quidem
986 3728 1028 3763 et
1046 3720 1286 3765 bumilitate
1310 3731 1400 3761 ma-

152 3792 351 3848 jestatem
368 3791 497 3837 ‘suam
527 3794 767 3843 inclinans,
802 3799 842 3836 et
867 3793 1088 3847 majestate
1110 3805 1230 3837 suam
1257 3792 1398 3834 immi-v

159 3865 319 3907 litatem
348 3864 583 3908 sublimans
614 3880 624 3906 :
660 3864 783 3920 341
820 3870 864 3906 ut
890 3863 1078 3906 fluminis
1104 3875 1150 3906 se
1175 3861 1398 3916 cujusdam

157 3947 246 3978 non
268 3935 491 3991 profunda:
514 3935 829 3991 quodammodo
864 3934 1144 3989 profunditati
1171 3934 1396 3984 assimilet,

161 4006 204 4049 in
241 4019 325 4062 qua
355 4019 518 4063 agnus,
556 4008 652 4050 lieet
686 4007 918 4058 minimus,
949 4006 1167 4051 anibulare
1199 4006 1399 4050 sae-illlme

160 4078 325 4130 valletur,
356 4083 398 4122 et
420 4079 619 4136 elephas,
660 4080 857 4135 ‹piamvis
885 4080 1137 4132 immensus,
1154 4079 1226 4125 vix
1251 4085 1400 4123 natare

158 4150 357 4196 sulliciat.

216 4222 267 4266 V.
292 4218 399 4267 Cum
426 4222 557 4280 igitur
582 4235 667 4269 una
696 4224 740 4267 in
765 4237 810 4269 se
843 4223 1078 4280 eademque
1117 4237 1286 4281 semper
1324 4226 1402 4275 sit,

161 4299 204 4345 et
226 4304 250 4338 a
273 4307 318 4339 se
341 4307 558 4352 nunquam
583 4309 658 4353 per
688 4295 1034 4341 contrarietatem
1064 4291 1296 4350 discordet,
1324 4297 1397 4341 sed

216 4365 330 4423 (zio)
363 4366 492 4410 Gneo.
524 4367 630 4411 Mor,
655 4369 728 4411 lib.
757 4381 804 4419 u,
834 4380 871 4411 c.
900 4369 938 4411 l.

1477 2410 1781 2466 obstupescere
1804 2420 1902 2451 cum
1920 2419 2092 2463 pavore,
2119 2406 2220 2470 dum
2241 2407 2285 2450 in
2308 2406 2376 2450 liis
2392 2407 2553 2450 nostris
2574 2403 2728 2449 diebus

1476 2488 1565 2526 tam
1593 2482 1815 2527 evidenter
1843 2481 1970 2524 video
1992 2487 2192 2525 sanetum
2215 2479 2390 2536 Moysen
2408 2511 2418 2530 ,
2457 2480 2526 2535 qui
2553 2479 2594 2521 in
2613 2478 2726 2521 oriani

1480 2556 1554 2599 Det·
1578 2555 1703 2599 domo
1733 2554 2074 2611 fidelissima-sest
2109 2552 2259 2611 (Num.
2284 2564 2364 2604 xii,
2398 2553 2455 2610 7),
2503 2557 2546 2595 et
2579 2549 2727 2614 Jetln‘o

1476 2630 1703 2674 consilium
1729 2628 1947 2674 humiliter
1975 2627 2124 2671 audire
2143 2625 2297 2682 (Exod.
2319 2638 2442 2676 xvux,
2470 2624 2528 2681 l),
2549 2630 2592 2669 et
2608 2623 2729 2668 obab

1476 2701 1828 2758 Raguelisiilium
1854 2701 1898 2744 in
1927 2701 2078 2744 ducein
2113 2699 2282 2744 itineris
2320 2699 2475 2755 eligere
2491 2712 2513 2751 ς·
2528 2710 2625 2742 eum
2648 2697 2728 2742 du-

1478 2775 1593 2818 bium
1618 2775 1656 2818 ei
1680 2787 1765 2817 non
1783 2774 1855 2825 sit,
1885 2774 2026 2830 ipsum
2067 2771 2201 2816 Deum
2225 2779 2268 2817 et
2297 2784 2372 2816 ore
2395 2771 2449 2814 ad
2473 2783 2520 2816 os
2539 2772 2655 2828 loqui
2673 2770 2727 2817 ad

1475 2860 1593 2899 eum,
1621 2847 1859 2903 sicutloqui
1883 2846 1995 2891 solet
2013 2846 2141 2890 bomo
2159 2845 2212 2890 ad
2236 2845 2422 2889 amicum
2439 2858 2562 2890 suum
2582 2845 2731 2902 (Daue,

1477 2929 1624 2971 xxviv,
1649 2920 1716 2977 10)
1742 2937 1751 2963 2
1778 2927 1821 2963 et
1844 2922 1887 2963 in
1912 2921 2114 2964 columna
2138 2932 2307 2975 semper
2331 2919 2570 2976 praecedere
2591 2932 2735 2975 popu«

1478 2993 1565 3036 lum
1583 2992 1633 3035 ad
1654 2992 1963 3047 providendum
2001 2999 2240 3037 castrorum
2277 2993 2419 3037 locum
2451 2991 2605 3049 (Exod.
2630 3005 2724 3042 κω,

1476 3065 1566 3120 21).
1592 3065 1699 3118 Quis
1729 3066 1840 3110 enim
1868 3066 1981 3109 inter
2007 3078 2157 3110 omnes
2191 3066 2422 3121 sapientes,
2463 3066 2535 3120 qui
2570 3066 2614 3112 in
2646 3065 2728 3109 bac

1478 3140 1591 3183 terra
1615 3145 1730 3193 sunt,
1754 3139 1877 3184 vobis
1902 3139 1980 3182 hac
2006 3139 2050 3183 in
2073 3151 2137 3190 re,
2170 3151 2255 3182 non
2274 3139 2387 3190 dico,
2413 3139 2724 3194 przel'erendus.

1477 3211 1553 3257 sed
1571 3213 1638 3257 vel
1660 3213 1896 3268 aupiandus
1913 3218 2044 3264 esset,
2061 3213 2098 3258 si
2116 3225 2191 3257 vos
2209 3211 2278 3255 liis
2296 3212 2524 3256 intendere
2536 3211 2724 3268 suscepti

1479 3297 1503 3328 a
1527 3286 1614 3330 Deo
1649 3287 1871 3343 regiminis
1887 3287 2056 3343 negotia
2082 3286 2300 3330 sinerent?
2343 3285 2534 3337 Qualiter
2554 3286 2605 3329 de
2644 3286 2725 3329 linc

1425 3379 1458 3422 ὓ
1481 3360 1673 3404 scribere·
1693 3359 1908 3410 deberem,
1925 3364 2068 3402 vestra
2106 3371 2173 3401 me
2208 3358 2445 3413 paternitas
2466 3359 2517 3399 ad
2551 3358 2721 3412 plenum

1465 3433 1710 3484 instruxit,
1737 3438 1784 3476 ut
1817 3432 2133 3488 quodammodo
2173 3432 2300 3475 etiam
2327 3431 2372 3474 in
2390 3443 2457 3474 me
2480 3442 2530 3474 eo
2553 3430 2722 3473 facilius

1480 3504 1683 3553 Salomon
1718 3504 1923 3561 templum
1958 3508 2210 3547 constr-uere
2243 3508 2402 3558 posset,
2433 3514 2530 3556 quo·
2554 3501 2720 3556 plenius

1479 3581 1518 3622 ci
1540 3584 1661 3635 pater
1683 3577 1958 3628 suus'David‚
1991 3583 2033 3620 et
2064 3575 2278 3631 quomodo
2305 3574 2495 3617 emistrui
2530 3573 2723 3621 deberet,

1479 3650 1664 3694 ostendit
1685 3649 1716 3706 (l
1732 3650 1834 3691 Par.
1852 3662 1959 3698 xxii,
1981 3647 2022 3704 8)
2042 3653 2121 3691 :ret-
2135 3658 2398 3702 quaecunque
2418 3645 2456 3688 ci
2474 3645 2517 3687 iu
2537 3644 2718 3687 aedifica·

1480 3725 1596 3767 tione
1612 3722 1856 3766 necessaria
1877 3721 2031 3772 forent,
2058 3731 2297 3776 praeparare
2314 3724 2353 3761 et
2376 3716 2570 3761 conferre
2586 3716 2722 3760 inten-

1479 3796 1556 3840 dit.
1580 3794 1729 3839 vestra
1750 3795 1895 3850 igitur.
1920 3794 1981 3837 mi
2016 3798 2136 3849 pater
2159 3792 2335 3842 dilecte,
2371 3796 2412 3834 et
2438 3790 2720 3846 praeeeptione

1480 3870 1743 3924 compulsus,
1766 3876 1810 3911 el·
1828 3867 2068 3910 eruditione
2094 3866 2345 3914 instructus,
2365 3869 2405 3907 et
2429 3863 2719 3906 consolatione

1480 3942 1694 3984 animatus
1717 3953 1726 3980 ε
1749 3942 1912 3995 jactato
1930 3940 2118 3993 cogitatu
2134 3934 2227 3981 mco
2245 3937 2288 3980 in
2313 3937 2385 3980 illo
2400 3936 2472 3992 qui
2497 3938 2626 3990 aperit
2644 3949 2719 3983 ora

1480 4021 1706 4060 nautarum,
1746 4020 1784 4054 et
1818 4013 1978 4067 {nimias
1997 4010 2238 4064 ·inscmtimn
2276 4010 2378 4065 facit
2402 4021 2496 4053 esse
2539 4008 2717 4052 disertas

1481 4086 1598 4142 (sup.
1625 4098 1668 4136 x,
1686 4086 1774 4141 ΞΤ),
1817 4083 1959 4126 studio
1997 4083 2203 4132 animum,
2245 4086 2287 4125 et
2329 4082 2494 4125 calamo
2531 4080 2718 4135 applicui

1479 4170 1651 4202 niarium
1673 4172 1683 4210 ;
1708 4163 1748 4201 et
1773 4170 1866 4212 quae
1889 4156 1991 4216 milii
2016 4166 2143 4210 super
2166 4156 2247 4197 boc
2271 4167 2345 4210 per
2376 4153 2570 4208 spiritum
2590 4164 2716 4195 suum

1479 4231 1724 4276 ministrare
1741 4222 1941 4286 dignatus
1965 4235 2045 4282 est,
2065 4230 2216 4271 litteris
2236 4227 2443 4282 expressi.
2464 4226 2552 4268 Non
2577 4225 2718 4273 selum

1479 4309 1635 4355 autem,
1665 4301 1877 4358 quomodo
1901 4300 2065 4346 visibile
2102 4297 2203 4343 illud
2231 4297 2362 4355 Moy-si
2395 4294 2714 4344 tabernaculum
