2924 4588
327 98 432 143 1431

323 258 575 313 coruputati.
607 256 694 299 Soli
720 260 862 299 autern
886 267 960 297 sex
979 266 1166 303 menses,
1193 265 1303 308 quos
1330 249 1571 294 correctius

323 329 445 380 vixit,
472 330 516 371 in
540 307 761 371 sticesimo
784 333 940 369 octavo
963 338 1078 369 anno
1098 326 1212 370 Oziae
1242 326 1302 368 illi
1325 329 1429 367 sunt
1452 333 1573 365 com-

322 405 476 459 putati.
503 401 548 444 ln
571 390 792 445 tricesimu
823 406 965 443 autem
981 399 1111 443 mono
1135 411 1250 442 atino
1276 396 1390 442 ouae
1409 394 1571 439 Selium

320 478 467 520 occiso
486 475 720 518 Zacharias
742 460 938 530 regnavit
960 473 1004 516 in
1032 474 1161 517 lsrael
1184 485 1270 524 uno
1291 483 1458 515 mense.
1483 469 1572 512 Eo-

319 551 415 593 dem
441 561 555 591 anno
576 532 803 590 manahen
839 546 999 591 occidit
1023 545 1202 597 Sellum,
1226 551 1269 589 et
1307 543 1503 600 regnavit
1525 541 1571 584 in

319 618 450 663 israel
470 619 618 662 decem
640 619 783 662 annis.
809 619 934 661 Anno
950 618 1310 673 quinquagesimo
1326 616 1441 659 oziae
1464 615 1571 658 Pha—

317 691 411 734 cela
437 692 550 734 lilius
569 691 778 734 Manairen
806 690 1001 746 regnavit
1023 690 1065 732 in
1086 689 1215 732 lsrael
1235 689 1405 732 duobus
1427 687 1569 730 annis.

317 763 443 808 Anno
477 764 836 819 quinquagesimo
877 762 1068 806 secundo
1103 760 1218 806 Oziae
1250 760 1417 804 Pbacec
1458 760 1572 804 tilius

319 835 520 879 Roureliae
550 834 762 878 phaceam
800 833 1031 883 interfecit,
1057 838 1100 875 et
1139 831 1338 894 regnavit
1368 831 1411 873 iu
1439 830 1572 874 lsrael

316 907 468 962 viginti
493 910 637 952 annis.
667 907 795 950 Anno
826 906 1018 950 secundo
1051 903 1222 948 Phacee
1253 902 1450 958 regnavit
1471 902 1573 946 Joa-

316 983 419 1024 than
443 982 486 1025 in
523 980 780 1031 Jerusalem,
819 986 863 1024 et
897 978 1083 1024 sedecim
1112 979 1168 1020 ibi
1201 980 1327 1020 aruris
1353 975 1568 1032 regnavit.

314 1053 568 1105 Quindecim
593 1065 697 1108 ergo
719 1053 848 1096 annis
875 1052 926 1094 ad
950 1050 1093 1093 minus
1124 1049 1252 1092 simul
1277 1054 1572 1104 regnaverunt

312 1120 497 1167 joathan
523 1124 566 1167 in
592 1123 721 1175 Juda,
747 1130 789 1168 et
814 1123 980 1165 Pha-:ee
1005 1122 1048 1164 in
1071 1120 1222 1165 lsrael.
1246 1119 1298 1162 Et
1331 1131 1474 1164 annus
1495 1119 1571 1175 qui

315 1196 398 1239 suit
424 1199 601 1240 ultimus
637 1195 822 1239 Joatlian
860 1195 943 1237 fuit
980 1193 1150 1236 Pliacce
1185 1192 1398 1246 decimus,
1433 1197 1477 1235 et
1509 1191 1569 1234 ita

313 1268 479 1312 Phacee
503 1271 699 1324 regnavit
723 1277 818 1324 post
848 1265 1033 1310 Joatlian
1068 1266 1206 1309 tribus
1230 1266 1374 1315 annis,
1400 1265 1445 1307 in
1471 1264 1570 1320 qui-
1598 1249 1632 1292 Β

313 1342 393 1384 bus
418 1342 696 1396 conregnavit
715 1341 753 1384 ei
777 1340 919 1382 Achaz
954 1339 1066 1382 tilius
1089 1337 1292 1383 Joathan.
1318 1337 1443 1389 Quod
1466 1349 1568 1393 ergo

314 1413 484 1468 legitur,
507 1414 621 1468 quod
666 1413 775 1456 Osee
813 1412 1032 1455 interfecit
1072 1410 1256 1460 Phacee,
1284 1416 1327 1454 et
1372 1412 1569 1467 regnavit

314 1499 390 1539 pro
423 1499 475 1529 eo
511 1487 716 1531 vicesimo
753 1500 866 1530 anno
905 1485 1090 1528 Joatban
1122 1484 1198 1528 tiili
1233 1483 1365 1535 Oziae,
1397 1495 1450 1527 ex
1492 1483 1566 1527 illo

312 1562 503 1612 tempore
541 1571 719 1615 regnum
755 1557 939 1602 Joatlian
975 1557 1204 1614 Scriptura
1237 1560 1454 1608 numerat,
1482 1567 1571 1611 quo

994 1875 1455 1950 HISTORIA
1531 1877 1793 1951 LIBRI
1886 1875 2238 1951 TOBIAE.

366 2186 555 2236 Historia
591 2179 737 2235 Tobiae
773 2182 997 2234 exordium
1039 2182 1187 2234 habuit
1230 2189 1274 2233 in
1315 2189 1564 2246 captivitate

307 2266 454 2310 decem
482 2263 687 2313 tribuum,
714 2276 843 2319 quam
883 2264 984 2308 sec-it
1020 2263 1311 2308 salmanasar.
1343 2265 1437 2317 Quo
1461 2276 1564 2308 vero

308 2345 501 2393 tempore
526 2336 756 2380 terminum
782 2337 995 2387 habuerit,
1019 2350 1105 2380 non
1129 2338 1235 2382 satis
1257 2338 1413 2394 elucet.
1438 2337 1564 2382 Vide-

308 2419 379 2453 tur
423 2409 564 2458 enim,
609 2410 848 2452 seeundum
896 2411 1083 2463 litteram
1131 2410 1353 2462 historiae.
1403 2410 1562 2457 Tobias

307 2482 468 2526 vixisse
496 2488 588 2537 post
610 2482 823 2526 excidium
848 2482 1085 2528 Jerusalem
1110 2491 1151 2528 et
1174 2484 1420 2528 incendium
1449 2490 1560 2529 tem-

308 2557 382 2612 pli.
415 2555 486 2599 Ait
511 2556 625 2599 enim
654 2556 695 2599 in
722 2556 892 2600 cantico
923 2569 1002 2600 suo
1032 2570 1042 2598 t
1074 2571 1088 2597 r
1118 2556 1373 2608 Jerusalem,
1407 2556 1560 2602 civitas

308 2628 400 2677 Dei,
421 2629 649 2685 castigavit
671 2634 713 2672 te
732 2628 957 2682 Dominus,
976 2629 1155 2672 benedic
1181 2628 1312 2673 Deum
1333 2628 1378 2672 in
1402 2629 1561 2674 saecula

307 2703 582 2754 saeculorum,
603 2709 647 2745 ut
675 2703 900 2748 reaedificet
922 2703 1248 2746 tabernaculum
1276 2716 1402 2746 suum
1426 2703 1472 2747 in
1500 2709 1559 2756 te,

307 2782 348 2816 «t
390 2782 563 2818 rexocet
605 2774 658 2817 ad
696 2781 737 2818 te
772 2787 922 2819 omnes
953 2775 1147 2831 captivos
1171 2774 1292 2832 (Tob.
1323 2775 1438 2833 xur).
1470 2791 1486 2818 ι
1514 2773 1562 2819 ln

307 2847 457 2891 diebus
491 2853 632 2891 autem
666 2848 818 2891 mortis
848 2861 954 2902 suae,
979 2861 1076 2892 cunr
1110 2848 1363 2903 praediceret
1387 2848 1487 2894 filiis
1509 2848 1564 2894 de·

270 2910 277 2915 ⁴
310 2919 449 2963 reditu
476 2921 761 2975 captivorum,
786 2921 846 2964 ait
871 2936 881 2965 z
910 2934 928 2962 ι
957 2919 1089 2973 Terra
1113 2922 1283 2966 deserta
1309 2922 1559 2978 replebitur,

308 3000 350 3035 et
375 2991 529 3035 domus
552 2991 642 3043 Dei,
666 3005 762 3048 quae
786 2994 830 3035 in
849 3007 898 3036 ea
920 2994 1098 3038 incensa
1121 3001 1203 3046 est,
1227 2995 1383 3040 iterum
1409 2995 1562 3040 reaedi-

310 3065 507 3108 ficabitur
530 3063 649 3120 (Tob.
676 3068 779 3117 xiv).
802 3081 815 3105 ι
835 3064 880 3109 Si
902 3080 1004 3112 vero
1034 3070 1306 3113 attendamus
1330 3070 1562 3113 terminum

308 3138 407 3180 vitae
431 3135 591 3186 Tobiae,
633 3137 710 3180 filii
753 3138 898 3183 Tobiae
944 3141 1040 3195 (suit
1096 3142 1211 3184 enim
1249 3143 1461 3187 terminus
1497 3142 1564 3186 hi-

312 3209 493 3257 storiae,
531 3208 605 3263 qui
646 3207 724 3251 fuit
761 3211 799 3253 ei
843 3212 1051 3255 terminus
1085 3213 1199 3259 vitae)
1238 3226 1324 3255 non
1372 3212 1566 3256 invenie·

310 3290 406 3323 mus
454 3278 680 3323 historiam
727 3281 1004 3326 descendisse
1033 3283 1084 3325 ad
1109 3285 1204 3339 plus
1231 3285 1342 3327 ultra
1370 3292 1562 3340 tempora

310 3348 454 3397 Josiae.
487 3349 706 3396 Ponamus
728 3354 842 3396 enim
870 3354 1002 3396 silium
1031 3367 1127 3398 cum
1154 3363 1274 3410 patre
1297 3356 1561 3412 captivatum

311 3429 435 3484 sexto
457 3437 571 3467 anno
596 3423 803 3476 Ezechiae,
830 3433 870 3470 et
906 3429 1153 3470 anniculum
1186 3441 1300 3480 esse,
1328 3428 1563 3486 nonaginta

312 3509 464 3539 novem
489 3498 615 3540 annis
638 3506 801 3541 tantum
827 3499 948 3549 vixit,
975 3500 1088 3543 circa
1122 3499 1373 3545 vicesimum
1399 3514 1563 3546 annum

310 3567 438 3619 Josiae
468 3576 667 3614 mortuus
689 3578 771 3616 est.
809 3571 930 3615 Hanc
965 3574 1188 3617 historiam
1215 3574 1438 3618 transtulit
1461 3573 1560 3618 nie-

310 3654 516 3699 ronymus
550 3644 603 3687 de
633 3656 832 3689 sermone
862 3646 1160 3689 Chaldaeorum
1199 3648 1242 3690 in
1270 3647 1472 3690 Latinum
1506 3646 1559 3691 ad
1587 3631 1620 3674 D
1643 3668 1699 3699 ne
1722 3655 2096 3702 contaminaretur
2122 3654 2165 3696 in
2199 3652 2310 3697 cibis
2341 3653 2582 3708 gentilium,
2608 3651 2685 3695 sed
2717 3656 2761 3695 et
2788 3651 2810 3695 'v

305 3714 557 3772 petitionem
595 3714 834 3758 chromatii
883 3723 927 3759 et
970 3717 1187 3761 ileliodori
1236 3719 1556 3774 episcoporum.

313 3784 431 3827 llanc
470 3786 694 3830 historiam
727 3786 863 3831 Judaei
902 3789 1013 3832 inter
1050 3784 1294 3847 apocrypha
1326 3800 1490 3847 ponunt
1524 3777 1557 3837 ⁴.

313 3854 596 3912 Hieronymus
627 3864 767 3902 tamen
793 3862 834 3902 in
860 3859 1042 3916 Prologo
1075 3865 1158 3906 suo'
1177 3863 1282 3906 dicit
1305 3863 1417 3906 inter
1440 3864 1560 3919 agio-

312 3927 488 3981 grapha.
514 3929 627 3982 quod
650 3930 686 3972 si
706 3938 834 3984 esset,
856 3938 997 3976 tamen
1034 3941 1150 3977 esset
1187 3935 1229 3977 in
1256 3932 1382 3978 tertio
1404 3937 1557 3980 ordine

312 3997 491 4040 canonis
515 3997 681 4044 Veteris
705 4001 991 4057 Testamenti;
1017 4006 1106 4053 sed,
1127 4007 1226 4061 quia
1257 4007 1310 4051 de
1345 4009 1464 4051 nullo
1484 4020 1557 4051 or-

312 4066 412 4112 dine
441 4076 523 4121 est,
546 4072 737 4118 dicemus
766 4076 867 4130 quia
900 4076 1184 4134 Hieronymus
1209 4080 1409 4126 diffusius
1433 4094 1559 4128 acce·-

315 4139 383 4218 pit
398 4141 673 4198 agiographa,
703 4152 748 4188 ut
781 4147 1019 4193 includeret
1056 4152 1186 4194 etiam
1222 4155 1482 4211 apocrypha,
1514 4162 1558 4199 et

314 4220 415 4265 quia
442 4212 583 4255 vicina
611 4223 675 4259 est
714 4218 857 4273 lingua
882 4220 1180 4265 Chaldaeorum
1214 4223 1428 4270 Hebraico
1464 4239 1558 4271 ser-

315 4279 450 4331 moni.
484 4283 708 4342 utriusque
735 4287 892 4345 linguae
929 4291 1111 4346 peritum
1144 4293 1368 4349 loquacem
1387 4296 1556 4343 habens

316 4343 620 4422 moronymus,
642 4359 847 4418 quidquid
867 4362 937 4407 ille
959 4362 1148 4408 Hebraeis
1164 4365 1307 4411 verbis
1326 4369 1553 4425 expressit,

1339 84 1498 130 parm
1527 78 1896 128 coues‘roms·
2224 133 2227 135 ,
2711 127 2713 130 .
2789 71 2826 126 ιζ

326 200 422 230 meu
455 184 531 234 illi,
552 185 650 241 quia
688 183 872 239 pessime
902 183 1026 233 vixit,
1048 182 1090 224 in
1134 193 1315 236 regnum
1351 190 1437 222 non
1468 182 1571 219 sunt
1595 180 1631 223 A
1655 173 1769 229 patri
1790 173 1961 227 leproso
1988 170 2284 227 conregnavit.
2323 168 2401 212 Ubi
2436 175 2579 212 autem
2610 168 2766 223 legitur
2799 186 2802 205 ι
2833 163 2835 166 ’

1617 539 1619 541 ·
1652 533 1820 577 Phaeee
1839 538 1881 576 et
1906 530 2049 575 Achaz
2080 523 2222 581 tribus
2255 538 2420 575 tantum
2456 531 2581 574 annis
2613 542 2831 587 οοητεςιιχ

1653 255 1768 288 anuo
1786 242 1979 288 secundo
1998 239 2168 285 Phacee
2186 242 2399 297 regnavit,
2420 249 2460 284 et
2480 240 2594 296 quod
2613 228 2823 289 sedecim*

1653 317 1722 359 nis
1745 313 2010 370 regnaverit,
2032 313 2086 356 ab
2111 313 2188 355 illo
2212 320 2405 364 tempore
2427 318 2642 362 numerat,
2667 323 2752 366 quo

1652 392 1826 430 mortuo
1864 391 1988 440 patre
2032 385 2246 440 regnavit.
2295 383 2433 428 Porro
2476 383 2732 427 duodecimo

1652 459 1797 502 Achaz
1821 458 1933 503 Osee
1955 457 2155 514 regnavit
2172 458 2321 503 decem
2345 458 2471 506 annis
2495 458 2539 500 in
2554 455 2704 502 lsrael.
2731 454 2778 511 Si

1653 612 1773 657 runt,
1802 611 1848 649 ut
1869 605 2033 650 dictum
2051 612 2134 656 est,
2159 611 2264 648 tuuc
2301 611 2457 661 quarto
2487 617 2602 649 anno
2619 603 2763 650 Achaz
2810 663 2820 667 “

1653 692 1730 726 sus
1753 685 1819 741 est
1847 679 2030 724 Phacee.
2057 679 2148 722 Etsi
2174 678 2300 729 Osee,
2320 679 2490 726 occisor
2508 679 2620 734 eius,
2643 690 2729 721 non
2782 695 2822 736 '·':

1651 752 1714 796 vit
1735 763 1815 808 pro
1839 764 1907 802 eo,
1944 764 2081 806 usque
2111 751 2168 794 ad
2205 750 2510 795 duodecimum
2540 763 2699 794 annum
2739 749 2818 792 Α»

1654 831 1758 868 tunc
1782 836 1964 880 reguum
1983 822 2115 867 lsrael
2136 822 2217 870 [uit
2235 829 2334 867 octo
2352 823 2480 866 annis
2501 823 2594 865 siue
2621 834 2736 877 rege.
2755 818 2772 864 l
2790 831 2793 834 ’

1652 898 1868 953 praedictae
1894 897 2243 946 contrarietates,
2264 902 2307 940 et
2330 897 2440 948 aliae,
2464 896 2501 940 si
2539 907 2646 952 quas
2665 901 2826 950 ρτωιὴ-

1652 973 1808 1023 simus,
1831 972 2112 1015 determinari
2138 977 2335 1027 possunt,
2370 971 2438 1015 vel
2470 983 2544 1026 per
2584 969 2763 1026 synecd
2784 969 2824 1007 ι’

1651 1045 1719 1088 vel
1744 1044 1846 1100 quia
1869 1044 2046 1099 quidam
2085 1056 2183 1087 cum
2218 1044 2413 1099 patribus
2447 1047 2753 1099 regnaverunt,

1651 1129 1780 1174 quau}
1800 1117 1881 1160 soii
1900 1125 2151 1172 regnarent3
2167 1118 2231 1160 vei
2255 1116 2356 1172 quia
2377 1127 2505 1172 regna
2529 1115 2786 1170 quaudoque

1652 1202 1754 1246 rege
1778 1189 1968 1233 fuerunt.
1995 1189 2181 1245 Explicit
2203 1190 2387 1233 historia
2417 1190 2628 1232 librorum
2650 1187 2783 1244 Regu·

1652 1262 1814 1319 quibus
1851 1262 2279 1319 comprehenduntur
2316 1262 2445 1306 etiam
2483 1262 2581 1304 libri
2614 1259 2802 1318 Paralip

1653 1348 1759 1381 nou.
2372 1324 2376 1326 ἡ
2816 1335 2819 1340 ’

1708 1411 1724 1428 ·
1746 1408 1918 1453 Addaia
1945 1411 1987 1453 1.
2013 1408 2104 1453 noc
2127 1409 2247 1452 addit
2286 1410 2383 1454 ideo
2420 1411 2521 1465 quia
2558 1411 2720 1454 dictum
2756 1422 2828 1453 es

1652 1482 1869 1527 solutione
1890 1484 1993 1539 quia
2016 1482 2118 1529 Joas
2153 1483 2290 1526 tribus
2325 1484 2451 1527 annis
2481 1484 2600 1540 patri
2627 1495 2816 1542 conregr

1657 1553 1703 1597 in
1730 1553 1876 1600 lsrael.

1646 2181 1801 2233 Latino
1824 2200 2023 2236 sermone
2056 2189 2270 2248 exposuit,
2301 2190 2382 2235 sub
2406 2189 2525 2234 brevi
2548 2195 2590 2235 et
2613 2190 2737 2247 quasi
2770 2203 2827 2237 un

1647 2261 1733 2306 diei
1756 2262 1922 2306 labore.

1694 2336 1718 2357 '⁸
1745 2336 1918 2381 Addieio
1944 2338 1984 2383 1.
2012 2330 2169 2384 Recole
2206 2351 2336 2395 supra
2363 2339 2407 2381 in
2431 2338 2644 2394 principio
2666 2336 2813 2390 losue,
2844 2358 2847 2375 ·

1644 2418 1760 2456 ctum
1791 2412 1907 2469 quod
1938 2413 2231 2470 apocryphum
2270 2412 2444 2463 dicitur,
2482 2411 2546 2456 vel
2585 2411 2711 2467 cujus
2753 2418 2851 2474 aucj¹

1645 2485 1858 2538 incertus,
1881 2486 1946 2530 vel
1969 2485 2095 2542 eujus
2117 2486 2296 2530 materia
2315 2485 2496 2530 incerta.
2531 2485 2590 2529 De
2620 2486 2800 2529 materia
2832 2479 2849 2531 2³}

1645 2564 1732 2603 tem
1770 2558 1901 2613 hujus
1939 2564 2055 2614 patet
2098 2566 2140 2603 et
2185 2564 2373 2603 constat.
2418 2558 2735 2615 Agiograpluun
2777 2548 2855 2602 δ”

1644 2627 1864 2688 Scriptura
1900 2632 2224 2688 iuterpretatur,
2257 2641 2300 2678 et
2337 2633 2401 2677 sic
2437 2633 2638 2690 quaelibet
2675 2621 2850 2690 Script⁴

1644 2717 1771 2751 sacra
1793 2711 1937 2763 potest
1957 2706 2060 2750 dici.

2056 2779 2158 2824 Car.
2179 2780 2212 2824 l.
2239 2780 2300 2824 De
2327 2780 2472 2825 Tabia.
2854 2823 2858 2842 1

1699 2842 1838 2896 Porro
1862 2850 2023 2897 Tolnas
2064 2865 2118 2896 ex
2158 2852 2275 2896 tribu
2313 2851 2556 2908 Nephtalim
2589 2851 2670 2895 suit
2694 2849 2818 2909 (nb.-
2853 2864 2859 2915 ,¹

1642 2924 1841 2981 Cumque
1865 2925 2010 2970 caeteri
2029 2925 2081 2969 ad
2113 2925 2269 2979 vitulos
2301 2938 2480 2976 aureos,
2508 2938 2618 2982 quos
2643 2925 2803 2970 fecerat

1644 3003 1822 3046 roboam
1849 3000 1949 3059 (111
1978 3001 2078 3059 Rey.
2117 3002 2215 3060 xu),
2251 3003 2389 3054 irent,
2424 3005 2516 3060 ipse
2555 3003 2816 3049 ascendebat
2855 2986 2858 3018 ³
2916 3006 2917 3009 ’

1643 3075 1902 3127 Jerusalem,
1932 3083 1977 3119 ut
2009 3075 2212 3119 adoraret
2251 3075 2386 3118 Deum
2422 3075 2582 3127 Israel,
2614 3076 2829 3133 primitiva
2885 3127 2888 3146 1

1644 3150 1838 3196 decimas
1874 3149 2058 3194 fideliter
2093 3149 2327 3202 offerebat,
2372 3150 2430 3193 ita
2473 3149 2585 3194 utin
2620 3150 2748 3194 tertio
2886 3139 2922 3212 1”

1645 3223 1873 3280 proselytis
1907 3229 1949 3266 et
1984 3221 2163 3266 advenis
2202 3234 2374 3265 omnem
2407 3221 2675 3266 ministraret
2704 3219 2796 3265 deci
2834 3227 2840 3233 “

1644 3295 1823 3345 tionem,
1857 3299 1900 3339 et
1930 3293 1973 3336 in
2006 3293 2209 3337 omnibus
2232 3293 2366 3348 legem
2398 3292 2469 3335 Dei
2491 3305 2599 3348 puer
2619 3293 2831 3353 observa·
2862 3283 2885 3346 g'

1643 3365 1804 3411 Factus
1838 3372 1983 3410 autem
2015 3366 2084 3409 vir
2109 3365 2287 3420 'accepit
2325 3367 2405 3409 sibi
2440 3376 2615 3409 trxorem
2646 3365 2815 3409 Annam
2831 3411 2833 3414 1
2868 3364 2885 3447 ’1

1643 3427 1759 3482 tribu
1783 3450 1880 3488 sua,
1907 3444 1950 3481 et
1974 3437 2166 3493 suscepit.
2196 3450 2249 3481 ex
2278 3450 2332 3480 ea
2368 3437 2516 3486 lilium,
2557 3449 2684 3493 quem
2719 3438 2836 3481 nomi
2868 3477 2886 3520 Ι

1643 3525 1724 3556 suo
1744 3513 1915 3556 vocavit
1940 3509 2139 3554 Tobiam„
2180 3510 2342 3566 Captus
2367 3509 2540 3565 quidem
2567 3521 2664 3552 euni
2690 3518 2827 3553 uxore
2877 3523 2882 3536 ·

1644 3583 1750 3635 filio,
1776 3582 1983 3627 habitavit
2004 3582 2047 3625 in
2071 3581 2239 3631 Ninive,
2259 3577 2839 3629 etcustodiv'ritanimams·1¹

2773 2758 2857 2791 .,

1639 3728 1825 3771 tribules
1844 3739 1948 3771 suos
1971 3739 2056 3770 nou
2074 3725 2371 3771 custodientes
2392 3738 2439 3769 se
2473 3724 2661 3781 graviter
2680 3727 2821 3788 argu-j
2862 3776 2864 3778 1

1639 3791 1682 3845 et
1706 3801 1824 3844 dedit
1845 3801 1906 3843 illi
1930 3800 2140 3844 Dominus
2159 3800 2338 3856 gratiam
2360 3800 2403 3843 in
2426 3799 2565 3844 oculis
2589 3796 2819 3842 Salmana'⁴
2862 3763 2885 3872 ε’
2912 3789 2913 3796 ’

1639 3873 1720 3925 Qui
1754 3872 1873 3916 dedit
1912 3875 1951 3916 ei
1984 3878 2267 3929 potestatem,
2293 3883 2552 3928 quocunque
2581 3871 2706 3914 vellet
2737 3869 2800 3916 ire
2846 3844 2885 3931 [Δ
2911 3929 2915 3934 Δ

1639 3945 1853 4001 captivos,
1879 3950 1922 3988 et
1948 3945 2066 3988 eirca
2099 3957 2175 3988 eos
2198 3943 2343 3988 facere
2367 3941 2636 4000 quaecunque
2656 3942 2810 3988 voluis
2834 3890 2885 4018 {pl

1637 4015 1833 4072 Cumque
1860 4017 2101 4060 ambularet
2126 4027 2203 4072 per
2226 4015 2442 4072 regionem
2476 4027 2574 4058 cum
2598 4014 2795 4072 concepti
2831 3990 2882 4089 ,11

1639 4088 1805 4150 monita
1843 4086 1955 4131 dans
1994 4086 2164 4140 salutis,
2209 4084 2381 4150 devenit
2419 4086 2462 4129 in
2493 4085 2634 4142 Rages
2662 4085 2791 4130 civita
2823 4117 2827 4120 -
2859 4060 2876 4100 ¹

1641 4159 1865 4206 Medorum
1898 4159 2150 4215 invenitque
2191 4157 2236 4201 in
2259 4169 2311 4202 ea
2341 4157 2568 4214 quemdam
2593 4156 2792 4202 contr-iliu
2820 4188 2825 4194 -
2859 4164 2885 4187 ·¹

1639 4241 1785 4282 suum,
1811 4229 2020 4274 Gabelum
2046 4234 2265 4286 egentem,
2291 4235 2335 4273 et
2361 4230 2538 4285 reliquit
2565 4229 2605 4274 ei
2631 4230 2712 4274 suh
2734 4229 2788 4275 ch
2831 4239 2834 4241 ·
2855 4199 2871 4249 ¹
2907 4267 2911 4285 ,

1637 4300 1801 4359 grapho
1821 4302 1970 4347 decem
1992 4300 2155 4347 talenta
2179 4290 2364 4359 argenti,
2398 4312 2494 4358 quae
2523 4301 2704 4348 babebat
2724 4314 2778 4348 ex
2818 4326 2822 4338 ι
2875 4327 2883 4364 .:
2908 4306 2911 4323 ⁴

1636 4369 1682 4419 in
1710 4374 1870 4436 quibus
1899 4373 2041 4421 ruerat
2075 4385 2102 4420 a
2126 4385 2229 4434 rege
2247 4372 2504 4422 honoratus.
2531 4371 2699 4420 Mortuo
2732 4366 2804 4420 aut
2822 4379 2826 4381 ·
2857 4369 2883 4444 1
2908 4365 2910 4381 ²

2847 4520 2855 4532 1
2876 4456 2883 4481 ,Ι
