2924 4588
189 128 272 196 ⁸⁹1

248 293 366 335 Tune
390 304 557 346 qunque
578 287 718 330 Siricii
735 259 931 342 praesulis
953 283 1056 326 hora
1079 281 1200 324 tuit:

192 367 325 408 Annis
352 366 560 406 Siriciust
548 374 610 441 ted·
634 360 823 415 quinque
845 356 993 400 sedere
1013 360 1204 402 notatur,

195 439 258 480 st·-
263 451 286 479 ι’.
293 437 371 479 sib·
378 447 410 477 ·5
437 435 615 475 undenis
634 434 729 487 plus
754 429 960 485 temperis
984 434 1315 479 annumeratur,

248 511 332 553 ins
337 522 401 564 ipe
407 522 426 550 r
454 514 495 551 et
513 508 608 550 xitae
630 515 698 548 ter
722 506 839 548 dedit
865 510 965 547 octo
992 503 1102 546 dies.

255 584 312 623 De
339 582 477 623 Plio-ca
499 590 669 622 cauare.
708 578 913 620 tricesimo
936 583 1078 618 octavo
1095 573 1146 616 ab
1168 573 1372 631 Augusto.

194 654 354 696 Phocus
378 659 441 696 ter
474 652 596 695 denis
627 650 808 694 feliciter
834 650 1017 706 imperat
1053 647 1204 699 annis,

192 728 296 770 (lum
317 739 401 781 que
426 731 512 767 tres
537 736 655 779 papae
679 722 825 766 Roma:
847 723 1016 765 fuerant
1035 720 1289 772 venerandi,

247 798 416 842 Primus
448 798 702 841 Anastasius
723 797 893 851 praefuit
918 795 987 838 ilie
1007 794 1119 851 pius.

192 874 326 915 Annis
352 873 420 913 hic
444 871 556 913 binis
578 870 658 913 sul)
680 867 822 910 Phoca
841 879 1000 912 caesare
1017 866 1152 917 vivit,

192 946 254 988 Ad
278 945 521 988 cathedram
541 942 653 986 Petri
681 948 778 997 post
799 939 1074 984 Innocentius
1100 939 1205 992 ivit,

248 1018 380 1060 Annis
404 1024 467 1060 ter
488 1018 678 1071 quinque
695 1014 849 1070 praesul
873 1018 915 1056 et
939 1014 1021 1056 iste
1043 1011 1119 1054 fuit
1135 1044 1147 1062 ,

203 1091 339 1145 Atque
370 1091 477 1132 duos
502 1100 670 1131 menses
694 1086 842 1142 viginti
874 1086 1064 1141 quinque
1083 1084 1263 1135 diebus,

201 1161 313 1206 'rer-2·
307 1176 345 1206 u·
352 1175 371 1206 s
396 1168 460 1204 est
484 1160 682 1203 Zeziinus
714 1159 792 1202 suh
814 1157 977 1201 Phoca
989 1170 1151 1200 caesare
1173 1157 1347 1214 praesui,

248 1231 406 1288 Viginti
432 1243 600 1275 menses
627 1232 707 1273 seit
730 1230 992 1285 totidemque
1013 1230 1121 1272 dies.

1110 113 1404 160 cont-:mim
1433 109 1812 158 virssnntENsts
1864 140 1869 144 ὴ

192 223 389 277 congrua
414 177 656 263 carisiicon
661 229 704 264 5
752 212 945 258 multum
937 222 1020 265 pte
1039 209 1191 252 nociva
1211 209 1423 265 tyrannis,
1451 202 1484 255 ἱ
1506 205 1630 248 Nunc
1652 204 1914 249 Coelestinus
1937 211 2004 249 ter
2027 207 2163 252 ternis
2185 210 2385 264 presidet
2408 214 2564 266 annis,

2669 116 2751 162 8oe

1510 279 1720 333 Adjicitur
1750 278 1940 329 mensis,
1967 277 2034 323 bis
2055 281 2248 336 quinque
2273 283 2366 329 dies
2387 288 2667 339 numerandi,

1567 352 1626 395 lie
1655 351 1847 408 quihus
1838 364 1880 394 in
1908 351 2022 395 serie
2046 351 2235 405 deantur
2254 369 2341 408 una
2362 358 2473 404 dies.

1510 425 1585 470 liis
1623 439 1795 482 quaque
1818 428 2087 483 temporibus
2108 435 2195 473 stat
2216 429 2366 476 xistus
2386 444 2495 489 papa
2516 434 2751 487 secundus.

1509 499 1644 542 Annis
1670 506 1736 542 ter
1754 501 1877 544 denis
1898 501 2013 557 viget
2029 501 2124 555 ejtis
2143 501 2344 558 dogmate
2367 505 2557 554 inundus
2573 538 2585 556 .

1565 569 1753 627 Plusque
1772 572 1921 615 decem
1945 573 2105 616 residet
2125 575 2284 629 praesul
2315 582 2358 619 et
2382 582 2481 619 octo
2504 577 2596 622 dies

1511 642 1571 685 De
1611 642 1784 686 Valente
1808 644 2056 699 imperatore
2075 676 2087 695 ,
2115 644 2431 702 quadraqesimo
2465 647 2515 690 ab
2547 648 2755 705 Auyusto.

1565 714 1690 756 Anno
1714 714 1768 756 ab
1791 713 2005 757 lnearnat.
2032 714 2202 759 Domini
2227 717 2310 760 575
2329 749 2341 768 ,
2365 715 2542 770 Valens,
2563 719 2753 775 quadra·
2775 718 2778 723 '

1510 786 1701 842 gesimus
1721 787 1772 829 ab
1794 786 1988 843 Augusto
2004 819 2015 839 ,
2040 787 2232 832 Orientis
2250 791 2363 833 rexit
2379 790 2621 846 imperium.
2647 790 2755 836 Gra·

1510 861 1656 902 tianus
1682 865 1824 902 autem
1849 866 1892 904 et
1925 859 2059 904 frater
2079 861 2175 916 eius
2195 862 2344 917 junior
2358 862 2688 910 Valentinianus
2710 865 2754 910 in

1511 930 1745 974 Occidente
1780 933 2034 987 regnabant.
2064 924 2224 977 Valens
2258 934 2420 990 itaque,
2455 940 2502 978 ut
2539 936 2751 987 diximus,

1513 1001 1726 1053 Arianus,
1763 1003 1899 1058 legem
1934 1003 2052 1046 dedit
2085 1009 2132 1047 ut
2155 1006 2354 1048 monachi
2378 1006 2431 1049 ad
2454 1008 2656 1061 {militiam
2680 1020 2756 1052 to·

1514 1083 1733 1130 gerentur.
1761 1074 1882 1119 Unde
1905 1077 2030 1119 multi
2061 1078 2261 1121 monachi
2289 1092 2365 1135 per
2383 1079 2613 1137 AEgyptum
2629 1112 2641 1132 ,
2667 1086 2755 1125 ttr-

1513 1149 1605 1192 reni
1636 1149 1750 1205 regis
1772 1156 2098 1194 contemnentes
2121 1152 2348 1208 imperium
2363 1185 2374 1198 .
2403 1156 2608 1212 martyrio
2630 1167 2757 1202 coto.-

1513 1227 1691 1266 uantur.

196 1305 822 1358 Devalentinianoimperatore,
831 1305 1153 1346 tricesimonono
1168 1303 1235 1344 ab
1235 1304 1428 1359 iuyuslo
1458 1283 1491 1325 B
1571 1295 1724 1341 Valens
1762 1310 1837 1354 per
1874 1311 1921 1340 at
1926 1306 2010 1343 tem
2048 1301 2413 1345 necromanticam
2453 1308 2764 1358 perscrutatur-

247 1379 371 1422 Anno
391 1379 444 1420 ab
469 1377 765 1422 lucarnatione
787 1377 956 1419 Domini
975 1378 1278 1420 trecentesimo
1305 1389 1428 1419 sexa

193 1452 356 1508 gesimo
384 1451 581 1506 septimo,
603 1449 930 1493 Valentinianus
955 1462 1051 1492 cum
1081 1449 1214 1493 fratre
1236 1448 1426 1498 Valente‚

192 1526 363 1569 natione
386 1525 648 1575 Pannonius,
669 1526 801 1579 stirpe
822 1523 1028 1566 mediocri
1050 1523 1278 1576 oriundus,
1299 1523 1429 1566 animi

192 1608 292 1640 vero
322 1601 363 1639 et
395 1596 590 1651 corporis
627 1596 921 1651 magnitudine
958 1594 1313 1639 commendabilis
1336 1626 1350 1643 ,
1390 1599 1431 1638 et

193 1668 382 1711 moribus
423 1670 643 1711 urbanus.
671 1669 723 1711 ah
753 1668 945 1723 Augusto
974 1668 1221 1711 tricesimus
1255 1680 1396 1711 nonus
1416 1701 1427 1718 ,

193 1752 406 1784 consensu
426 1741 607 1783 militum
629 1742 670 1783 in
689 1740 828 1783 Nicaea
854 1739 1037 1795 sumpsit
1061 1740 1303 1796 imperium.
1324 1739 1423 1790 lste.

193 1815 294 1857 dum
333 1812 530 1856 Julianus
559 1819 767 1868 augustus
808 1813 1012 1868 templum
1050 1812 1295 1868 ingrediens
1326 1810 1431 1856 For-

192 1894 310 1931 tunae
343 1887 620 1935 sacrificaret.
642 1887 887 1929 ministrum
927 1885 1126 1929 sacrificii
1156 1898 1298 1942 pugno
1334 1898 1432 1942 per-

191 1961 355 2012 cussit;
384 1965 607 2015 propterea
646 1958 842 2003 Julianus
861 1991 872 2010 ‚
896 1960 966 2002 cui
999 1960 1100 2002 talia
1123 1958 1427 2014 displicebant,

193 2046 289 2077 eum
314 2045 337 2075 a
360 2034 522 2077 militiae
550 2033 756 2088 dignitate
776 2036 971 2077 removit.
994 2032 1105 2077 Deus
1125 2038 1264 2077 autem
1285 2025 1431 2088 jiistus

194 2105 331 2149 ludex
346 2137 357 2154 ,
382 2106 454 2160 qui
472 2106 579 2150 dixit
598 2121 610 2150 ε
630 2094 875 2160 Centuplum
894 2105 1086 2161 accipies,
1107 2117 1185 2160 pro
1209 2104 1362 2148 militia
1385 2105 1428 2148 ei

193 2167 648 2234 reddidit'imperium.

246 2249 571 2294 Valentinianus
596 2250 812 2295 Valentem
850 2250 1024 2295 fratrem
1049 2264 1175 2296 suum
1214 2248 1342 2310 elegit
1377 2251 1429 2295 ad

195 2324 439 2379 imperinm.
459 2324 585 2366 Anno
609 2324 774 2379 imperii
805 2324 870 2366 sui
891 2330 1061 2379 quarto,
1091 2323 1346 2369 Gratianum
1381 2326 1429 2368 n-
1451 2347 1484 2392 C

195 2396 298 2438 lium
325 2409 448 2439 suum
467 2395 567 2439 fecit
590 2395 910 2451 imperatorem.

248 2466 407 2511 Eodem
440 2473 630 2522 tempore
653 2467 766 2522 apud
795 2467 1040 2521 Atrebatas,
1076 2480 1176 2511 vera
1199 2468 1295 2512 lana
1333 2483 1428 2515 eum

193 2541 350 2596 pluviis
382 2541 509 2594 mista
524 2541 616 2584 visa
636 2548 700 2584 est
718 2553 739 2583 e
763 2541 948 2584 nubibus
961 2540 1251 2586 descendisse.
1275 2542 1432 2586 Valen-

195 2615 384 2658 tinianus
402 2614 614 2659 Auxentio
638 2613 940 2657 Mediolanensi
959 2612 1176 2664 defuncto,
1197 2625 1430 2662 convocata

193 2684 496 2740 episcoporum
538 2686 719 2743 synodo,
757 2686 908 2728 sradet
947 2687 1077 2729 alium
1102 2688 1322 2740 ordinari,
1357 2690 1432 2734 ubi

194 2756 446 2802 Ambrosius
472 2770 686 2813 praesens,
714 2760 853 2803 adhue
876 2761 1210 2807 catechumenus
1226 2796 1238 2815 ‚
1262 2765 1315 2809 ab
1338 2777 1432 2808 om·-

194 2829 320 2874 nihus
343 2832 601 2886 postulatur.
642 2831 765 2876 Unde
805 2834 1065 2888 imperator,
1101 2848 1198 2879 eum
1227 2837 1430 2892 baptismi

194 2902 370 2955 gratiam
387 2903 585 2958 primitus
605 2914 898 2953 consecutum,
920 2908 1113 2963 praeciplt
1133 2909 1430 2966 presbyterum

194 2974 399 3019 ordinari.
433 2974 598 3020 interea
627 2978 859 3033 imperator
881 2978 1038 3025 Valens
1057 3013 1067 3031 ,
1096 2994 1193 3024 cum
1231 2986 1433 3038 primitus

194 3045 443 3091 Cathotieus
468 3058 596 3100 esset,
624 3063 755 3094 suasu
791 3050 972 3095 Eudoxii
999 3053 1189 3109 episcopi
1219 3053 1434 3100 Constan-

196 3120 488 3176 tinopolitani‚
514 3128 557 3165 et
583 3123 637 3181 ab
657 3137 792 3167 uxore
815 3127 986 3180 propria
1013 3127 1222 3171 seductus
1242 3160 1253 3179 ‚
1284 3129 1435 3173 incidit

198 3195 240 3238 in
267 3193 463 3238 haeresim
485 3193 705 3246 Arianam,
727 3202 771 3240 et
794 3198 845 3241 ad
870 3198 952 3242 hoc
969 3199 1252 3254 iureiurando
1275 3213 1323 3246 se
1340 3202 1435 3245 alli-

196 3266 311 3322 gavit
335 3271 462 3321 atque
489 3279 513 3309 a
549 3268 727 3322 prierato
753 3270 956 3327 episcopo
981 3271 1142 3317 Ariane
1176 3280 1242 3319 est
1277 3274 1433 3320 iterum

198 3338 458 3394 baptizatus.

1513 1383 1583 1424 qu.
1590 1383 1608 1412 s
1634 1376 1731 1425 post
1753 1383 1848 1414 eum
1875 1372 1931 1415 sit
1954 1379 2229 1429 regnaturus,
2249 1380 2343 1419 arte
2364 1374 2630 1420 daemoniaca
2651 1382 2775 1422 5υιιι

1511 1442 1550 1485 ei
1584 1442 1736 1486 litterae
1770 1445 1864 1488 istae
1899 1452 2086 1500 quatuor
2122 1446 2442 1491 demonstratae.
2479 1448 2542 1492 th.
2575 1461 2614 1493 e.
2641 1448 2685 1493 d.
2707 1462 2749 1493 a.

1511 1515 1606 1571 lpse
1630 1523 1771 1562 autem
1797 1517 1853 1562 ab
1886 1520 1959 1562 illo
1994 1520 2090 1574 die,
2128 1533 2280 1566 omnes
2307 1534 2418 1577 quos
2447 1522 2555 1567 istas
2588 1524 2756 1568 litteras

1510 1589 1554 1631 in
1577 1590 1715 1645 capite
1735 1590 1925 1635 nominis
1947 1593 2089 1648 potuit
2110 1594 2304 1649 reperire
2319 1625 2332 1645 ‚
2357 1594 2562 1650 praecepit
2595 1594 2750 1639 occidi.

1512 1660 1635 1705 Unde
1659 1660 1818 1706 factum
1841 1670 1909 1707 est
1932 1671 1976 1707 ut
1997 1664 2268 1711 Theodosius
2288 1677 2450 1714 eomes,
2472 1672 2592 1722 pater
2615 1666 2744 1712 Theo-

1511 1731 1651 1784 dosii,
1676 1733 1750 1789 qui
1772 1739 1924 1790 postea
1945 1735 2174 1791 imperium
2198 1736 2364 1787 temnite,
2390 1736 2443 1780 ab
2466 1748 2518 1780 eo
2551 1737 2754 1794 precipe-

1511 1813 1630 1850 retur
1650 1807 1806 1850 occidi.
1834 1806 1916 1861 Qui
1940 1809 2062 1864 prius
2088 1809 2286 1865 baptismi
2310 1810 2491 1866 gratiam
2517 1811 2630 1866 apud
2649 1812 2756 1857 Car-

1509 1879 1732 1935 thaginem
1777 1886 2052 1933 consecutus,
2079 1883 2327 1938 percussori
2368 1890 2519 1938 sponte
2557 1884 2756 1940 juguium

1510 1953 1708 2009 praebuit.
1753 1953 1920 1998 interea
1965 1952 2199 1999 Gratianus
2243 1956 2479 2012 imperator
2507 1955 2758 2002 Catholieus

1510 2025 1625 2081 apud
1667 2025 1971 2083 Argentarium
2015 2026 2166 2072 Galliae
2211 2029 2444 2087 oppidum,
2484 2042 2580 2073 cum
2617 2043 2758 2087 pauet)

1510 2096 1805 2142 Romanorum
1831 2100 2094 2145 detrimento
2111 2133 2122 2154 ,
2157 2101 2334 2159 triginta
2366 2103 2499 2146 millia
2526 2103 2758 2152 Alemone-

1507 2179 1610 2215 'rum
1637 2172 1752 2216 bello
1775 2175 2032 2229 prostravit.

1571 2243 1633 2287 Eo
1671 2251 1863 2301 tempore
1902 2247 2200 2293 controversia
2234 2248 2375 2293 oritur
2413 2250 2458 2294 in
2497 2263 2630 2307 regno
2672 2249 2758 2296 Go-

1512 2318 1685 2361 thorum
1701 2350 1714 2371 ‚
1739 2319 1853 2363 inter
1875 2318 2204 2377 phridigernum
2238 2326 2281 2365 et
2302 2322 2613 2369 Athalaricum.
2631 2323 2757 2370 Phri-

1511 2390 1717 2446 digernus
1740 2403 1840 2435 cum
1863 2398 1978 2436 esset
2000 2392 2199 2446 debilior,
2223 2394 2278 2438 ab
2301 2394 2560 2452 imperatore
2582 2395 2778 2446 vuemo*

1513 2463 1674 2506 auxilio
1699 2464 1946 2520 impetrato,
1969 2465 2264 2511 Athalaricum
2291 2467 2334 2511 in
2359 2468 2503 2525 fugam
2525 2470 2753 2516 convertit.

1511 2535 1634 2580 Unde
1673 2531 1984 2593 Phridigernus
1999 2570 2011 2591 ,
2055 2550 2204 2585 amore
2244 2539 2440 2586 Valentis
2478 2544 2766 2600 imperatoris.

1511 2619 1607 2652 cum
1635 2615 1761 2663 gente
1783 2622 1861 2654 sua
1882 2608 2008 2654 fidem
2029 2609 2234 2654 Asianum
2258 2613 2466 2668 suscepit.

1597 2681 1781 2726 Gothieoe
1804 2683 1955 2726 litteroe
1978 2683 2057 2739 Ιιος
2085 2691 2265 2741 tempore
2286 2684 2456 2742 sneisane
2479 2686 2671 2732 iuventte.

1566 2754 1631 2798 Eo·
1659 2754 2040 2812 temporefiulfias-
2060 2756 2291 2817 [ulphilas]
2315 2757 2564 2803 Gothorum⁴
2579 2760 2755 2817 episco-

1512 2839 1610 2885 pus,
1634 2821 1804 2873 litteras
1826 2827 2034 2875 Gothicas
2051 2831 2274 2876 adinvenit
2295 2837 2340 2876 et
2362 2844 2439 2888 per
2463 2844 2538 2876 eas
2558 2833 2605 2877 in
2625 2843 2756 2880 suum

1513 2903 1676 2947 idioma
1699 2901 1888 2948 Litteras
1911 2904 2084 2950 divinas
2106 2908 2335 2950 convertit.
2356 2905 2452 2950 Non
2477 2907 2613 2951 multo
2633 2912 2755 2964 post,

1512 2983 1705 3032 tempore
1728 2975 2177 3039 Gothorum-etapsn,
2207 2990 2314 3035 gens
2346 2978 2761 3029 terribilis-Hunno·

1512 3060 1609 3093 rum
1634 3049 1831 3102 advenit,
1858 3062 1954 3106 quae
1973 3063 2098 3107 gens,
2123 3052 2360 3096 secundum
2385 3053 2549 3109 scripta
2565 3051 2756 3097 Jornan-

1513 3120 1606 3168 dis.
1635 3119 1828 3175 ipsorum
1859 3121 2108 3178 interpretis
2130 3128 2172 3167 et
2206 3124 2392 3176 actoris,
2428 3136 2487 3168 eit
2513 3124 2683 3170 incubis
2714 3131 2759 3174 et,

1513 3195 1813 3241 meretricibus
1833 3201 1899 3240 est
1921 3202 2163 3253 procreata,
2187 3196 2299 3240 inira
2319 3197 2535 3243 Maeotidas
2555 3198 2756 3252 Paludes.

1515 3280 1610 3323 quae
1633 3274 1735 3311 sunt
1755 3267 1799 3311 in
1824 3268 2027 3313 confiniis
2047 3269 2168 3314 Asi-‘e
2190 3277 2233 3314 et
2268 3269 2466 3327 Europae.
2504 3269 2604 3315 liaee
2623 3283 2755 3328 gens,

1516 3340 1732 3384 conductu
1751 3341 1881 3385 unius
1903 3354 2042 3386 cervae
2061 3343 2389 3394 transmeantis,
2411 3344 2614 3389 transivit
2633 3345 2762 3390 inae·

253 3409 328 3452 130.
347 3417 537 3469 tempore
577 3410 904 3460 valentinianus
949 3415 1226 3460 fortissimam
1261 3423 1430 3475 gentem
1456 3412 1490 3455 D
1514 3414 1737 3458 cessibiles
1759 3415 1880 3471 prius
1905 3415 2002 3460 inas
2021 3416 2215 3472 paludes.
2244 3415 2325 3460 Ubi
2351 3430 2491 3474 usque
2525 3417 2631 3462 adeo
2646 3431 2758 3475 sen·

201 3482 435 3535 Saxonum,
460 3482 723 3530 Francorum
749 3492 956 3533 terminos
981 3491 1252 3536 invadentem
1274 3526 1286 3546 ,
1323 3495 1432 3538 hello

199 3557 416 3610 repressIt.
448 3555 541 3612 lpse
566 3565 707 3602 autem
743 3561 910 3616 imperii
942 3564 1009 3606 sui
1044 3576 1156 3607 anno
1179 3564 1429 3617 undecimo,

200 3627 310 3683 apud
339 3629 596 3674 Brietionem
625 3633 849 3687 oppidum,
887 3636 999 3679 diem
1020 3637 1143 3683 obiit.
1178 3636 1342 3682 Caetera
1379 3639 1434 3683 de

200 3699 453 3745 Valentiano
469 3714 620 3747 versus
643 3704 818 3749 habent.

338 3773 442 3817 Item
464 3774 515 3817 de
535 3775 823 3820 Valentiniano
847 3779 1031 3823 versi-'ms
1060 3791 1302 3826 enarratur.

197 3842 383 3900 imperat
404 3860 503 3891 ecce
520 3847 676 3893 Valens
695 3862 791 3892 eum
815 3850 944 3895 fratre
963 3852 1266 3898 Valentiniano
1280 3887 1292 3906 ,

199 3910 436 3960 Gothorum
462 3920 567 3962 socii
595 3919 700 3963 fiunt
724 3923 804 3964 sul)
826 3922 1023 3978 dogmate
1043 3937 1154 3968 vano
1170 3958 1182 3976 ,

255 3988 475 4034 Arianista
494 3993 584 4035 suis
608 4005 742 4036 caesar
763 4001 943 4050 uterque
971 3995 1065 4040 suit.

201 4058 288 4105 Hos
309 4063 419 4105 mala
444 4062 678 4108 Gothorum
703 4066 785 4117 lex,
818 4067 982 4122 legibus
1006 4070 1124 4112 auxit
1146 4082 1291 4113 eorum
1309 4103 1319 4120 ‚

200 4129 326 4176 Istria
347 4146 446 4178 rura
474 4137 644 4187 colunt,
667 4139 878 4181 maculant
907 4140 1103 4184 diadema
1121 4141 1350 4192 decorum.

257 4203 506 4261 Exspoliant
532 4210 729 4264 patriam,
764 4211 1055 4269 diiipiuntque
1079 4214 1234 4258 sorum.

203 4277 334 4322 Annis
358 4279 538 4324 undenis
557 4283 715 4326 vixisse
738 4282 1082 4329 Valentinianum

205 4348 440 4396 Scribimus
453 4363 495 4396 et
521 4354 666 4399 fratris
689 4368 824 4400 annos
847 4361 968 4411 quasi
992 4358 1178 4414 quinque
1199 4366 1396 4406 notamus
1420 4377 1431 4404 τ

262 4421 490 4469 flaereticos
514 4428 660 4472 ambos
682 4427 866 4472 dicimus
891 4435 1018 4486 atque
1043 4432 1192 4475 malos.

1511 3491 1596 3529 tem
1614 3484 1855 3530 Gothorum
1875 3487 2135 3543 perterruit,
2162 3495 2208 3531 ut
2227 3500 2299 3532 rex
2318 3487 2555 3532 Gothorum
2574 3478 2756 3539 Herma·

1514 3559 1712 3610 unricus,
1748 3560 1820 3615 qui
1851 3561 2010 3604 multas
2029 3560 2118 3615 jam
2143 3567 2295 3618 gentes
2326 3560 2567 3611 devicerat.
2601 3561 2757 3607 timore

1514 3631 1767 3676 Hunnorum
1801 3634 1992 3690 seipsum
2025 3634 2345 3685 inter-iecisset,
2370 3646 2486 3679 anno
2505 3636 2646 3680 aetatis
2664 3647 2757 3681 suae

1515 3705 1610 3749 tiu.
1650 3703 1775 3748 Gothi
1818 3711 1916 3762 post
1953 3714 2134 3751 mortem
2176 3708 2288 3762 regis
2325 3709 2391 3752 sui
2431 3707 2753 3761 Hermanarici,

1514 3777 1655 3820 ammo
1680 3778 1822 3828 fracti.
1854 3791 1878 3822 a
1902 3778 2081 3824 Valente
2116 3781 2375 3837 imperatore
2407 3786 2558 3837 petunt
2587 3779 2756 3824 habita-

1513 3847 1670 3899 tiones,
1697 3861 1808 3904 quas
1831 3848 2065 3905 imperator
2087 3850 2151 3894 eis
2175 3851 2358 3907 largitur
2380 3850 2425 3898 i'n
2445 3849 2628 3896 Thracia
2646 3862 2660 3904 ;
2681 3849 2753 3894 ubi

1514 3919 1642 3963 Gothi
1666 3933 1688 3963 a
1712 3921 1896 3976 quodam
1920 3922 2032 3967 duce
2057 3923 2110 3967 ad
2142 3924 2397 3969 convivium
2423 3922 2522 3966 dolo
2555 3923 2722 3967 invitati
2732 3936 2752 3977 j,

1515 4007 1611 4038 cum
1635 3995 1714 4050 ipsi
1741 3995 1991 4051 priusquam
2012 3997 2208 4040 venirent
2225 3996 2370 4040 dolum
2391 3997 2720 4052 praesensissent
2734 4020 2752 4045 .>

1514 4079 1590 4111 eos
1615 4080 1763 4111 onmes
1787 4069 1862 4124 qui
1885 4082 1960 4113 eos
1984 4070 2269 4114 invitaverant
2300 4078 2440 4112 morte
2470 4073 2753 4126 consternunt

1513 4146 1580 4191 et,
1609 4145 1697 4183 tota
1730 4141 1824 4196 ipsa
1858 4143 2031 4197 regione
2052 4143 2148 4198 igne
2173 4141 2373 4198 ferroque
2396 4142 2639 4191 destructa,
2665 4139 2751 4185 ‹tit-

1517 4210 1755 4254 sundnntur
1789 4212 1962 4269 ubique.
1998 4212 2158 4257 Contra
2179 4226 2290 4270 (gnos
2306 4213 2463 4257 Vaiens
2485 4213 2751 4268 procinctum

1516 4295 1673 4337 parans
1689 4317 1699 4336 ,
1725 4284 1780 4327 ah
1802 4284 2029 4329 Antiochia
2050 4297 2226 4334 movens
2242 4314 2255 4336 .
2279 4285 2533 4341 poenitentia
2561 4283 2747 4343 ductus,

1514 4357 1740 4413 episcopus
1771 4359 2009 4405 catholicos
2037 4360 2240 4417 praecepit
2271 4359 2336 4410 ab*
2355 4359 2516 4407 exsilio
2540 4358 2748 4403 revecari.

1516 4429 1663 4486 Pugna
1687 4433 1730 4477 in
1756 4432 1941 4478 Thracia
1960 4433 2075 4479 inter
2098 4432 2262 4478 Gothos
2285 4438 2328 4485 et
2351 4433 2750 4479 Romanosconse·
