2924 4588
60 123 170 172 1541
743 124 1001 169 ἨΙΞΤΟΠΙΑ
1032 108 1416 174 ΞΟΗΟΒΑΕΤΙΟΑ.
1419 128 1498 162 ““-
1525 129 1577 172 tN
1606 130 1637 172 F
1641 131 1669 174 W
1678 131 1901 176 ANGELIA
2488 137 2594 181 ¹522

45 203 218 266 bulosa
239 212 383 272 (Mich.
402 212 479 270 ιν),
505 223 602 258 cum
640 217 783 258 tamen
810 217 1004 270 jamnon
1031 220 1168 273 primo
1198 231 1279 263 con
1323 225 1355 267 Α

67 273 253 334 traxerat
276 285 358 329 ιιοε
378 296 534 330 ιιοιιιειι
556 282 679 330 locus
701 286 829 336 idem,
853 289 951 343 quia
979 288 1109 334 Jacob
1125 304 1292 348 gregem

45 357 128 414 ibi
147 358 276 412 pavit,
299 366 397 400 cum
432 354 595 400 Rachel
629 357 874 412 parturiret,
907 373 922 399 ‹
953 359 997 402 Et
1026 367 1294 407 transeuntes

68 427 288 487 pastores,
325 438 463 493 usque
498 426 742 472 Bethlehem
784 429 1036 474 invenerunt
1085 433 1259 476 verbum
1279 467 1291 485 ,

28 495 181 567 [erod
203 497 364 543 sactum
385 505 478 544 crat
513 500 566 542 ad
602 512 693 550 eos,
720 507 761 544 et
788 501 862 556 qui
897 503 1138 554 audiebant,
1167 505 1295 547 mira-

43 562 222 618 bantur
243 582 372 627 super
407 570 475 616 his
516 583 612 627 quae
647 571 900 615 dicebantur
921 585 944 615 a
969 568 1210 629 pastoribus
1242 579 1293 620 ad

0 683 1 697 2
48 646 156 692 ωε.
183 639 313 684 Maria
337 649 507 698 quoque
530 643 811 704 conservabat
841 646 990 687 omnia
1022 647 1148 690 verba
1188 648 1292 698 haec,

0 730 1 735 ¹
38 691 329 797 ³¹{conserens
315 725 362 755 ιιι
384 711 514 756 corde
530 725 631 764 suo,
657 715 710 758 de
744 726 827 771 qua
852 723 976 760 natus
1013 718 1228 772 estJesus‚
1252 728 1296 763 ut

127 779 417 829 tabaturtt'lius
437 783 591 841 Ioseph
612 785 728 843 (Luc.
753 787 835 843 ιιι).
862 788 1049 833 »Christi
1083 791 1193 834 enim
1226 805 1299 848 ge-

0 908 2 920 ,
38 856 232 902 ιιειιιιιο
264 857 328 900 sic
361 862 486 901 erat.
506 856 648 901 Prima
685 859 854 915 quidem
893 860 1078 906 hominis
1111 865 1299 908 conditio

37 902 123 973 {ate
143 934 273 980 terra,
297 928 485 972 secunda
515 928 568 973 de
604 929 736 974 latere
766 931 862 983 viri,
887 932 1014 976 tertia
1045 946 1098 977 ex
1128 936 1222 978 viro
1259 942 1301 979 et

32 976 241 1063 ὀξειιιίιιιι,
261 1003 412 1056 quarta
427 1000 502 1044 sic.
500 1009 618 1052 erat,
632 1008 677 1044 ut
699 1008 947 1047 nasceretur
966 1004 1059 1047 sine
1072 1005 1163 1048 viro
1174 1005 1301 1049 homo

32 1047 134 1147 {de
154 1071 326 1137 semina.
368 1070 491 1117 Unde
535 1077 588 1117 ει
598 1074 884 1131 appropriata
925 1075 1301 1123 circumlocutione

26 1207 27 1210 Ἴ
34 1144 146 1226 {pre
168 1145 340 1190 nomine
357 1144 456 1190 Chri
461 1151 555 1190 stus
571 1129 685 1189 tilius
701 1145 887 1192 hominis
903 1146 1042 1192 dictus
1062 1153 1141 1192 est.
1160 1147 1301 1193 Prima

27 1231 30 1233 ·
34 1195 110 1263 ;ει
129 1218 313 1262 secunda
329 1218 548 1275 generatio
585 1225 780 1270 ruerunt,
806 1232 847 1261 ιιι
865 1220 990 1262 tertia
1010 1219 1062 1263 de
1086 1221 1208 1266 ruina
1231 1234 1303 1277 ge·

30 1267 283 1361 Ξῇειιιιιιυι,
311 1290 356 1333 in
395 1296 549 1347 quarta
578 1290 631 1334 de
667 1290 792 1334 ruina
831 1291 1104 1335 suscitamur.
1140 1291 1301 1337 Octavo
1326 1272 1357 1315 Β

35 1331 136 1433 {die
157 1362 519 1409 circumciderunt
542 1366 758 1419 puerum
763 1365 855 1415 ‚et
876 1364 1199 1408 declaraverunt
1223 1378 1300 1408 no-

10 1430 11 1433 ’
54 1436 163 1491 men
187 1435 279 1493 ejus
301 1434 464 1489 Jesum,
488 1436 602 1492 quod
625 1436 869 1492 impositum
895 1442 986 1481 erat
1014 1437 1052 1480 ei
1079 1437 1131 1481 ab
1152 1438 1301 1495 angelo

32 1493 316 1600 Priusquam
341 1508 642 1564 conciperetur
665 1507 783 1567 (Luc,
803 1507 868 1565 u.)

121 1579 320 1623 Additio
338 1580 384 1624 ’.ι
411 1580 456 1624 In
479 1581 611 1638 gestis
642 1579 887 1637 pontificum
915 1582 1071 1638 legitur
1107 1583 1221 1638 quod
1251 1595 1300 1626 ea

36 1657 162 1718 »¹3¹¹ae
182 1656 422 1705 sequuntur
445 1652 690 1710 evangelica
726 1653 858 1698 verba
885 1653 1202 1709 'thelesphorus
1227 1654 1302 1697 ad-

84 1723 184 1768 'ecit

27 1690 156 1821 ᾆξ’·
121 1793 351 1841 “Addieo-
360 1797 401 1840 Ξ
425 1796 588 1841 Dicitur
605 1797 732 1855 quodf
733 1799 983 1856 praeputium
1005 1800 1172 1846 Domini
1187 1803 1302 1848 dela-

31 1847 156 1918 Ἰιιιιι
177 1875 242 1915 est
268 1872 320 1916 ab
345 1871 494 1928 angelo
517 1871 672 1915 Carolo
698 1864 882 1929 Magno
871 1887 914 1916 ιιι
935 1874 1092 1930 templo
1115 1874 1299 1928 Domini,

35 1918 381 2009 'sj'fet'translatum
405 1941 458 1986 ab
487 1954 538 1987 eo
561 1941 849 2000 Aquisgrani;
872 1944 1000 1988 etiam
1035 1951 1133 2001 post
1166 1957 1189 1989 a
1220 1946 1303 1991 Ca-

31 2009 158 2059 ιὀιο
178 2014 308 2059 Calvo
325 2016 512 2071 positum
545 2015 588 2059 in
623 2016 807 2062 ecclesia
831 2017 1065 2061 Salvator-is
1088 2018 1197 2075 apud
1220 2016 1303 2063 Ca-

34 2083 239 2129 ‘hosium
266 2087 350 2130 Alii
373 2087 522 2131 dicunt
544 2086 822 2144 Antuerpiam
855 2090 1056 2142 delatum,
1080 2102 1178 2134 nam
1215 2091 1301 2135 illic

29 2132 111 2200 Sin
134 2168 298 2202 summa
323 2159 600 2204 veneratione
622 2160 779 2205 habeta
785 2173 820 2205 r

32 2219 74 2256 “’·*
337 2229 437 2274 Cm
463 2228 551 2272 m
595 2229 651 2272 De
673 2231 794 2274 stella
817 2238 855 2274 et
880 2233 1024 2288 magis.

34 2292 74 2329 “t
126 2315 140 2341 ι
171 2300 315 2345 Tertia
338 2301 503 2346 decima
526 2315 628 2347 vero
651 2303 735 2357 die,
758 2316 856 2348 ecce
887 2305 998 2359 magi
1024 2314 1230 2350 venerunt
1252 2307 1304 2348 ab
1325 2333 1360 2380 C

36 2371 238 2442 foi-iente
272 2373 580 2431 Jerosolymam
610 2376 801 2420 dicentes
833 2392 842 2420 :
872 2375 952 2420 Ubi
980 2383 1046 2421 est
1076 2378 1148 2434 qui
1179 2385 1305 2423 natus

34 2445 132 2507 “rest
157 2459 232 2489 rex
258 2445 534 2490 ludaeorum?
557 2445 762 2491 Vidimus
791 2449 904 2491 enim
946 2450 1110 2493 stellam
1144 2450 1237 2504 ejus
1262 2451 1304 2494 in

32 2512 254 2569 *eniienim
277 2525 319 2561 et
334 2517 536 2562 >venimus
555 2515 735 2562 adorare
758 2516 1045 2574 eumfflatth.
1069 2518 1134 2575 ιι).
1162 2533 1177 2560 ι
1199 2517 1308 2560 Suc-

54 2597 259 2636 tcessores
293 2590 468 2634 fuerunt
496 2589 567 2635 isti
591 2590 797 2634 doetrinae
824 2587 1010 2640 Balaam,
1035 2590 1109 2644 qui
1140 2590 1303 2634 stellam

37 2660 279 2711 ‘'⁹2noverunt
300 2665 394 2721 cius
419 2663 641 2714 vaticinio,
663 2670 707 2708 et
743 2675 767 2707 a
800 2663 1094 2720 magnitudine
1117 2663 1305 2707 scientiae

40 2727 178 2794 ³²'n1agi
193 2738 426 2794 nuncupati
449 2743 566 2783 sunt.
585 2738 702 2790 Quos
720 2737 834 2781 enim
855 2734 989 2781 Graeei
1010 2736 1302 2794 philosophos,

66 2806 208 2855 Persae
237 2821 386 2866 magos
417 2809 646 2865 appellant.
669 2806 886 2853 Venerunt
919 2807 1031 2852 enim
1062 2807 1115 2851 de
1149 2807 1304 2852 linibus

0 2917 1 2940 ἶ
66 2879 294 2926 Persarum
323 2888 364 2926 ct
396 2879 713 2932 Chaldaeorum,
746 2879 817 2924 ubi
849 2876 1006 2923 fluvius
1031 2886 1105 2923 est
1127 2878 1255 2931 Saba,
1281 2892 1305 2922 a

64 2965 152 3010 quo
175 2959 218 2997 et
244 2951 530 3010 Sabaea‘regio
550 2951 724 2997 dicitur.
745 2948 926 3003 Quidam
952 2956 1092 2993 tamen
1123 2958 1206 2995 non
1230 2962 1303 2994 cos

67 3025 204 3082 primo
231 3026 380 3070 doctos
409 3035 558 3080 magos
581 3029 754 3080 putant;
789 3022 863 3067 sed
900 3029 1124 3078 postquam
1160 3021 1303 3064 dolum

66 3097 248 3144 Herodis
285 3096 527 3142 fefellerunt
579 3109 656 3154 per
698 3096 824 3140 aliam
870 3094 982 3139 viam
1026 3100 1301 3138 revertentes.

0 3226 1 3232 ἵ
67 3171 398 3231 Chrysostomus
441 3171 546 3215 dicit
578 3171 744 3216 stellam
794 3170 929 3214 multo
967 3176 1066 3212 ante
1115 3175 1305 3225 tempore

67 3255 195 3301 quam
230 3245 431 3290 Christus
463 3249 729 3294 nasceretur,
769 3243 1021 3301 apparuisse
1049 3243 1128 3291 eis.
1170 3248 1212 3285 et
1247 3241 1305 3284 ita

54 3308 415 3373 ‘multo'tempore
435 3317 488 3360 de
513 3317 744 3372 longinquo
756 3321 981 3359 venerunt.
1005 3313 1148 3357 Potuit
1166 3320 1304 3356 tamen

70 3388 178 3442 tie-ri,
207 3396 254 3433 ut
287 3390 331 3434 in
369 3388 574 3432 tredecim
598 3388 749 3433 diebus
775 3400 905 3443 super
922 3387 1215 3432 dromedarios
1235 3397 1301 3430 se·
1327 3405 1363 3449 D

34 3459 223 3512 dentes
247 3461 372 3518 longa
400 3466 614 3505 terrarum
651 3460 788 3516 spatia
812 3467 1136 3510 transmearent,
1170 3473 1185 3498 ι
1212 3458 1300 3501 Au·

47 3531 191 3577 diens
212 3543 360 3588 mages
385 3530 573 3576 Herodes
590 3543 664 3575 rex
690 3531 882 3574 turbatus
901 3528 982 3580 est,
1010 3540 1051 3573 et
1071 3529 1210 3572 omnis
1232 3526 1300 3570 Je-

70 3602 281 3658 rosolyma
305 3613 403 3645 cum
434 3601 524 3650 illo,
554 3615 570 3642 ι
598 3601 741 3653 timuit
767 3612 843 3643 rex
877 3611 929 3642 ne
952 3599 1047 3653 quis
1072 3598 1123 3641 de
1141 3596 1301 3642 semine

70 3673 242 3733 Hit-cani
271 3675 334 3718 vel
362 3672 599 3720 Aristobuli
631 3678 756 3715 natus
794 3677 909 3715 esset
945 3677 1216 3726 regnaturus,
1255 3681 1301 3713 se

40 3752 273 3814 ‘tanquam
309 3746 592 3802 alienigenam
640 3744 861 3789 destituto.
902 3744 1119 3787 Turbatur
1158 3748 1298 3787 autem

52 3819 241 3868 civitas,
275 3819 464 3862 novitate
492 3817 689 3861 miraculi
730 3827 952 3872 percussa.
991 3817 1183 3870 Cumque
1205 3813 1301 3857 dili-

70 3897 219 3949 genter
239 3889 458 3945 didicisset
479 3901 555 3933 rex
585 3894 733 3931 ortum·
755 3885 890 3930 steliae
928 3898 952 3928 a
984 3885 1134 3941 magis,
1161 3890 1207 3927 ut
1228 3896 1303 3940 per

62 3958 518 4017 -eumnatalem-pueri
547 3961 838 4014 cognosceret,
862 3956 989 3999 etiam
1018 3966 1042 3997 a
1069 3954 1301 3998 sacerdoti·

70 4033 155 4078 bns
165 4037 208 4078 et
222 4033 378 4079 scribis
390 4030 705 4082 sciscitabatur,
719 4028 790 4071 ubi
802 4027 999 4071 Christus
1011 4031 1270 4070 nasceretur.
1283 4039 1298 4065 »

73 4103 155 4161 Qut
171 4106 294 4162 iuxta
317 4104 538 4149 Michaeam
562 4102 607 4145 in
629 4099 875 4149 Bethlehem
904 4097 1090 4152 Ephrata
1116 4095 1303 4140 nascitu-

26 4207 29 4209 -
72 4177 392 4221 tumdixerunt
415 4174 562 4233 (Μὲοιι.
585 4172 645 4230 v).
666 4169 910 4214 Bethlehem
947 4168 1063 4227 prius
1094 4167 1205 4224 dicta
1237 4170 1303 4208 est

27 4243 30 4246 ’
63 4246 332 4306 Epiri-atzab
352 4258 487 4297 uxore
509 4243 655 4294 caleb,
681 4252 775 4297 quae
799 4240 855 4283 ibi
879 4240 1042 4294 sepulta
1079 4245 1160 4288 est,
1177 4247 1302 4292 quam

75 4319 249 4376 quidam
266 4305 543 4375 suspicantur
566 4312 695 4358 filiam
724 4308 862 4370 fuisse
880 4307 955 4359 Ur,
972 4315 1013 4351 et
1028 4307 1167 4350 Mariae
1183 4315 1303 4347 soro·

78 4393 139 4436 ris
158 4375 306 4450 Moysi.
320 4390 582 4436 Posteavero
595 4381 696 4442 *post
714 4381 918 4425 [aurosam
940 4379 1202 4424 sterilitatem
1227 4388 1302 4432 pro

1379 233 1460 275 qua
1474 220 1681 266 Elimeia
1670 235 1805 265 reum
1821 224 1944 266 domo
1961 236 2036 267 sua
2055 224 2154 267 adiit
2170 223 2364 268 Moabitis
2389 224 2527 279 (Ruth
2539 226 2591 279 t),

1373 302 1467 335 cum
1493 293 1656 336 reddita
1680 294 1827 338 suisset
1847 296 1882 337 ei
1900 296 2158 339 incredibilIs
2180 297 2367 346 ubertas,
2390 297 2500 338 dicta
2528 307 2593 340 est

1372 363 1629 415 Bethlehem,
1658 378 1754 420 quae
1786 374 1907 409 sonat
1945 366 2095 411 domus
2134 371 2268 421 panis.
2307 366 2419 410 Dixit
2452 375 2592 410 autem

1373 445 1442 478 rex
1466 436 1615 490 magis,
1635 442 1681 477 ut
1719 436 1934 479 inventum
1961 449 2135 491 puerum
2166 438 2244 479 sibi
2278 436 2526 487 indicarent,
2547 444 2594 479 ut

1371 504 1546 547 veniens
1575 506 1769 548 adoraret
1792 518 1905 551 eum.
1927 505 2017 549 lam
2041 507 2151 549 enim
2176 507 2360 548 animum
2383 507 2595 552 direxerat

1373 571 1427 616 ad
1449 571 1706 630 perdendum
1730 588 1924 631 puerum.
1962 576 2075 628 Quos
2108 576 2368 630 egredientes
2395 576 2447 619 de
2469 574 2592 618 Jeru-

1375 647 1503 690 salem
1526 647 1645 690 stolla
1668 647 2111 702 antecedebat,‘usque
2138 649 2234 689 dum
2249 649 2429 690 'veniens
2458 651 2594 689 staret

1376 733 1502 776 supra
1527 721 1697 762 domum
1723 720 1794 762 ubi
1822 726 1912 762 erat
1935 730 2053 773 puer.
2087 718 2193 760 Dicit
2224 718 2468 773 Fulgentius
2493 719 2597 762 stel-

1379 792 1461 834 lam
1486 799 1586 834 tunc
1603 797 1787 834 creatam
1811 791 2052 839 notabilem,
2071 796 2110 832 et
2126 790 2349 832 discretam
2372 800 2396 830 a
2412 787 2593 836 caeteris.

1377 872 1419 910 et
1441 866 1481 908 in
1501 864 1738 921 splendore,
1758 866 1854 920 quia
1870 877 1962 908 eam
1988 866 2057 907 lux
2076 863 2225 907 diurna
2251 875 2333 904 non
2355 860 2595 917 impedivit;

1378 944 1419 981 et
1443 938 1486 979 in
1510 938 1618 987 loco,
1645 938 1742 991 quia
1780 949 1915 992 neque
1952 937 1995 979 in
2037 937 2294 978 firmamento
2334 946 2427 976 cum
2462 933 2595 976 stellis

1378 1010 1615 1053 minoribus
1643 1015 1750 1059 erat,
1777 1021 1911 1063 neque
1948 1009 1991 1051 in
2012 1008 2164 1052 aethere
2188 1019 2282 1049 cum
2303 1003 2496 1060 planetis,
2521 1003 2595 1047 sed

1378 1083 1423 1126 in
1448 1095 1546 1128 aere
1568 1085 1730 1127 vicinas
1745 1084 1869 1127 terris
1890 1083 2058 1127 tenebat
2078 1083 2196 1134 vias;
2221 1089 2261 1125 et
2286 1081 2327 1123 in
2346 1086 2479 1130 motu,
2496 1077 2597 1134 quia

1380 1155 1499 1209 prius
1523 1156 1748 1198 immobilis
1771 1166 1897 1210 super
1917 1154 2119 1204 Iudaeam,
2142 1153 2274 1207 magis
2299 1151 2409 1194 dedit
2430 1151 2595 1205 signum

1382 1227 1574 1270 veniendi
1597 1228 1640 1269 in
1663 1226 1867 1276 Judaeam,
1893 1227 1965 1281 qui
1987 1238 2037 1268 cx
2060 1225 2357 1267 deliberatione
2380 1234 2455 1265 sua
2479 1221 2596 1264 Jeru-

1380 1298 1507 1341 salem
1528 1303 1727 1352 tanquam
1742 1302 1868 1351 caput
1886 1295 2039 1338 Judaeae
2062 1295 2269 1337 adierunt.
2286 1293 2444 1344 Quibus
2459 1302 2597 1346 egres-

1379 1371 1454 1421 sis,
1478 1376 1579 1413 tunc
1602 1370 1737 1425 primo
1762 1373 1878 1411 motu
1905 1368 2076 1410 notabili
2102 1366 2317 1421 praecessit
2347 1377 2420 1407 cos
2451 1364 2595 1416 stella3

1378 1454 1470 1497 quae
1494 1442 1606 1484 facto
1624 1441 1759 1483 officio
1783 1452 1880 1483 mox
1900 1450 1995 1483 esse
2025 1439 2164 1488 desiit,
2189 1443 2404 1481 revertens
2426 1436 2466 1478 in
2486 1447 2594 1489 prae·

1380 1514 1587 1568 jacentem
1627 1512 1864 1559 materiam,
1899 1509 2011 1551 unde
2052 1514 2219 1562 sumpta
2253 1506 2403 1549 suerat.
2438 1504 2596 1548 Tamen

1380 1586 1549 1641 quidam
1588 1583 1760 1626 tradunt
1797 1582 1949 1625 Bedam
1985 1581 2169 1623 voluisse
2205 1578 2313 1633 quod
2350 1578 2390 1618 in
2424 1582 2594 1630 puteum

1379 1657 1768 1701 Betbehemitanum
1805 1652 2023 1701 ceciderit,
2043 1657 2084 1694 et
2106 1656 2199 1706 post
2226 1650 2268 1691 iu
2290 1649 2437 1691 diebus
2457 1645 2596 1689 Paulae

1378 1736 1421 1774 et
1442 1728 1677 1782 Eustachii,
1697 1726 1898 1783 quasdam
1916 1725 2101 1780 virgines
2119 1722 2203 1765 Deo
2230 1721 2388 1764 dicatas
2408 1731 2498 1762 eam
2517 1718 2598 1760 mi·

1379 1801 1574 1844 raculose
1593 1799 1766 1851 vidisse,
1789 1797 1917 1854 quod,
1948 1797 2047 1852 quia
2071 1795 2306 1838 fabulosum
2330 1792 2599 1835 existimave-

1381 1869 1478 1916 ri‘int
1515 1872 1684 1926 fratres,
1711 1883 1807 1914 cum
1845 1870 2000 1925 quibus
2026 1867 2300 1911 monasticam
2335 1863 2513 1906 ducebat
2533 1861 2597 1904 vi-

1378 1949 1465 1988 tam
1479 1955 1575 1989 eum
1588 1955 1612 1986 a
1623 1942 1919 1987 communione
1932 1951 2007 1985 sua
2020 1938 2268 1995 quandoque
2282 1937 2596 1990 separaverunt.

1435 2033 1536 2078 Car.
1561 2031 1665 2076 vm.
1689 2032 1749 2074 De
1782 2030 1984 2074 oblatione
2006 2035 2044 2072 et
2063 2026 2290 2071 noniinibus
2314 2035 2540 2079 mayorum.

1436 2122 1620 2179 lugi-essi
1659 2132 1759 2165 vero
1797 2121 1908 2175 magi
1945 2119 2130 2169 domum,
2164 2125 2289 2172 quam
2319 2112 2597 2157 diversorium

1380 2196 1518 2240 Lucas
1535 2192 1852 2249 nominatam.
1866 2192 1933 2248 ιι),
1950 2191 2192 2246 obtulerunt
2205 2198 2334 2242 puero
2352 2183 2504 2241 singuli
2521 2195 2597 2225 au·

1381 2268 1604 2319 rum,thus
1622 2273 1663 2311 et
1684 2261 2156 2322 myrrham,secundum
2178 2258 2335 2302 Sabaeis
2355 2261 2596 2299 consuetam

1383 2339 1636 2384 oblationem
1659 2334 1827 2394 (Manli.
1843 2334 1907 2390 ιι).
1922 2332 2021 2375 Inde
2033 2329 2316 2386 significantes
2329 2339 2425 2370 eum
2438 2335 2595 2380 regem.

1379 2411 1513 2455 Deum
1555 2407 1854 2454 etmortalem.
1891 2403 2070 2447 Nomina
2106 2400 2233 2444 trium
2268 2407 2482 2452 magorum
2511 2394 2599 2436 hace

1383 2488 1483 2526 sunt
1521 2495 1531 2522 :
1573 2477 1779 2522 iiebraice
1822 2475 2051 2532 Appellus,
2096 2470 2304 2520 A-merus,
2352 2465 2598 2515 Damasius;

1383 2550 1529 2595 Graece
1562 2549 1767 2606 Galgalat,
1803 2544 2028 2602 Magalath,
2056 2542 2272 2586 Saracbim
2293 2555 2305 2593 3
2330 2537 2477 2580 Latine
2504 2535 2600 2577 Bal·

1383 2629 1537 2675 tassar,
1562 2619 1742 2675 Gaspar,
1774 2617 1991 2662 Melchior.
2015 2615 2094 2669 Qui
2130 2627 2224 2657 cum
2248 2612 2527 2656 deliberarent
2549 2611 2601 2653 de

1382 2694 1537 2744 reditu,
1564 2702 1818 2748 responsum
1854 2694 1919 2734 est
1954 2688 2017 2732 cis
2054 2687 2095 2730 in
2135 2686 2296 2730 somnis
2329 2696 2381 2726 ne
2416 2682 2601 2725 redirent

1383 2766 1435 2809 ad
1471 2764 1697 2809 Herodem.
1731 2761 1782 2804 Et
1818 2760 2031 2805 venientes
2054 2757 2260 2818 Tharsum
2297 2755 2468 2805 Ciliciae,
2494 2764 2599 2795 con·-

1382 2838 1510 2881 ducto
1532 2834 1717 2891 navigio,
1738 2832 1954 2877 redierunt
1975 2832 2017 2873 in
2042 2829 2252 2885 regionem
2280 2839 2399 2870 suam

1609 2922 1710 2967 Cae.
1737 2919 1807 2964 IX.
1839 2919 1899 2962 De
1924 2918 2176 2974 Hippapam'i
2195 2915 2374 2978 Domini.

1442 3030 1456 3056 ι
1484 3014 1535 3057 Et
1558 3017 1778 3070 postquam
1814 3007 1970 3065 impleti
1999 3012 2098 3050 sunt
2124 3006 2213 3049 dies
2231 3005 2491 3061 purgationis
2513 3005 2601 3050 Ma-

1383 3087 1471 3135 riae,
1498 3085 1683 3127 tulerunt
1698 3092 1872 3137 puerum
1892 3079 1934 3121 in
1949 3076 2197 3126 Jerusalem,
2219 3078 2262 3116 ut
2286 3073 2482 3118 sisterent
2504 3086 2602 3117 eum

1382 3159 1577 3207 Domino,
1611 3170 1624 3198 ι
1654 3154 1696 3198 id
1732 3157 1797 3197 est
1826 3141 2038 3195 offerendo
2067 3151 2382 3203 praesentarent,
2404 3151 2446 3189 ct
2473 3145 2599 3188 dede·

1386 3235 1483 3272 runt
1505 3225 1666 3270 hostias
1694 3234 1772 3279 pro
1805 3234 1855 3265 eo
1882 3231 1958 3276 par
1986 3225 2212 3268 turturum,
2236 3222 2306 3259 aut
2335 3215 2442 3259 duos
2465 3214 2601 3270 pullos

1384 3297 1693 3346 columbarum,
1726 3309 1740 3334 ι
1774 3293 1947 3346 insuper
1983 3287 2250 3332 redemerunt
2289 3298 2384 3329 eum
2414 3286 2599 3340 quinque

1386 3368 1503 3413 siclis
1539 3364 1748 3422 argenteis
1786 3361 1902 3418 (Luc.
1938 3360 2008 3415 ιι).
2035 3373 2050 3399 ι
2077 3357 2127 3401 Et
2162 3362 2252 3401 erat
2293 3356 2335 3398 in
2369 3355 2598 3398 Jerusalem

1385 3441 1556 3484 Simeon
1578 3448 1724 3488 senex,
1754 3434 1824 3491 qui
1849 3435 2067 3485 acceperat
2101 3440 2123 3470 a
2158 3427 2315 3483 Spiritu
2337 3431 2482 3468 sancto
2515 3436 2598 3466 non

1379 3513 1570 3556 visurum
1603 3521 1649 3552 se
1689 3511 1883 3554 mortem,
1923 3502 2006 3546 nisi
2046 3501 2163 3556 prius
2196 3498 2355 3542 videret
2384 3496 2597 3539 Christum

1379 3582 1564 3627 Domini.
1597 3595 1612 3621 ι
1632 3579 1683 3621 Et
1705 3583 1807 3621 tunc
1834 3574 1978 3619 eodem
2004 3572 2154 3628 spiritu
2177 3569 2349 3613 venitin
2377 3568 2596 3621 templum,

1379 3661 1420 3697 et
1440 3651 1651 3706 accipiens
1671 3659 1845 3706 puerum
1862 3645 1905 3688 in
1924 3645 2043 3687 ulnas
2068 3653 2183 3690 suas,
2201 3641 2340 3684 sciens
2361 3651 2456 3681 eum
2478 3638 2601 3679 Chri«

1377 3733 1509 3774 stum,
1542 3722 1629 3764 ait:
1656 3735 1670 3760 ι
1697 3717 1821 3761 Νιιιιε
1854 3713 2047 3762 dimittis,
2077 3710 2263 3756 Domine.
2293 3720 2307 3749 ›
2329 3712 2411 3750 etc.
2434 3706 2485 3748 Et
2508 3718 2600 3761 pro-

1379 3796 1570 3853 phetans
1575 3792 1627 3835 de
1646 3789 1844 3845 passione
1875 3784 2047 3833 Christi,
2083 3781 2141 3825 ait
2173 3779 2227 3822 ad
2264 3778 2468 3820 Mariam:
2500 3792 2515 3816 ι
2549 3776 2599 3821 Et

1381 3874 1496 3911 tuam
1521 3863 1655 3920 ipsius
1689 3862 1872 3903 animam
1912 3852 2183 3910 pertransibit
2220 3849 2399 3905 gladius,
2432 3863 2445 3888 ›
2472 3847 2513 3890 id
2537 3854 2601 3889 est

1380 3936 1524 3995 passio
1547 3934 1696 3991 ipsius.
1723 3931 1814 3973 Non
1836 3929 1946 3971 enim
1970 3927 2060 3970 sine
2078 3930 2268 3966 materno
2297 3921 2441 3964 dolore
2463 3919 2601 3974 potuit

1380 4010 1524 4054 videre
1539 4003 1728 4059 crucifigi
1752 4000 1920 4050 Filium,
1937 3997 2015 4042 etsi
2039 4000 2372 4040 resurrecturum
2394 3995 2598 4046 speraret,

1381 4082 1447 4124 vel
1493 4080 1566 4121 ita.
1603 4077 1794 4118 Animam
1840 4071 1990 4127 ipsius,
2032 4078 2125 4122 quae
2161 4070 2204 4108 et
2240 4072 2309 4106 tua
2344 4069 2424 4111 est,
2473 4071 2598 4115 quam

1382 4152 1544 4197 scilicet
1572 4146 1692 4204 quasi
1739 4153 1852 4187 tuam
1901 4139 2058 4193 diligis,
2102 4133 2373 4192 pertransibit
2414 4130 2597 4187 gladius.

1385 4238 1399 4264 ι
1419 4220 1570 4264 Eadem
1592 4219 1694 4261 hora
1715 4211 1956 4269 supervenit
1974 4208 2092 4251 Anna
2107 4202 2385 4262 prophetissa,
2404 4201 2599 4253 etloque-

1381 4296 1506 4340 batur
1532 4292 1584 4334 de
1611 4289 1682 4331 illo
1696 4286 1906 4335 omnibus,
1929 4282 2000 4336 qui
2022 4275 2316 4334 exspectabant
2345 4270 2598 4324 redemptio-

1382 4380 1475 4414 nem
1497 4363 1640 4408 Israel.
1667 4376 1681 4399 ι
1695 4407 1700 4415 ,
