2924 4588
2 187 41 227 02¹,
172 163 275 209 Tum
315 162 412 206 bene
444 160 672 218 puqnabis,
707 174 800 205 cum
827 168 977 205 cuncta
1013 159 1298 219 subactapu-

0 251 41 299 351²
392 253 394 255 '
1109 231 1234 291 [labi-8
1252 245 1269 278 α’

0 326 39 371 (ω
167 305 271 360 Quoe
293 313 384 360 post
399 306 584 362 infestat,
607 305 806 351 vincenda
826 306 1034 362 superbia,
1055 313 1202 350 restat.

0 405 38 452 ζμ,
105 424 114 434 ,⁵
168 368 269 422 floec
291 379 373 428 nisi
394 379 598 431 vincatur,
617 378 824 434 promissa
844 392 1004 422 corona.
1021 386 1210 435 κεραίαν.

112 471 119 489 ;
179 451 322 506 itaque
341 450 391 494 'et
416 450 531 493 bona
555 463 686 507 opera
712 458 859 496 nostra
886 451 973 496 Deo
998 451 1151 496 reddat
1174 463 1299 497 acce-

91 556 118 560 ,,
146 555 157 575 ,
195 527 323 579 atque
353 523 623 567 commendet
655 524 900 578 humilitas;
939 530 987 570 ut
1024 524 1167 582 ipsum
1203 537 1299 573 esse

122 598 243 652 entes
256 621 269 646 ,
292 592 363 651 qai
391 601 586 648 operatur
612 595 655 636 in
675 594 791 638 nobis
804 627 817 645 ,
837 603 877 638 et
899 595 1023 647 velle,
1042 603 1083 638 et
1103 597 1300 652 perficere

110 687 123 726 g
163 665 269 710 bona
299 665 509 709 voluntate
538 665 668 723 (Phil.
705 678 754 718 11,
777 667 848 723 15)
868 699 878 719 ,
917 668 1104 726 supplici
1127 669 1301 714 conses-

85 738 177 783 ‘ne
213 738 408 782 dicamus
430 738 468 783 ei
491 754 500 782 :
534 739 687 783 Omnia
713 752 837 796 opera
861 748 1006 785 nostra
1036 739 1229 797 operatus
1256 758 1299 788 aa

76 827 82 867 '.
132 809 246 857 nobis
285 809 408 868 (lsai.
447 823 548 862 xxv,
589 811 642 855 12
665 811 698 869 )‚
732 819 774 856 et
809 813 913 858 illud
948 814 1176 871 Apostoli:
1202 815 1302 860 Non

118 893 135 925 s*
148 883 295 928 cientes
331 897 475 928 sumas
507 885 687 942 coqitare
726 886 886 943 aliquid
923 899 975 931 ex
1003 889 1147 939 nobis,
1180 893 1302 947 quasi

73 943 94 989 >⁸
140 955 256 1005 nobis
279 956 300 998 .·’
317 956 389 1000 sed
415 958 662 1014 sztfficientia.
689 965 832 1006 nostra
848 972 900 1003 ex
925 959 1012 1004 Deo
1027 969 1090 1005 est
1114 961 1301 1019 (lI‘Cor,

77 1023 125 1082 n,
149 1026 209 1085 5).-

84 1127 86 1132 ·
116 1097 218 1148 Vlll.
248 1096 326 1146 Est
353 1103 495 1160 itaque
520 1116 621 1148 vera
644 1104 734 1149 haec
757 1106 970 1154 rectitudo
990 1107 1034 1151 in
1060 1107 1300 1163 affectione,

111 1249 240 1292 ‘mum
264 1251 551 1294 mortificandi
574 1263 771 1307 carnem3
794 1254 986 1299 secundo
1001 1258 1301 1303 contemnendi

87 1310 295 1386 fundunu
334 1325 462 1368 tertio
512 1326 732 1371 humiliter
775 1327 820 1372 in
849 1329 1049 1377 omnibus
1089 1331 1304 1376 sentiendi

68 1454 93 1525 ⁷
117 1468 184 1520 id,
222 1470 297 1514 sed
329 1477 371 1514 51
405 1473 588 1528 qualiter
612 1485 804 1529 agamus.
831 1473 1003 1519 idcirco.
1018 1477 1131 1528 vide,
1159 1490 1213 1522 ne
1237 1478 1304 1529 in-

70 1565 99 1584 -,,
131 1542 189 1585 tio
218 1548 288 1585 tua
327 1555 459 1587 curva
496 1545 574 1599 sit;
602 1551 645 1590 et
677 1559 775 1590 cum
814 1554 936 1592 recta
970 1548 1101 1593 suerit
1133 1550 1304 1595 affectio

28 1631 29 1635 ¹
84 1627 145 1674 a,
180 1615 286 1659 nihil
328 1618 622 1674 amplectaris,
640 1633 722 1665 nisi
754 1619 869 1677 quod
902 1621 1062 1666 bonum
1096 1630 1179 1677 est,
1222 1637 1303 1670 nec

74 1682 215 1747 'liquid
251 1701 423 1751 quoque
459 1691 661 1736 admittas
695 1692 740 1746 in
779 1693 1036 1748 intentione,
1076 1697 1161 1740 nisi
1187 1698 1302 1753 quod

73 1771 208 1807 urum
243 1766 324 1806 est.
358 1761 560 1821 Alioquin
605 1763 876 1811 fructuosum
914 1767 992 1810 tihi
1020 1781 1105 1817 non
1140 1775 1221 1813 est
1248 1769 1303 1812 Ut

27 1846 29 1866 ³
59 1839 196 1879 autem
237 1847 309 1878 re(
312 1841 355 1878 ta
388 1836 572 1880 intentio
604 1843 676 1882 tua
703 1839 775 1891 sit,
802 1839 994 1887 omnium
1014 1853 1182 1892 eorum,
1206 1855 1302 1898 quac

58 1902 238 1952 revolvis
251 1908 294 1951 in
314 1909 585 1964 cogitatione,
606 1923 700 1966 quae
713 1912 985 1967 amplecteris
1001 1913 1045 1956 in
1058 1913 1299 1966 affectione,

57 1977 188 2025 Deum
218 1983 358 2025 solum
394 1988 437 2043 et
464 1989 640 2039 expetas
659 1985 971 2041 inspectorem,
1009 1993 1053 2031 et
1078 1994 1302 2046 exspectes

57 2060 435 2101 remuneratorem
474 2055 566 2099 Non
603 2057 648 2100 in
685 2058 749 2102 eis
782 2059 835 2102 ad
868 2059 1052 2118 alicujus
1091 2062 1300 2118 respicias

58 2136 263 2180 manum;
303 2140 390 2173 non
424 2130 476 2173 ad
511 2130 784 2186 obsequium,
821 2144 906 2175 non
930 2133 982 2177 ad
1006 2132 1194 2178 savorem
1220 2134 1302 2178 hu-

57 2201 362 2257 manum.1pse
386 2202 462 2246 tibi
481 2210 630 2255 causa,
652 2203 745 2259 ipse
764 2205 912 2249 ubisit
930 2205 1043 2253 linis.
1067 2205 1300 2273 lpse-nam-

59 2284 139 2336 que
172 2274 309 2318 solum
335 2282 581 2326 remunerat
605 2276 701 2328 hoc,
727 2277 840 2332 quod
864 2290 962 2322 esse
982 2277 1058 2335 [al
1083 2267 1302 2328 munerare

57 2346 267 2394 &cnsuevit
300 2347 408 2401 laoec,
432 2362 525 2405 qua:
547 2348 651 2406 esse]
675 2356 852 2406 propter
879 2363 925 2398 se
946 2353 1115 2398 videtit.
1139 2353 1170 2397 l*
1156 2361 1301 2399 ·xcute

58 2420 201 2477 itaque
231 2433 384 2466 manus
421 2426 518 2467 tuas
548 2434 634 2465 non
659 2423 797 2466 solum
825 2424 878 2467 ab
901 2424 1062 2480 aliquo,
1089 2426 1165 2470 sed
1183 2433 1224 2471 et
1246 2427 1301 2471 ab

57 2493 182 2539 omni·
213 2491 413 2548 munere,
454 2495 491 2539 si
530 2495 584 2539 ab
622 2508 674 2540 eo
708 2497 831 2552 cupis
859 2499 1142 2548 remunerari.
1168 2498 1234 2546 Sit
1257 2501 1300 2543 in

0 2587 3 2593 ·
57 2564 293 2613 intentione
331 2574 405 2612 tua
449 2568 686 2629 rectitud03
721 2575 763 2632 et
799 2569 893 2626 ipsa
927 2571 1099 2630 triplex.
1135 2572 1296 2622 Primo,

0 2655 1 2672 2
58 2637 182 2682 stude
214 2646 260 2682 ut
285 2639 494 2697 quidquid
527 2640 592 2684 vel
618 2640 848 2694 cogitando
867 2653 1003 2693 amas,
1027 2642 1095 2687 vel
1116 2643 1300 2693 amando

58 2709 235 2766 cogitas,
261 2712 313 2754 ad
330 2711 443 2754 hunc
464 2710 589 2754 tinem
610 2708 806 2763 reseras,
827 2721 1038 2767 quatenus
1056 2714 1108 2757 ab
1130 2713 1301 2758 univer-

59 2781 117 2826 sis
142 2783 350 2839 contagiis
374 2783 478 2835 tuis,
504 2789 592 2831 tam
612 2786 928 2838 corporalibuS,
947 2798 1076 2842 quam
1096 2787 1300 2842 spiritua-

58 2853 193 2907 libus,
228 2858 478 2918 poenitentia
506 2871 625 2910 vera,
664 2860 1089 2916 consessionepura,
1127 2859 1301 2904 satisfa-

58 2929 198 2974 ctione
226 2931 354 2987 digna
390 2933 646 2977 emenderis.
674 2933 872 2979 Secundo
893 2947 996 2978 vero
1021 2939 1066 2981 ut
1091 2933 1174 2985 bis,
1206 2946 1301 2990 quae

59 3003 111 3046 ad
131 3005 382 3049 exercitium
408 3006 622 3062 pertinent
639 3008 877 3065 religionis,
897 3014 939 3051 et
955 3007 1137 3052 sinceris
1156 3019 1299 3052 coram

57 3076 143 3122 neo
182 3080 224 3123 in
256 3086 399 3126 mente
434 3081 675 3133 affectibus,
712 3089 758 3126 et
790 3083 873 3139 piis
905 3083 951 3126 in
976 3081 1302 3130 conversatione

59 3162 202 3195 coram
226 3154 420 3209 proximo
442 3154 646 3210 operibus
674 3155 860 3200 orneris.
881 3154 1026 3198 Tertio
1043 3167 1228 3211 qnoque,
1254 3160 1302 3200 ut

59 3218 185 3270 'tinem
221 3232 317 3283 post
348 3228 478 3285 vitam
513 3228 668 3271 bonam
686 3233 840 3273 nactus
864 3241 1080 3279 securum,
1103 3228 1196 3271 sine
1219 3226 1301 3279 line

57 3371 118 3414 tui
149 3372 318 3417 visione
339 3372 500 3428 perfrui
525 3375 747 3418 merearis.
780 3373 852 3418 Sic
877 3379 996 3417 recta
1019 3374 1102 3417 (rit
1119 3372 1301 3417 intentio

6 3481 10 3498 ,¹
57 3448 154 3490 tua,
191 3443 245 3487 ad
286 3444 375 3487 liaee
416 3443 610 3488 reserens
643 3445 787 3488 omnia
811 3451 911 3496 tua,
938 3449 985 3488 ut
1010 3444 1209 3500 acquiras
1228 3455 1302 3486 ve·-

57 3515 190 3567 niam,
223 3503 423 3572 gratiam,
446 3518 626 3572 gloriam
661 3533 670 3560 :
694 3518 864 3560 veniam
888 3523 1184 3574 peccatorum,
1203 3527 1301 3572 gra-

2 3599 5 3640 3
57 3583 160 3628 tiam
183 3587 454 3638 merito-rum,
486 3589 665 3644 gloriam
687 3590 976 3644 praenimium.
1002 3589 1197 3643 Veniam,
1218 3601 1301 3644 qua

60 3672 83 3702 a
123 3661 223 3713 tuis,
264 3674 358 3718 quie
391 3662 648 3706 commisisti
688 3656 871 3713 delictis,
897 3662 1175 3716 enumderis;
1205 3672 1302 3721 gra·

62 3733 179 3785 tiam,
203 3733 439 3795 (guadonis
458 3735 755 3791 spiritualibus
778 3735 930 3783 diteris
958 3753 966 3779 ;
993 3734 1192 3791 gloriam,
1217 3746 1299 3790 qua

60 3804 105 3851 in
126 3807 325 3862 supernis
348 3809 440 3852 sine
462 3808 543 3851 line
567 3807 736 3863 gaudiis
756 3809 1062 3858 remunereris.

112 3876 183 3923 ῙΧ.
223 3879 457 3932 Considera
498 3880 748 3936 posthaec,
771 3882 871 3935 quia
903 3892 991 3925 non
1025 3880 1163 3923 solum
1183 3885 1298 3928 recta

54 3953 205 4012 *regula
237 3959 319 4005 est,
359 3953 434 3997 sed
473 3958 515 3998 et
550 3959 665 3996 reete
697 3953 830 4004 ducit,
866 3953 964 4007 quia
989 3960 1104 3996 recta
1127 3957 1208 3995 est.
1235 3950 1299 3994 Tu

62 4033 200 4078 autem
226 4038 320 4070 cum
346 4026 444 4069 talis
464 4012 507 4068 in
524 4025 808 4081 cogitatione,
836 4025 880 4068 in
905 4024 1145 4075 affectione,
1165 4029 1207 4067 et
1230 4024 1298 4065 in-

62 4099 249 4141 tentione
272 4097 438 4147 existis,
466 4097 679 4152 quomodo
703 4109 790 4140 non
824 4101 982 4139 rectam
1005 4097 1116 4138 viam
1138 4100 1234 4151 post
1260 4103 1300 4139 te

70 4174 339 4219 venientibus
378 4173 562 4218 sternis?
597 4172 752 4221 Sentita
776 4173 885 4228 justi
902 4178 1013 4214 recta
1029 4178 1106 4222 est,
1130 4171 1188 4213 ait
1211 4171 1302 4228 qui-

63 4247 175 4296 dam,
199 4254 331 4290 reclus
350 4246 468 4288 callis
480 4245 586 4299 j-usti
606 4245 659 4287 ad
677 4243 978 4290 ambulandum
1015 4243 1137 4296 (lsai.
1181 4256 1295 4291 xxvi,

65 4317 122 4374 7).
149 4317 229 4372 Qui
247 4319 528 4373 igitur-justus
562 4323 647 4368 est,
664 4315 764 4370 ejus
776 4316 896 4358 callis
920 4321 1063 4364 rectus
1089 4320 1169 4366 est.
1192 4313 1299 4356 Nam

0 4417 2 4463 J
309 4390 520 4436 Parnoi..
563 4386 820 4444 cxcvln.

95 75 212 143 «snt,
252 102 346 146 quoe
374 101 397 133 a
419 89 602 145 quodam
627 90 668 135 in
691 87 813 141 ¹hunc
836 89 1010 135 modum
1030 89 1144 132 dicta
1169 92 1271 132 sunt
1292 100 1302 131 t
1327 93 1366 138 A
1385 85 1501 130 Deus
1531 85 1642 130 ‚dicit
1675 100 1686 129 ε

67 1172 292 1235 ‘rfectum
313 1175 592 1230 desiderium,
609 1183 657 1232 et
683 1191 804 1228 amor
821 1179 867 1223 in
882 1180 1103 1229 voluntate
1119 1187 1299 1232 nostra:
1326 1176 1359 1219 Β
1382 1170 1427 1218 in
1466 1174 1719 1229 ³ff80150¹¹02
1753 1176 1803 1219 3¹¹
1841 1175 2076 1221 intentione
2103 1192 2112 1221 ἓ

67 1390 100 1451 ⁷,
151 1397 292 1440 nobis.
334 1396 417 1441 Sed
462 1400 826 1445 considerandum
872 1402 999 1447 nobis
1039 1404 1139 1448 non'
1165 1404 1336 1454 solum*

97 5 148 50 1
781 0 850 40 DE
880 0 1084 42 ORblNE
1114 0 1183 60 ΕΤ
1215 0 1417 58 RABUHJ
1446 0 1698 58 clamucio.
1734 0 1924 38 PRAEM.
2543 0 2626 39 458

1727 85 1811 139 Qui
1843 86 2026 140 sequitur
2052 99 2129 139 me,
2167 98 2247 128 non
2283 85 2470 129 anabulat
2502 87 2545 129 in
2576 94 2636 132 te·

1382 158 1521 204 nebris
1550 154 1696 216 (loan.
1724 170 1822 212 vm,
1849 158 1936 212 12).
1964 157 2087 203 Unde
2110 160 2224 203 hoc?
2246 155 2396 205 Nonne
2415 161 2517 216 quia
2540 162 2634 216 ipse

1378 231 1449 274 lux
1464 231 1673 284 esttltinc
1685 235 1727 274 et
1739 231 1945 287 praemisit
1961 247 1971 274 ι
1988 231 2074 288 qu
2090 245 2181 276 snm
2203 231 2277 274 tux
2299 231 2443 275 „tandi
2463 231 2629 290 (loia).

1378 300 1514 355 Quam
1549 301 1687 353 Felix,
1718 303 1794 360 qui
1827 315 1915 347 non
1953 304 2035 348 sibi
2072 305 2153 347 soli
2185 304 2307 356 vivit,
2341 304 2421 348 sed
2447 309 2490 349 et
2516 304 2632 357 aliis,

1376 382 1524 421 rectus
1545 377 1701 433 ipsein
1722 378 1909 428 cunctis,
1928 388 2004 433 pro
2028 389 2172 433 posse,
2193 377 2383 422 motibus
2400 377 2627 430 incedens,

1377 453 1421 505 et
1444 454 1559 492 recte
1575 448 1861 492 nibilominus
1888 448 1996 492 alios
2019 450 2184 493 ducens
2208 465 2217 493 ε
2244 449 2408 493 sanctis
2431 449 2518 493 illis
2539 451 2634 494 ani-

1379 520 1565 570 malibus
1597 521 1642 564 in
1667 511 1750 564 lioc
1770 533 1818 566 se
1843 520 2026 565 similem
2050 520 2251 574 ostendit,
2275 521 2328 566 de
2352 522 2508 578 quihus
2529 523 2654 579 legi-.‚

1379 605 1479 638 mus
1519 609 1528 638 :
1569 595 1669 650 quia
1709 593 1940 638 similitudo
1966 607 2105 637 eorum
2131 595 2252 650 attasi
2278 594 2503 638 carbonum
2526 596 2634 653 ignia

1381 666 1631 720 ardentium,
1663 668 1702 710 et
1725 668 1847 724 quasi
1870 675 2056 723 aspectus
2084 667 2376 723 lampadarum
2398 667 2570 727 (Ezectz.
2599 681 2652 722 1,‘

1381 737 1469 795 15).
1504 737 1664 794 Sicque
1690 739 1754 782 uti
1785 738 1918 783 carbo
1943 739 2097 784 ardore
2121 752 2358 785 succensus
2380 746 2468 792 cst,
2494 742 2539 785 in
2561 754 2632 794 50.

1381 802 1510 866 quod*
1531 810 1572 853 in
1623 810 1770 866 seipso
1807 816 1953 854 rectus
1987 811 2133 856 existit
2170 827 2180 856 :
2223 812 2286 856 uti
2313 813 2511 869 lampada
2530 826 2636 859 vero·

1382 883 1529 928 lumen
1554 884 1790 935 ministrat,
1818 885 1861 928 in
1877 895 1944 936 eo,
1970 884 2086 941 quod
2104 893 2220 929 recte
2242 886 2352 930 alios
2367 886 2502 932 ducit.
2523 885 2635 932 Hinc

1382 968 1628 1012 praecursor
1654 955 1827 1000 Domini
1863 958 2032 1002 lacerna
2065 957 2207 1004 dictus
2229 965 2292 1002 est
2315 958 2483 1012 ardens,
2501 967 2541 1004 et
2563 960 2632 1003 lu-

1382 1043 1476 1072 cens
1510 1017 1655 1086 (Joan.
1679 1043 1722 1082 v,
1756 1029 1853 1085 25):
1882 1019 2057 1087 propter
2079 1031 2161 1075 boc
2178 1031 2413 1093 geminum,
2433 1032 2495 1077 uti
2517 1034 2635 1077 arbi-

1381 1108 1490 1154 tror,
1518 1113 1604 1158 quo
1626 1101 1831 1166 pollebat,
1855 1102 2032 1147 bonum.
2050 1103 2191 1148 Ardor
2211 1110 2278 1149 est
2295 1105 2340 1148 in
2353 1106 2631 1163 cogitatione,

2153 1177 2227 1220 lux
2259 1179 2427 1222 veroin
2451 1192 2518 1230 eo,
2547 1192 2635 1236 quo

1385 1262 1482 1293 ‘eum
1514 1250 1703 1294 ostendit
1725 1262 1822 1296 esse
1844 1250 1926 1295 hoc
1949 1250 2093 1301 modo,
2121 1251 2166 1294 in
2182 1251 2384 1296 exteriori
2405 1265 2636 1298 conversa-

1385 1316 1520 1366 tione.
1557 1321 1665 1365 Nam
1702 1333 1897 1372 necesse,
1938 1327 1988 1366 ut
2025 1324 2216 1368 exterius
2239 1323 2527 1375 demonstres,
2552 1324 2636 1388 hoo

1385 1393 1462 1438 tibi
1497 1394 1656 1446 inesse,
1682 1406 1767 1451 quo
1793 1394 1847 1439 de
1868 1395 1940 1442 eis
1956 1395 2157 1440 dubitare
2177 1407 2264 1440 non
2284 1398 2467 1453 possint,
2492 1397 2566 1455 qui
2588 1399 2635 1442 in

1384 1465 1536 1510 faciem
1571 1467 1732 1511 vident.
1758 1466 1999 1520 Quomodo,
2025 1467 2186 1524 inquis,
2217 1468 2298 1526 boc
2323 1469 2508 1513 faciam?
2531 1469 2634 1515 audi

1384 1550 1470 1594 quo
1507 1539 1634 1582 modo
1672 1539 1777 1583 mihi
1815 1539 1987 1585 videtur
2020 1540 2136 1597 quod
2169 1541 2250 1586 hoc
2285 1541 2429 1587 tacere
2470 1544 2631 1599 possis.

1384 1610 1567 1656 Curabis
1598 1613 1738 1667 primo
1765 1613 1989 1658 custodire
2013 1625 2062 1658 os
2084 1619 2224 1666 tuum,
2244 1620 2291 1658 ut
2313 1627 2396 1658 non
2417 1615 2634 1673 delinquas

1383 1682 1426 1725 in
1465 1683 1607 1739 linqua
1654 1682 1897 1728 tua.Pones
1946 1685 2100 1728 ostiam
2140 1685 2468 1730 circumstantiae
2509 1687 2634 1732 tabiis

1384 1756 1466 1799 tais
1502 1771 1513 1798 :
1555 1756 1733 1817 ostium,
1770 1757 1962 1814 inquam,
2005 1771 2094 1802 non
2125 1771 2314 1804 murum.
2358 1759 2526 1805 Carens
2546 1773 2636 1807 non

1381 1829 1510 1872 modo
1547 1829 1766 1885 proferre,
1803 1831 1918 1887 quod
1952 1831 2218 1876 reticendum
2255 1839 2344 1884 est,
2370 1833 2446 1878 sed
2466 1840 2508 1878 et
2530 1829 2635 1879 reti-

1382 1912 1493 1953 cere,
1517 1902 1630 1958 quod
1662 1902 1966 1959 proferendum
1996 1910 2077 1949 est.
2106 1904 2160 1947 In
2192 1919 2319 1949 causa
2353 1913 2425 1950 tua
2454 1895 2634 1965 loqueris

1382 1975 1475 2025 vim
1508 1982 1546 2018 et
1580 1988 1674 2018 cum
1706 1976 1768 2019 bis
1801 1978 2081 2033 interrogatus
2111 1977 2258 2033 saeris,
2288 1975 2438 2023 habeat
2466 1981 2632 2024 inillam

1381 2050 1592 2104 responsio
1612 2057 1684 2092 ma
1708 2048 1858 2108 (Eccli.
1890 2062 2027 2101 xxxii,
2053 2050 2122 2102 10,
2164 2050 2250 2108 lt).
2279 2049 2503 2098 Sollicitus
2527 2054 2631 2107 eris,

1381 2125 1430 2164 ut
1459 2122 1649 2166 breviter
1679 2122 1838 2173 «fleam,
1876 2128 2090 2178 quatenus
2108 2137 2256 2167 manus
2277 2131 2348 2167 tua
2372 2125 2565 2181 sitsuper
2586 2140 2632 2170 os

1384 2199 1517 2246 taum,
1557 2207 1606 2238 ne
1640 2196 1823 2250 capiaris
1853 2197 1896 2238 in
1922 2194 2044 2239 verbo
2075 2195 2391 2254 indisciplinato
2426 2196 2579 2254 (Ecclt.
2605 2211 2633 2244 v

1382 2268 1470 2325 14).
1512 2267 1594 2313 Sed
1632 2280 1711 2324 pro
1749 2269 1868 2321 loco,
1909 2275 1951 2314 et
1987 2276 2208 2327 tempore;
2244 2283 2323 2327 pro
2362 2273 2552 2329 negotio,
2587 2279 2633 2318 et

1381 2353 1511 2398 causa
1543 2342 1715 2398 aperias
1740 2341 1853 2386 labia
1891 2347 1979 2394 tua,
2006 2355 2061 2387 ne
2084 2343 2210 2399 233
2228 2357 2330 2388 reus
2353 2345 2537 2391 tenearis
2552 2357 2633 2402 pro

1382 2413 1512 2457 stulto
1550 2413 1720 2458 silentio
1757 2428 1767 2458 :
1807 2426 1894 2470 quo
1930 2415 2214 2474 supprimitur
2246 2417 2502 2472 spiritualis,
2534 2429 2628 2477 quae

1379 2484 1650 2530 aedificationi
1689 2486 1829 2542 potuit
1858 2492 1901 2531 et
1935 2487 2082 2531 debuit
2117 2501 2214 2532 esse
2250 2489 2427 2537 locuti0.
2456 2489 2529 2534 Sic
2552 2484 2631 2535 cti-²·

1381 2557 1572 2602 stodiens
1611 2558 1796 2602 sollicite
1822 2559 2123 2604 rectitudinem
2151 2561 2194 2604 in
2226 2573 2316 2611 ore,
2350 2570 2437 2606 non
2471 2557 2639 2607 mino'rl‘

1381 2629 1670 2674 sollicitudine
1706 2631 1872 2674 custodi
1908 2642 2002 2674 eam
2038 2631 2082 2673 in
2107 2644 2252 2688 opere.
2277 2632 2458 2677 Custodi
2481 2639 2627 2678 autem

1381 2702 1458 2762 sic„
1499 2701 1645 2746 Primo
1687 2702 1795 2745 nihil
1827 2715 1945 2758 agas,
1980 2715 2066 2759 quo
2103 2704 2286 2760 teipsum
2323 2707 2506 2760 polluas.
2550 2706 2629 2752 Se·

1379 2775 1521 2818 cundo
1554 2787 1679 2825 vero,
1706 2787 1791 2833 quo
1813 2776 2008 2831 proximo
2031 2781 2107 2820 tuo
2130 2786 2304 2821 noceas.
2328 2777 2375 2822 In
2397 2792 2483 2822 uno
2505 2778 2628 2836 flagi-

1380 2836 1504 2898 tium,
1540 2848 1582 2890 in
1605 2847 1740 2892 altero
1762 2860 1934 2907 quoque
1955 2847 2124 2892 facinus
2141 2855 2207 2892 est
2248 2849 2362 2895 Cura
2385 2862 2484 2893 cum
2507 2852 2629 2897 omni

1381 2918 1602 2974 diligentia
1640 2919 1857 2963 neminem
1897 2919 2078 2964 laedeie:
2119 2920 2172 2963 ab
2209 2921 2328 2963 omni
2366 2922 2550 2978 teipsum
2577 2935 2628 2970 re

1379 2989 1508 3033 noxia
1533 2990 1771 3033 continere

1436 3059 1488 3103 X.
1514 3059 1560 3103 ln
1584 3061 1651 3105 his
1667 3060 2087 3118 duobusexercitiis‚
2113 3067 2204 3106 tota
2236 3065 2432 3108 consistit
2452 3072 2636 3110 summa·

1379 3134 1616 3191 religionis.
1642 3135 1751 3178 Dicit
1767 3148 1954 3192 namque
1976 3138 2197 3192 apostolus
2217 3135 2422 3190 Jacobus,
2458 3139 2622 3195 reliyio·

1380 3220 1471 3250 rtem
1500 3207 1716 3260 mundam,
1745 3216 1784 3252 et
1807 3208 2123 3251 immaculatam
2158 3209 2269 3264 apud
2298 3209 2447 3265 Deum,
2474 3217 2514 3254 et
2537 3210 2624 3256 Pa·

55 3297 278 3346 beatorum
314 3299 473 3343 civium
504 3301 731 3352 societate,
761 3308 890 3356 atque
912 3301 1036 3345 beata
1053 3299 1300 3349 Conditoris
1325 3313 1360 3359 ῃ
1384 3288 1486 3325 ‘rem
1514 3281 1622 3324 'mm
1636 3293 1756 3324 ‘me‘
1782 3281 1960 3325 ”mmm
1993 3281 2174 3338 me⁰³
2206 3289 2245 3324 θ’
2260 3281 2446 3326 22‘12‘03
2429 3297 2474 3326 m
2497 3283 2626 3337 ‘mm’

1384 3354 1535 3397 latione
1580 3365 1722 3397 eorum
1751 3359 1791 3395 et
1822 3353 2138 3400 immacutatum
2160 3367 2204 3396 se
2245 3353 2451 3397 custodire
2469 3354 2520 3398 ab
2547 3355 2625 3398 hoo

1381 3428 1532 3470 soeculo
1549 3425 1660 3485 (Jac.
1685 3438 1717 3477 1,
1741 3425 1830 3481 27).
1849 3425 1882 3468 Γ
1886 3431 1972 3476 ota
2006 3425 2197 3482 inquam,
2229 3425 2428 3470 consistit
2454 3438 2623 3470 summa

1380 3498 1601 3554 religionis
1619 3498 1665 3541 in
1686 3498 1771 3549 his,
1797 3497 1873 3541 sed
1891 3498 1929 3542 si
1962 3497 2048 3540 duo
2071 3497 2307 3548 addideris,
2339 3497 2506 3554 singula
2530 3497 2622 3541 sin-

1379 3574 1505 3629 gulis.
1527 3572 1670 3616 Unum
1709 3578 1853 3616 autem
1873 3577 1955 3624 est,
1980 3578 2028 3615 ut
2049 3573 2164 3614 omni
2185 3578 2226 3615 te
2244 3582 2374 3624 >cures
2394 3571 2620 3616 honestate

1380 3658 1563 3699 ornarc;
1587 3657 1732 3697 omne,
1759 3645 1873 3701 quod
1893 3649 1935 3688 te
1951 3644 2220 3695 dehonestat,
2247 3644 2616 3688 studens'evitare.

1381 3717 1576 3762 Alterum
1608 3724 1694 3769 est,
1719 3723 1766 3759 ut
1809 3717 2022 3773 proximo,
2060 3728 2083 3759 a
2104 3727 2190 3773 quo
2229 3716 2454 3767 abhorres,
2490 3713 2618 3772 qnid·

1379 3806 1506 3850 qnam
1530 3794 1706 3837 noxium
1730 3792 1888 3837 inferre
1910 3803 1996 3836 non
2017 3791 2271 3845 contendam
2292 3792 2367 3836 sed
2391 3801 2470 3848 pro
2489 3797 2618 3848 posse

1378 3878 1470 3917 tuo,
1492 3880 1619 3911 omne
1641 3867 1754 3922 quod
1778 3865 1969 3922 prodest,
1992 3865 2203 3908 conferre.
2249 3865 2325 3908 His
2349 3865 2517 3909 duobus
2555 3866 2618 3908 in-

1380 3941 1504 3984 tende
1527 3941 1571 3989 in
1594 3941 1745 3996 teipso,
1771 3947 1812 3984 et
1835 3940 1920 3984 iliis
1938 3934 2105 3982 duobus
2130 3939 2172 3981 in·
2202 3939 2397 3993 proximo
2414 3944 2510 3988 tuo:
2536 3951 2617 3982 nec

1375 4016 1461 4069 jam
1482 4015 1678 4058 incurres
1712 4015 1754 4057 in
1791 4026 1929 4071 opere·
1956 4021 2029 4055 tuo
2067 4018 2306 4067 peccatum,
2344 4019 2613 4068 perpetrans,

1378 4090 1492 4143 quod
1508 4089 1665 4131 malum
1683 4093 1773 4140 cst3
1794 4099 1871 4131 nee
1890 4086 2108 4136 delictum,
2149 4085 2382 4132 declinans
2400 4085 2515 4140 quod
2535 4086 2614 4128 bo·-

1379 4176 1479 4205 num
1521 4169 1601 4205 est,
1633 4161 1705 4204 Sic
1748 4166 1914 4203 rectum
1946 4160 2028 4202 crit
2050 4171 2157 4214 opus
2190 4164 2326 4207 imum,
2348 4157 2447 4200 dum
2492 4158 2534 4199 in
2563 4168 2614 4199 eo

1379 4244 1463 4281 tam
1481 4249 1580 4291 erga
1602 4241 1659 4285 te,
1684 4246 1812 4290 quam
1830 4244 1928 4289 erga
1951 4234 2190 4287 proximum
2217 4238 2352 4286 tuum,
2378 4237 2419 4274 et
2451 4230 2612 4273 omittis

1379 4311 1489 4367 quod
1507 4309 1644 4361 obest,
1666 4315 1708 4354 et
1731 4308 1843 4365 quod
1884 4306 2074 4363 prodest,
2116 4306 2306 4349 admittis
2317 4302 2423 4360 ,sed
2460 4303 2611 4347 iussio

2367 4376 2423 4422 15
