2924 4588
71 51 78 83 ³·
131 58 218 103 553

829 56 900 100 DE
929 57 1134 102 otini-NE
1154 57 1232 102 ,ΕΤ
1265 58 1473 103 ΗΑΒΠἫ-
1494 59 1747 107 (ΣᾹΝΟΝΙΕ.
1781 62 1969 111 PRAEM.

2610 78 2691 120 554

132 151 570 208 iaedere‘praesumeus
596 167 606 195 z
626 157 669 195 et
691 151 773 196 iste
790 163 962 213 quoque
982 152 1065 197 hoc
1082 153 1210 198 modo
1231 153 1374 209 poeni-
1396 167 1432 212 Α
1453 154 1634 208 :cipiunt
1649 186 1660 204 ,
1682 162 1722 198 et
1743 156 1867 200 citius
1889 160 2101 204 amittunt.
2126 160 2177 204 In
2194 161 2340 217 quibus
2370 164 2567 207 nimirum
2596 181 2701 222 qna-

73 219 75 222 ’
130 224 238 269 tenti
260 223 629 280 pleneindulgeat,
654 223 762 271 nihil
781 235 960 280 prorsus
973 236 1073 281 erga
1091 237 1190 269 eum
1220 225 1277 269 ob
1292 226 1374 270 hoc

129 297 292 340 amoris
313 295 458 340 minus
491 295 537 339 in
559 301 702 340 mente
727 296 909 342 habens.
930 296 980 341 Si
1017 305 1156 341 antem
1198 299 1371 342 invicem

129 381 175 412 se
197 366 411 419 Iaeserint,·
446 368 620 411 invicem
648 367 730 411 sibi
759 367 901 411 debita
938 369 1133 411 relaxare
1167 368 1372 412 debebant

127 447 295 496 propter
310 441 517 484 orationes
554 448 730 493 vestras,
775 453 880 497 qaas
922 441 1064 497 utique
1097 449 1250 497 quanto
1286 455 1373 485 cre-

63 541 67 543 *
127 511 285 554 brim-es
341 509 516 561 habetis,
556 517 673 553 tanto
727 512 954 555 sanctiores
986 511 1135 555 habere
1177 511 1368 557 debetis.

71 585 77 642 ᾗ
127 583 235 639 Apte
257 583 448 639 quidem,
467 593 513 628 ut
552 586 668 630 sicut
696 593 852 631 neuter
891 588 946 631 ab
971 589 1152 633 alterius
1195 589 1372 634 laesione

125 663 336 707 abstinuit
363 678 374 708 ε
400 665 460 707 ita
483 669 525 709 et
570 665 614 708 in
644 666 945 711 remissionem
971 670 1180 712 alternam
1216 676 1370 713 neuter

125 735 248 778 alteri
272 736 397 780 desit.
419 736 593 793 Propter
610 726 831 792 orationes,
851 739 1007 796 inquit,
1022 747 1180 790 vestras
1196 748 1243 784 ut
1256 743 1370 786 sicut

126 807 309 851 invicem
334 809 416 852 sibi
433 810 576 854 debita
599 812 816 863 relaxant,
855 813 912 854 ita
941 818 988 855 ut
1018 818 1060 857 et
1090 814 1301 866 relaxent,
1325 821 1368 860 et

67 880 70 927 j
123 891 150 922 a
173 879 354 924 Domino
371 882 539 925 veniam
558 890 807 927 mereantur
831 885 1055 940 consequi,
1074 892 1230 930 vestrae
1267 899 1367 930 ora-

59 955 66 979 -’
122 951 265 997 tiones
299 961 570 998 succurrant.
595 955 655 1000 De
677 958 834 1012 quibus
874 958 1144 1003 orationibus
1160 959 1269 1003 benc
1305 959 1368 1002 di-

82 1055 87 1060 ·
119 1027 237 1070 citur
273 1027 405 1082 quod,
439 1033 603 1083 quanto
631 1041 706 1072 eas
734 1030 975 1074 crebriores
999 1030 1222 1082 habemus,
1245 1037 1365 1075 tanto

118 1103 163 1141 et
187 1099 425 1143 sanctiores
444 1100 857 1151 habere'debcmus,
888 1103 988 1157 quia
1035 1102 1217 1146 multum
1255 1116 1364 1159 quo·

52 1163 53 1198 ἶ
118 1183 202 1227 que
220 1173 456 1228 spiritualis
482 1175 723 1218 szmctitatis
769 1175 968 1219 conferre
1002 1175 1095 1232 ipsa
1113 1188 1262 1219 earum
1282 1175 1362 1219 fre-

117 1245 293 1300 quentia
310 1246 451 1290 debet.
482 1280 484 1283 .

63 1306 71 1311 ⁴
177 1315 263 1359 vn.
291 1316 524 1373 Sequitur:
550 1318 700 1362 Melior
720 1327 953 1373 astantem,
977 1323 1064 1378 qui,
1090 1323 1276 1378 quamvis
1294 1325 1360 1366 ira

117 1402 228 1444 :cepe
261 1398 460 1445 tentatur,
493 1402 629 1437 tamen
652 1396 876 1450 impetrare
904 1397 1105 1453 festinat,
1124 1407 1170 1441 nt
1193 1399 1272 1442 sibi
1295 1400 1362 1443 di-

115 1463 282 1514 mittat,
315 1465 383 1506 cai
417 1478 460 1507 se
482 1465 628 1520 fecisse
658 1469 847 1523 aqnoscit
877 1469 1107 1525 injuriam:
1134 1485 1262 1527 quam
1290 1475 1361 1530 qui

52 1536 54 1538 ’
115 1534 279 1578 ondins
298 1538 512 1587 irascitur,
534 1547 571 1581 et
596 1540 649 1581 ad
671 1541 889 1596 petendam
913 1544 1073 1587 veniam
1106 1547 1266 1589 tardius
1290 1547 1360 1589 in-

113 1608 311 1653 clinatur.
347 1610 552 1662 Quamvis
576 1613 734 1656 bonum
758 1628 845 1658 non
882 1617 936 1659 sit
960 1618 1090 1660 etiam
1130 1620 1262 1662 semel
1287 1632 1361 1662 ca-

59 1732 61 1734 ,
113 1681 231 1732 dere,
252 1690 395 1727 tamen
419 1686 562 1729 minus
586 1687 744 1729 malum
778 1695 844 1732 cst
864 1689 993 1732 ctiam
1025 1691 1180 1747 saepius
1205 1706 1355 1745 ruere,

55 1783 59 1803 ;
114 1753 153 1798 si
202 1759 348 1811 tamen
396 1759 522 1802 toties
568 1771 850 1814 perseverans
902 1767 1164 1808 resurrectio
1208 1779 1359 1812 succe-

113 1827 207 1876 dit,
252 1829 423 1883 quoties
468 1832 698 1887 aliquando
744 1847 916 1891 quoque
967 1845 1190 1882 cessatura
1234 1843 1358 1884 ruina

44 1912 45 1916 ¹
112 1899 340 1953 praeeedit,
368 1914 497 1957 quam
521 1904 587 1947 sic
611 1907 742 1950 semel
783 1909 1027 1962 prosterni,
1053 1917 1098 1953 ut
1134 1925 1356 1967 nunquam

111 1969 315 2029 deinceps
345 1976 576 2032 contingat
622 1979 743 2035 erigi.
780 1980 841 2022 lta
888 1983 1048 2026 sentire
1097 1997 1354 2038 possumus,

110 2048 154 2088 et
174 2043 394 2097 debemus,
408 2053 450 2092 et
466 2049 700 2096 deduobus
721 2052 831 2103 istis,
848 2067 942 2109 quae
954 2063 1283 2111 praeponuntur:
1304 2059 1357 2101 de

57 2170 62 2174 .
110 2129 162 2160 co
190 2119 409 2170 videlicet,
437 2123 510 2177 qui
546 2124 732 2179 propriae
774 2126 1038 2172 infirmitatis
1062 2135 1253 2174 tentante
1289 2131 1357 2174 in-

110 2189 345 2234 stabilitate
370 2192 456 2234 cito
490 2201 698 2245 movetur,
723 2203 766 2239 et
804 2209 930 2242 suum
967 2199 1190 2244 humiliter
1222 2212 1357 2257 agno-

107 2271 236 2303 scens
260 2273 484 2307 excessum
510 2266 596 2309 cito
623 2266 896 2324 humiliatum
919 2277 962 2314 et
997 2270 1049 2316 de
1071 2284 1137 2323 eo,
1165 2274 1240 2329 qui
1265 2279 1354 2317 tar-

107 2332 207 2377 dius
229 2337 504 2380 commotioni
532 2340 781 2393 assentitur,
800 2349 843 2385 et
867 2343 1033 2388 tardius
1057 2345 1286 2390 humilitati
1307 2360 1353 2393 se

106 2405 334 2450 submittit.
354 2407 595 2455 Notandum
612 2426 714 2457 vero
733 2419 799 2457 est
824 2416 938 2471 quod
956 2417 1042 2460 duo
1078 2418 1220 2462 hocin
1256 2420 1352 2464 loco

107 2475 257 2542 beatus
291 2478 558 2536 Augustinus
599 2497 754 2540 genera
793 2488 1033 2543 exprimere
1060 2490 1230 2534 videtur
1265 2493 1352 2535 ira-

105 2551 339 2605 scentium;
370 2566 501 2596 unum
526 2556 724 2599 videlicet
749 2571 921 2612 corum,
946 2562 1021 2617 qui
1054 2563 1140 2606 cito
1176 2565 1350 2619 quidem

106 2631 447 2677 commoventur,
474 2633 516 2670 et
542 2628 694 2674 festine.
716 2631 1019 2686 humiliantur;
1043 2636 1222 2679 alterum
1247 2649 1350 2681 vero

103 2697 179 2750 qui
203 2698 324 2740 tarde
347 2707 518 2756 econtra
547 2704 598 2744 ad
622 2704 726 2746 iram
761 2715 1066 2760 provocantur,
1085 2715 1126 2752 et
1151 2711 1270 2755 tarde
1296 2712 1349 2755 ad

105 2766 389 2813 humilitatem
418 2771 694 2819 inclinantur.
722 2776 784 2819 Ex
808 2778 875 2822 his
906 2778 1074 2824 duobus
1099 2784 1344 2836 generibus,

104 2843 339 2885 secundum
374 2847 530 2888 asserit
562 2859 660 2893 esse
691 2851 882 2896 deterius
920 2855 1074 2910 primo.
1114 2855 1170 2900 ln·
1195 2859 1347 2914 quinto

103 2926 274 2970 quoque
305 2916 414 2961 libro
468 2918 691 2965 Moralium
741 2925 832 2968 haic
878 2927 963 2971 duo
1001 2929 1151 2974 beatus
1185 2930 1342 2987 Grego-

103 2986 194 3030 rius
224 2989 378 3044 tangit3
405 2996 450 3034 et
475 2993 556 3036 alia
582 2996 666 3038 duo
688 3008 891 3054 expresse
914 3008 1088 3058 tangere
1109 3015 1195 3047 non
1219 3006 1346 3049 omit—

101 3057 170 3102 tit.
207 3058 346 3104 Unum
383 3064 573 3120 scilicet,
614 3069 728 3125 quod
766 3072 853 3116 cito
890 3082 1102 3129 movetur,
1138 3083 1181 3120 et
1222 3079 1345 3123 tarde

103 3128 373 3188 humiliatum
401 3137 515 3181 aliud
534 3152 635 3183 vero
652 3143 766 3198 quod
782 3151 958 3190 econtra
976 3149 1099 3193 tarde
1121 3149 1340 3204 irascitur,

100 3207 144 3247 et
168 3206 296 3250 citius
324 3209 376 3251 ad
406 3215 778 3260 mansuetudinem
795 3219 1043 3265 inclinatur.
1069 3222 1231 3273 Horum
1266 3238 1343 3269 au-

101 3283 190 3320 tem·
210 3277 391 3324 duorum
414 3284 787 3344 subsequentium,
807 3292 990 3346 primum
1013 3296 1136 3352 longe
1153 3297 1341 3343 deterius

100 3355 166 3391 est
202 3352 414 3396 secundo:
450 3356 513 3398 sic
541 3357 709 3401 illorum
738 3364 1067 3416 praecedentium
1102 3369 1337 3412 secundum

94 3418 289 3465 'deterius
301 3426 710 3478 primo.DicItdcliis
729 3432 842 3489 (500)
859 3436 938 3479 hoc
953 3439 1101 3482 modo:
1119 3439 1339 3485 Sciendum

101 3503 194 3535 vero
225 3503 302 3546 est,
322 3497 431 3551 quod
452 3502 671 3544 nonnullos
693 3505 761 3547 ira
788 3507 911 3550 citius
937 3511 1142 3561 accendit,
1169 3513 1338 3568 facilius

99 3561 276 3615 desei-im
301 3571 518 3613 nortnullos
543 3586 633 3615 vero
652 3576 812 3620 tardius
834 3580 994 3634 quidem
1013 3594 1249 3637 commoret,
1267 3589 1337 3630 sed

99 3634 245 3680 durius
271 3647 392 3683 tenet.
427 3641 516 3685 Ani
546 3658 720 3700 namque
745 3651 926 3694 accensis
959 3654 1132 3698 calamis
1160 3658 1333 3711 sinales,

98 3707 197 3752 ditm
220 3712 385 3756 vocibus
407 3724 687 3771 perstrepunt,
710 3724 830 3776 quasi
861 3725 1060 3779 quosdam
1082 3733 1335 3775 accensionis

98 3794 185 3824 suoe
210 3786 369 3828 sonitus
392 3787 595 3831 reddunt:
612 3793 736 3836 citius
757 3796 920 3850 quidem
940 3799 1132 3852 flammas
1155 3803 1331 3856 faciant,

97 3853 168 3895 sed
193 3858 381 3909 protinas
406 3859 448 3902 in
471 3860 656 3913 facilium
681 3865 920 3922 frigescunt.
948 3870 1034 3913 Atii
1053 3881 1189 3916 autem
1210 3875 1334 3931 lionis

95 3928 375 3982 gravioribus,
400 3931 714 3989 durioribusque
734 3952 819 3982 non
842 3941 1029 3997 dispares
1054 3950 1332 3993 accensionem

87 4004 214 4044 ‘tarde
237 4005 467 4059 suscipiunt
483 4039 495 4060 ,
527 4011 599 4052 sed
627 4018 763 4056 tamen
786 4017 911 4058 semel
941 4020 1102 4062 accensi
1124 4020 1332 4078 difficilius

96 4076 490 4131 exstinqnuntnr:et
523 4085 621 4137 qaia
647 4086 807 4130 tardius
827 4088 869 4129 in
893 4092 1157 4144 asperitatem
1172 4108 1215 4138 se
1232 4109 1331 4139 con-

97 4145 249 4196 citant,
282 4149 436 4204 suroris
463 4155 528 4196 sui
556 4154 713 4203 diutius
733 4159 866 4214 iynem
886 4172 1064 4207 servant,
1094 4165 1182 4208 Alii
1205 4166 1329 4224 (quod

94 4225 157 4261 est
186 4221 372 4278 nequius)
395 4231 434 4266 et
460 4226 582 4269 citius
607 4229 834 4275 iracundia
865 4234 1060 4286 flammas
1091 4239 1326 4294 accipiunt,

94 4294 135 4332 et
157 4291 316 4336 tardius
339 4294 572 4351 dapenna&
603 4304 791 4345 nonnulli
817 4319 909 4349 vero
945 4308 1019 4351 lias
1049 4316 1087 4352 et
1119 4303 1236 4355 tarde
1257 4327 1329 4356 su-

86 4400 88 4404 i
153 4363 268 4421 1300)
301 4365 345 4411 S.
379 4367 510 4413 Gneo.
535 4373 564 4415 l.
585 4386 613 4416 v
640 4373 762 4426 Mor„
792 4390 830 4421 c.
858 4379 928 4423 52.

471 4445 682 4495 Parnon.
722 4448 979 4498 cxcvtu.

1387 1245 1420 1287 B

1374 2306 1408 2353 C

1364 3373 1398 3417 D

1453 231 1548 267 taor
1577 225 1710 269 modis
1735 226 1891 283 liquido
1910 229 2036 273 lector
2067 234 2251 287 agnoscit
2268 265 2293 285 ‚.
2310 234 2417 290 quod
2441 243 2482 278 et
2504 237 2559 278 ad
2585 245 2700 282 tran-

1451 297 1677 352 qualitatis
1695 296 1847 341 bonum
1868 300 2040 344 ultimus
2051 302 2144 356 pias
2163 316 2286 359 qaam
2302 306 2460 359 primns
2480 311 2702 363 appropin-

1450 375 1575 423 quat,
1595 374 1635 409 et
1657 368 1699 410 in
1722 369 1832 412 malo
1850 371 2073 413 secundnm
2093 374 2237 417 tertius
2256 383 2440 430 superat.
2461 375 2560 421 Haec
2577 369 2700 423 vobis

1452 437 1548 482 ideo
1572 439 1624 482 ad
1651 445 1839 484 mentem
1878 444 2202 497 revocavimus,
2239 452 2287 489 ut
2309 447 2364 490 ad
2395 450 2700 494 remittendum

1449 509 1518 561 ei,
1543 511 1618 567 qui
1658 511 1758 556 licet
1784 511 1939 558 festine
1972 513 2211 569 inovcatur,
2239 525 2380 562 tamen
2404 521 2456 563 ad
2485 523 2699 577 poeniten-

1450 582 1552 624 tiam
1577 583 1665 627 cito
1691 585 1960 639 humiliatur,
1989 586 2244 633 inflexibiles
2269 603 2353 634 non
2378 594 2488 644 sitis,
2513 596 2698 640 scientes

1449 655 1570 698 illum
1586 669 1682 701 esse
1707 659 1956 712 meliorem,
1980 674 2109 716 quam
2128 662 2201 718 qui
2223 665 2393 709 tardius
2418 666 2634 722 irascitur,
2656 673 2698 712 et

1446 728 1616 773 tardius
1641 731 1694 774 ad
1714 732 1939 787 petendam
1961 735 2129 778 veniam
2155 736 2400 782 inclinatur.

1503 800 1611 846 Vlll.
1649 804 1731 856 Qui
1761 813 1897 848 autem
1922 817 2131 863 nunquam
2154 810 2238 851 vult
2264 818 2397 865 petere
2419 813 2595 865 veniam,
2622 823 2695 858 aul

1446 884 1527 914 non
1561 886 1612 915 ea:
1651 875 1788 917 animo
1805 877 1930 930 petit,
1972 878 2060 921 sine
2086 892 2215 922 causa
2248 887 2308 923 est
2344 882 2387 924 in
2426 887 2693 934 monasterio,

1443 947 1613 989 etiamsi
1638 949 1731 991 inde
1755 963 1836 992 non
1858 952 2122 1006 projiciatur.
2147 953 2208 996 Ad
2235 955 2316 998 hoc
2340 970 2511 1012 quoque
2535 958 2579 1002 in
2603 973 2696 1003 mo·

1444 1021 1638 1064 nasterio
1671 1034 1847 1074 sumus,
1877 1029 1924 1066 ut
1959 1024 2233 1080 quotidiana,
2264 1026 2349 1070 imo
2383 1029 2581 1082 assidua,
2606 1036 2695 1075 tam

1444 1100 1570 1150 nocte
1611 1107 1739 1150 quain
1765 1095 1848 1147 die,
1874 1103 2023 1140 nostra
2048 1097 2135 1141 Deo
2163 1098 2446 1155 omnipotenti
2481 1104 2703 1149 sacrificia.

1444 1166 1689 1210 oller-amus.
1715 1168 1818 1220 Quae
1843 1177 1986 1213 autem
2021 1170 2262 1223 sacrificia,
2288 1173 2369 1217 nisi
2395 1181 2544 1218 sancta
2567 1190 2694 1221 exer·

1444 1237 1544 1279 citia
1569 1240 1744 1281 nostra?
1767 1238 1981 1296 Quidquid
2001 1242 2115 1284 enim
2146 1242 2248 1286 boni
2271 1243 2460 1299 agimus:
2481 1258 2556 1290 seu
2575 1249 2694 1292 vide-

1443 1309 1542 1352 licet
1581 1323 1680 1353 cum
1714 1313 1953 1356 maturitati
1985 1315 2145 1358 silentii
2182 1315 2452 1370 insistimus,
2486 1331 2561 1362 seu
2594 1334 2691 1368 cum

1441 1393 1519 1435 pro
1543 1385 1827 1429 aedificatione
1857 1386 2042 1442 proximi
2076 1388 2266 1444 linguam
2290 1390 2336 1435 in
2364 1392 2495 1435 verba
2524 1394 2693 1438 relaxa-

1441 1467 1537 1499 mus
1554 1487 1564 1507 ,
1610 1469 1686 1500 seu
1728 1470 1827 1501 cum
1866 1460 2124 1504 lectionibus
2165 1462 2434 1514 assidemus,
2475 1477 2554 1508 seu
2591 1480 2689 1511 cum

1442 1528 1796 1575 meditationibus
1819 1532 2041 1576 studemus
2062 1547 2162 1585 ,seu
2185 1547 2282 1579 cum
2306 1537 2508 1592 operibus
2541 1552 2691 1585 neces·

1440 1603 1568 1646 sai-iis
1614 1615 1790 1659 operam
1842 1606 2012 1656 damus,
2060 1620 2136 1652 seu
2173 1621 2271 1653 cum
2311 1611 2579 1657 orationibus
2623 1614 2689 1657 in·-

1445 1675 1712 1727 cumbimus,
1740 1683 1783 1721 et
1806 1680 1991 1724 maxime
2014 1693 2111 1724 cum
2150 1684 2310 1727 sanctis
2343 1684 2448 1740 ipsis
2479 1687 2687 1731 altaribus

1439 1749 1669 1800 concussi,
1727 1756 1769 1793 et
1816 1750 2038 1806 liquefacti
2086 1759 2279 1798 astamus
2305 1771 2315 1799 :
2364 1757 2418 1800 ad
2455 1759 2682 1814 spirituale

1437 1823 1623 1876 pertinet
1654 1823 1914 1867 sacrificium
1945 1833 2142 1870 nostrum
2160 1859 2171 1879 ,
2197 1829 2312 1884 quod
2334 1829 2452 1873 Patri
2488 1833 2685 1888 omnipo-

1436 1895 1544 1938 tenti
1577 1909 1654 1951 per
1687 1896 1840 1940 Filium
1878 1898 1972 1953 ejus
2016 1899 2162 1944 Jesum
2206 1901 2451 1955 Christum,
2505 1904 2683 1948 unicum

1438 1967 1665 2012 Dominum
1704 1978 1898 2015 nostrum
1915 2003 1928 2024 ,
1973 1973 2018 2016 in
2054 1979 2206 2018 sancto
2245 1977 2470 2033 utriusque
2515 1977 2679 2034 Spiritu

1436 2039 1726 2087 immolamus.
1765 2042 1847 2088 Sed
1889 2057 1970 2088 nec
2008 2045 2122 2089 istud
2169 2047 2360 2102 profecto
2377 2078 2389 2100 ,
2429 2059 2509 2093 nec
2545 2049 2679 2093 ullum

1435 2113 1552 2156 aliud
1568 2146 1578 2166 ,
1604 2117 1720 2171 quod.
1744 2117 1788 2159 in
1810 2117 1927 2161 hunc
1951 2119 2124 2162 modum
2147 2126 2214 2164 est
2248 2121 2508 2166 sacrificium
2538 2126 2680 2168 susci-

1436 2187 1568 2242 pitur,
1604 2188 1691 2232 nisi
1725 2190 1845 2245 prius
1873 2203 1923 2234 ex
1965 2194 2108 2236 animo
2144 2193 2360 2238 discordia
2395 2197 2593 2251 pellatur.
2627 2198 2679 2240 Ει

1435 2257 1571 2313 ipsam
1591 2260 1763 2315 quidem
1794 2274 1880 2306 non
1912 2262 2110 2318 depellis;
2141 2264 2226 2308 nisi
2251 2277 2348 2309 cum
2379 2267 2433 2310 ab
2453 2279 2519 2321 eo,
2548 2282 2675 2325 quem

1435 2331 1611 2385 laesisti,
1634 2332 2030 2378 liuiniliterveniam
2049 2338 2176 2392 petis.
2195 2335 2362 2382 Dicitur
2378 2351 2564 2397 namque
2578 2342 2672 2395 tibi,

1432 2408 1481 2446 ut
1503 2403 1632 2463 294
1653 2405 1873 2461 relinquas
1895 2420 2052 2452 munus
2080 2415 2202 2454 tuum
2227 2417 2327 2455 ante
2350 2413 2500 2466 altare,
2526 2422 2570 2458 et
2598 2426 2676 2458 an-

1434 2478 1608 2531 tequam
1623 2476 1727 2519 illud
1740 2479 1894 2524 offeras
1906 2480 2010 2532 Dc0,
2022 2482 2155 2527 vadas
2173 2485 2444 2529 reconciliari
2463 2486 2584 2531 fratri
2598 2492 2674 2533 tue

1430 2535 1650 2606 (Mamm,
1671 2553 1759 2599 at).
1775 2553 1824 2597 Et
1837 2557 1975 2598 oratio
1985 2564 2050 2600 est
2060 2555 2299 2604 Psalmistae
2308 2573 2436 2617 super
2446 2562 2544 2617 hoc,
2557 2562 2673 2608 hunc

1430 2620 1593 2666 liabens
1609 2623 1801 2675 modum,
1827 2624 2307 2684 Beniqn.esac‚Doinine:
2333 2632 2374 2674 in
2399 2632 2506 2675 bona
2528 2635 2671 2677 volun·

1428 2698 1512 2735 tate
1532 2702 1620 2744 tua,
1643 2694 1765 2747 Sion,
1793 2704 1835 2738 ut
1858 2698 2114 2753 oedificentur
2143 2703 2251 2744 mari
2276 2703 2508 2748 Jerusalem
2530 2706 2666 2763 (Psal.

1428 2775 1475 2813 ι,
1509 2763 1668 2821 20>.1n
1702 2766 1814 2809 bona
1842 2769 2061 2814 voluntate
2099 2783 2177 2815 sua
2209 2772 2390 2829 benigne
2424 2774 2527 2818 facit
2557 2775 2668 2820 Deus

1428 2834 1558 2887 Sion,
1596 2839 1769 2892 quando
1805 2846 2016 2893 mentem,
2054 2843 2108 2886 ad
2136 2856 2270 2900 quam*
2302 2847 2487 2902 pertinet
2526 2849 2667 2904 ipsum

1426 2917 1541 2948 nunc
1563 2919 1638 2963 per
1663 2911 1884 2963 speculum
1904 2910 1950 2954 in
1972 2913 2196 2969 aenigmate
2209 2915 2411 2975 vlilcreU
2435 2918 2533 2964 Cor.
2560 2933 2663 2973 xiii,

1427 2977 1513 3036 ¹2).
1550 2981 1592 3021 in
1633 2980 1903 3036 beneplacito
1925 2985 2071 3040 gratiae
2112 2997 2200 3030 suae
2244 2988 2419 3033 visitare
2446 2990 2664 3048 dignatur.

1424 3048 1477 3092 Et
1500 3050 1590 3094 haec
1629 3053 1800 3108 quidem
1825 3054 1881 3097 ad
1903 3056 2008 3108 lioc,
2036 3063 2082 3100 ut
2107 3059 2228 3101 muri
2255 3058 2489 3106 Jerusalem
2528 3065 2664 3107 aediti·

1423 3129 1600 3168 centur:
1619 3126 1799 3170 virtutes
1820 3127 2019 3172 videlicet
2042 3130 2084 3172 in
2108 3130 2311 3176 interiore
2327 3134 2664 3181 homine·n0stro

1422 3202 1746 3250 construantur,
1762 3195 1917 3255 quibus
1930 3214 2039 3245 verae
2054 3204 2174 3258 pacis
2191 3208 2492 3262 contemplatio
2507 3215 2550 3252 et
2565 3222 2660 3253 mu-

1422 3268 1528 3320 nita,
1547 3271 1804 3322 custoditur,
1820 3276 1861 3314 ct
1886 3274 2097 3316 custodita
2122 3281 2328 3320 munitur.
2348 3277 2452 3321 Nam
2468 3281 2662 3322 visionem

1421 3340 1552 3392 pac-is,
1580 3347 1625 3382 ut
1648 3341 1786 3391 scitis,
1805 3340 2042 3387 Jerusalem
2067 3351 2206 3389 sonat.
2233 3347 2295 3390 Ad
2319 3348 2401 3390 lioc
2426 3351 2583 3405 itaque,
2605 3353 2660 3394 ab

1420 3422 1488 3458 eo,
1517 3411 1588 3465 qui
1614 3413 1805 3454 omnium
1835 3421 1901 3457 est
1922 3415 2130 3459 bonorum
2152 3416 2363 3475 Lai-gitor,
2391 3423 2492 3464 tatis.
2517 3425 2658 3467 cordis

1417 3482 1616 3526 medullis
1644 3485 1790 3539 gratiae
1819 3485 1997 3531 internae
2033 3489 2321 3535 visitationem
2354 3501 2495 3549 petere
2527 3495 2655 3540 debe-

1416 3567 1529 3607 mus,
1555 3560 1601 3597 ut
1623 3556 1828 3600 illibatam
1863 3566 1906 3603 et
1929 3561 2178 3605 inviolatam
2211 3564 2252 3606 in
2273 3572 2413 3609 mente
2432 3573 2656 3613 nostrate-

1416 3639 1518 3670 ncre
1542 3629 1868 3685 possimuserga
1885 3631 2070 3676 Deuniet
2089 3645 2189 3690 erga
2227 3636 2465 3690 proximum
2482 3652 2651 3693 paceni,

1414 3704 1630 3754 quatenus
1652 3700 1833 3758 benigue
1855 3703 1983 3746 faciat
2003 3704 2273 3750 Dominus'in
2301 3709 2411 3752 bona
2437 3713 2652 3757 uoluntate

1414 3783 1492 3813 sua
1520 3769 1622 3814 Sion
1640 3804 1651 3822 ‚
1672 3777 1718 3814 ut
1742 3773 2004 3817 :edificentur
2030 3776 2403 3823 muriJerusaiem.
2428 3780 2477 3822 13«.
2505 3783 2651 3837 adjun-

1411 3843 1475 3885 xit
1499 3842 1752 3889 Psalmista:
1783 3845 1895 3888 Tunc
1919 3848 2149 3901 acceptabis
2174 3852 2425 3904 sacrific-iam
2437 3855 2617 3908 justitae
2636 3888 2647 3907 ,

1411 3912 1639 3956 alitationes
1656 3922 1694 3956 ec
1717 3916 1960 3959 holocausta
1975 3930 1989 3959 :
2030 3926 2124 3962 tanc
2143 3922 2351 3974 imponent
2372 3937 2495 3978 super
2517 3927 2650 3970 altare

1411 3991 1527 4028 taum
1550 3988 1699 4031 vitulos
1725 3986 1860 4044 (Psal.
1885 4003 1932 4042 1„
1957 3991 2046 4048 at).
2071 3991 2114 4034 In
2140 3996 2270 4038 veteri
2285 3996 2443 4039 dudum
2468 3999 2557 4054 lege
2580 4012 2648 4043 sa-

1410 4057 1620 4101 crificium
1650 4058 1888 4112 dicebatur,
1915 4063 2086 4117 quando
2109 4066 2307 4110 animalia
2339 4068 2643 4125 offerebantur3

1410 4129 1585 4180 oblatio,
1611 4132 1784 4185 quando
1805 4132 1856 4175 de
1881 4134 2008 4178 rebus
2033 4136 2161 4180 siccis
2192 4139 2351 4195 aliquid
2375 4143 2647 4197 contingebat

1410 4199 1573 4255 offerri;
1597 4198 1895 4248 'holocaustum
1920 4220 2089 4264 quoque
2118 4207 2359 4264 dicebatur,
2385 4215 2556 4269 quando
2581 4224 2637 4258 to—

1408 4278 1499 4314 tum
1524 4274 1568 4316 in
1603 4276 1725 4318 altari
1752 4277 2079 4325 accendebatur.
2119 4282 2184 4325 Ad
2205 4295 2278 4327 eos
2311 4285 2453 4341 itaque
2470 4317 2482 4335 ,
2518 4294 2564 4329 ut
2591 4289 2642 4331 de

1408 4345 1559 4387 horum
1583 4346 1818 4390 differentia
1837 4352 1962 4406 paulo
1988 4354 2114 4396 latius
2130 4356 2367 4410 loquamur,
2386 4359 2642 4403 sacrificium

2240 4477 2298 4526 18
