2924 4588
29 98 193 151 471
242 113 245 114 ⁷

67 258 242 304 alehis
273 257 352 302 ei.s
387 270 402 298 ι
437 253 497 298 Et
528 255 670 308 iratus
709 253 961 299 Holofernes
999 255 1167 311 [dixitz
1209 271 1223 296 ι
1258 256 1312 300 Ut

47 318 300 415 ἕξιςιειιᾶειιι
322 328 416 378 tibi,
441 327 543 382 quia
572 339 674 370 non
681 335 748 370 est
779 325 892 370 Deus
917 327 1003 371 nisi
1027 327 1311 372 Nabuchodo-

62 410 210 443 osor
246 407 300 446 ex
337 396 420 439 hac
451 396 557 439 hora
591 395 750 454 populo
783 395 952 439 illorum
978 398 1239 450 sociaberis,
1266 405 1312 442 ut

28 471 40 514 ἕ
107 482 178 515 ιιιιι
196 468 280 513 illis
297 467 459 524 pariter
481 479 632 524 pereas
639 466 820 524 (Iudith
851 467 968 524 tv)‘¹
975 502 986 512 .
1019 483 1034 510 ι
1062 469 1181 514 Tunc
1201 483 1310 526 prac-

26 517 82 588 *ἶ
104 540 192 596 epit
227 537 482 583 llolosernes
513 538 652 584 servis
676 539 785 592 suis,
818 545 868 583 ut
898 539 1104 584 ducerent
1134 554 1230 585 eum
1266 543 1310 586 in

30 169 69 417 Μεντ-

0 618 2 622 “
68 611 336 663 ethuliain,
361 617 462 655 ante
491 622 620 667 quam
651 617 980 656 castrametatus
1008 613 1310 661 suerat.Cum—

0 677 3 697 l

0 699 4 732 ,Ι

67 704 70 705 ⁷
89 703 93 722 ι
110 694 162 730 ue
185 682 402 725 traherent
425 693 540 732 eum,
566 681 846 724 fundibularii
860 684 1023 738 egressi
1040 690 1138 728 sunt
1161 686 1310 729 adver-

132 767 154 800 s
173 765 262 798 eos.
283 753 334 796 Et
358 753 557 798 timentes
579 755 822 810 ligaverunt
840 755 1000 799 Achiui·
1024 757 1078 799 ad
1094 758 1306 812 arborem,

0 853 3 897 3
39 822 42 823 ⁷
151 831 442 871 recesserunt.
483 823 783 887 Fundibularii
805 839 908 872 vero
939 830 1153 875 solventes
1182 844 1306 884 eum,

62 903 322 942 tatuerunt
347 911 444 943 eum
470 898 514 942 in
549 898 692 943 medio
716 900 951 953 seniorum,
976 908 1018 946 et
1043 903 1204 959 pepuli.
1226 903 1308 946 Mi·

127 977 224 1015 rant
245 971 417 1027 quidem
436 971 488 1016 de
504 970 743 1016 Jerusalem
771 972 816 1015 in
843 972 1080 1017 Bethuliam
1109 976 1217 1019 duos
1241 988 1310 1021 sa·

0 1054 3 1075 f
113 1043 273 1088 ·rdotes
311 1049 354 1088 et
397 1044 632 1100 principem
672 1042 821 1088 oziam
861 1045 912 1089 de
958 1047 1074 1090 trihu
1119 1046 1306 1094 Simeon.

80 1111 95 1138 Ψ
114 1133 270 1178 umque
289 1121 558 1178 exposuisset
582 1121 646 1165 eis
669 1121 844 1174 Achior,
874 1135 1006 1178 quare
1027 1124 1309 1168 transmissus

82 1237 84 1239 ,
125 1199 190 1238 set
223 1193 277 1237 ab
313 1192 543 1238 Holoferne
573 1193 627 1237 ad
661 1206 764 1247 cos,
787 1196 950 1251 recepit
987 1196 1083 1238 eum
1118 1195 1243 1240 Ozias
1266 1196 1308 1240 in

757 89 1012 138 HISTORIA
1043 91 1430 138 SCHOLASTICA
1459 119 1516 128 -
1533 95 1698 141 LlBER
1726 98 1939 147 mmm.

94 195 147 232 -ι
167 186 247 238 eis,
265 190 306 231 et
328 182 490 240 poteris
505 194 581 228 eos
603 193 865 238 expugnare,
890 183 1080 239 alioquin
1100 195 1186 228 non
1201 196 1311 240 prae-
1332 189 1366 235 Α
1390 185 1537 230 dicunt
1587 199 1854 245 conopoeum,
1906 192 2104 247 quoniam
2154 194 2289 246 instar
2325 206 2420 240 com
2456 208 2478 240 a
2521 199 2607 245 lato

2497 113 2516 156 ί
2526 111 2607 162 tw

1391 259 1601 303 ascendit-
1621 261 1665 304 in
1697 269 1885 307 acutum.
1917 262 1971 308 Et
1997 264 2194 311 dixerunt
2230 266 2394 324 Αςςμίἰ
2424 281 2433 310 :
2465 284 2478 309 ι
2503 271 2607 323 Quis

1391 337 1634 376 contemnet
1655 322 1857 389 populum
1890 334 2177 390 Hebraeorum,
2204 339 2276 394 qui
2301 345 2384 381 tam
2409 341 2609 395 pulchras

1389 404 1590 449 mulieres
1616 406 1759 455 habet.
1782 412 1829 450 ut
1850 418 1928 463 pro
1948 408 2016 453 his
2037 410 2188 453 merito
2205 423 2440 466 pugnemus
2459 420 2607 456 contra

1388 475 1489 518 eos?
1504 474 1731 539 »Cumque
1751 477 1969 523 adorasset
1989 478 2151 532 ludim,
2171 481 2276 525 dixit
2299 483 2350 525 ad
2380 495 2471 526 eam
2488 484 2610 528 Holo-

1389 547 1532 591 fernes
1557 561 1566 589 :
1592 548 1708 592 «Cur
1721 550 1879 606 placuit
1902 551 1997 604 tibi,
2022 558 2069 595 ut
2091 552 2144 595 ad
2166 564 2244 597 nos
2267 554 2462 598 venires?
2484 555 2606 609 »(1ιι-

1387 618 1477 662 dith
1501 620 1580 675 xi.)
1625 619 1727 672 Quae
1757 622 1981 678 respondit
2007 635 2018 663 ε
2048 638 2075 683 Ιι
2107 622 2280 668 Certum
2317 626 2517 681 estquod
2563 629 2607 670 in

1388 692 1669 746 perditIonem
1692 694 1971 750 ibitpopulus
1995 701 2166 749 nostem
2197 698 2380 752 graviter
2408 699 2519 740 enim
2539 698 2606 742 or-

1390 762 1525 806 sendit
1543 763 1675 807 Deum
1698 777 1840 809 suum.
1858 765 1970 811 Vasa
1991 767 2103 811 enim
2119 766 2285 811 Domini
2308 770 2512 824 impendit
2529 782 2606 826 pro

1388 835 1644 880 victualibus
1663 837 1928 894 alienigenis.
1955 837 2130 895 insuper
2154 840 2370 892 ordinant,
2394 848 2439 884 ut
2459 843 2605 887 bibant

1389 911 1636 964 sanguinem
1661 921 1864 964 pecorum
1889 923 2080 962 suorum,
2106 926 2230 969 quem
2260 914 2324 957 lcx
2342 913 2414 956 Dei
2433 913 2607 959 omnino

1389 982 1587 1038 prohibet
1619 983 1795 1039 gustari.
1835 983 1940 1027 Nam
1978 990 2018 1028 et
2058 985 2167 1029 fame
2211 992 2252 1030 et
2283 987 2351 1030 siti
2378 987 2466 1041 Jam
2496 988 2606 1031 inter

1388 1059 1582 1098 mortuos
1606 1060 1923 1110 computantur.
1951 1055 2003 1098 Et
2031 1057 2147 1100 misit
2176 1070 2244 1100 me
2282 1057 2486 1102 Dominus
2515 1059 2604 1102 haec

1390 1126 1481 1181 ipsa
1503 1127 1759 1171 annuntiare
1779 1128 1871 1179 tibi,
1895 1129 1967 1183 qui
1992 1128 2102 1172 dicet
2123 1128 2242 1179 mihi,
2269 1128 2438 1184 quando
2458 1129 2604 1173 reddet

1388 1199 1450 1242 eis
1475 1204 1697 1254 peecatum
1722 1211 1862 1250 suum,
1886 1206 1928 1243 et
1944 1206 2045 1242 tunc
2067 1200 2241 1244 veniens
2265 1200 2524 1243 introducam
2544 1206 2600 1249 te.

81 1277 246 1322 Ι,οιιιιιιιι
271 1278 409 1310 suam.
433 1264 612 1309 Factum
631 1271 696 1310 est
716 1273 856 1310 autem
888 1273 935 1310 ut
957 1266 1210 1312 Holofernes
1237 1267 1307 1311 in·
1336 1248 1366 1290 B
1389 1283 1523 1326 usque
1554 1271 1598 1314 in
1625 1270 1877 1325 Jerusalem,
1920 1278 1962 1315 et
1991 1271 2164 1315 habebis
2186 1284 2351 1315 omnem
2384 1271 2600 1327 populum,

53 1351 70 1390 ς,
94 1338 238 1383 cniret
254 1338 429 1382 ductum
453 1351 683 1396 aquarum,
710 1352 805 1395 quae
831 1339 1064 1384 influebant
1089 1341 1306 1384 civitatem

23 1440 27 1458 -.
68 1428 92 1474 f
165 1410 362 1456 aviculas
386 1413 455 1463 “’,
475 1424 571 1467 quae
601 1412 830 1467 ebibebant
853 1425 1007 1468 aquam
1031 1413 1084 1456 de
1107 1414 1242 1465 alveo,
1265 1420 1308 1457 et

25 1478 30 1530 ἶ
52 1490 93 1535 22,-
122 1496 150 1527 ι·
187 1484 367 1529 latentes
408 1485 588 1530 rimulas
640 1487 935 1542 aquaeductus,
979 1493 1020 1531 et
1068 1488 1306 1542 interrupto

73 1553 79 1563 ”
113 1559 326 1618 {ua-ductu
360 1560 538 1604 abstulit
570 1561 634 1605 eis
673 1567 809 1618 aquas
852 1560 1016 1619 (Iudith
1047 1561 1141 1619 vn).
1174 1561 1306 1604 Erant

25 1638 61 1689 :ffl'
81 1634 214 1676 utem
250 1643 338 1674 non
375 1631 500 1687 longe
533 1643 557 1675 a
582 1632 719 1677 muris
750 1631 973 1685 fonticuli,
999 1633 1157 1689 quibus
1189 1633 1306 1678 cives

27 1735 30 1738 >
54 1705 216 1756 irtim
242 1705 470 1748 utebantur
505 1705 559 1749 ad
581 1705 905 1750 refocillandum
931 1708 1075 1762 potius
1100 1718 1226 1762 quam
1252 1708 1305 1751 ad

73 1828 77 1835 ,
105 1775 320 1822 ibendum.
347 1776 399 1820 Et
420 1777 623 1823 dixerunt
641 1777 903 1822 Ammonitas
925 1779 978 1822 ad
997 1778 1268 1824 llelosernem
1291 1793 1301 1823 :

55 1847 88 1898 ἦ
121 1848 166 1894 si
185 1850 248 1894 vis
269 1861 344 1895 eos
361 1850 555 1895 obtinere
579 1852 674 1895 sine
696 1850 808 1895 bello
826 1856 869 1895 et
892 1852 1117 1907 sanguine,
1138 1864 1304 1908 appone

20 1933 29 1987 {a
60 1922 262 1969 ontibus
282 1923 502 1969 custodes.
535 1939 550 1966 ›
572 1922 624 1966 Et
643 1925 857 1980 apposuit,
884 1928 926 1970 et
946 1924 1102 1969 defecit
1123 1937 1233 1981 aqua
1250 1926 1304 1970 dc

21 1996 270 2044 'cisternis
294 2009 371 2053 per
394 1997 546 2054 viginti
577 1997 686 2042 dies.
710 1997 763 2041 Et
799 1997 999 2042 clamavit
1038 1999 1220 2055 populus
1250 2000 1303 2041 ad

21 2073 23 2126 j
58 2079 160 2120 επις,
183 2067 256 2124 qui
280 2073 486 2112 venerant
503 2067 555 2111 de
575 2066 812 2112 Jerusalem
833 2080 844 2109 t
868 2081 884 2108 ‹
911 2066 1079 2111 ludicet
1100 2066 1302 2111 Dominus

20 2172 31 2195 ÷=
52 2139 180 2186 iuter
202 2152 299 2195 nos,
331 2134 375 2187 et
408 2153 501 2185 vos.
527 2139 678 2185 Melius
713 2146 807 2185 erat
837 2140 963 2186 nobis
989 2141 1152 2186 servire
1171 2140 1304 2184 Holo—

21 2204 24 2225 ²
44 2248 48 2271 ¹.
63 2228 65 2231 ·
87 2215 203 2265 erni,
225 2226 372 2271 quam.
393 2214 463 2259 siti
486 2215 644 2271 perire.
676 2230 690 2256 ι
714 2213 766 2259 Et
788 2214 989 2259 dixerunt
1015 2214 1260 2260 sacerdotes
1287 2231 1297 2258 z

20 2274 92 2332 :⁷³1
121 2289 420 2335 Sustineamus
454 2289 595 2333 adhue
623 2302 700 2345 per
735 2289 926 2346 quinque
964 2289 1079 2341 dies,
1116 2288 1153 2332 si
1194 2289 1300 2333 sorte
1324 2318 1356 2362 C

21 2363 196 2414 saciet
221 2363 332 2407 Deus
352 2362 575 2407 nobiscum
600 2363 958 2408 misericordiam.
989 2378 1004 2405 »

51 2437 65 2458 ²
121 2435 226 2480 Erat
245 2436 454 2481 autem'in
478 2437 650 2480 civitate
666 2433 830 2488 Iudith,
852 2437 981 2480 vidua
999 2436 1137 2481 tribus
1159 2439 1299 2489 amris,

18 2504 225 2568 stmulier
246 2509 424 2566 pulchra
442 2510 590 2563 nimis,
619 2509 693 2554 scd
720 2516 837 2553 casta
854 2541 865 2561 ,
906 2509 959 2554 dc
982 2509 1095 2554 tribu
1131 2509 1298 2561 Ruben,

18 2569 167 2645 squae
192 2582 356 2626 accitos
392 2580 640 2626 sacerdotes
674 2581 966 2638 reprehendit,
997 2594 1049 2626 eo
1072 2581 1184 2638 quod
1209 2588 1301 2626 ten-

19 2647 230 2703 iftassent
255 2653 501 2705 Dominum,
532 2660 573 2698 et
601 2654 833 2697 terminum
864 2654 1031 2698 dierum
1069 2653 1295 2709 imposuis-

18 2712 49 2778 ἓ
66 2732 163 2772 sent
186 2721 495 2771 misericordiae
514 2727 609 2784 ejus
641 2726 806 2784 (Iudith
833 2725 947 2784 vin).
971 2726 1023 2769 Et
1039 2727 1099 2769 ait
1123 2726 1175 2770 ad
1195 2738 1296 2771 eos:

46 2812 85 2838 ι
113 2799 230 2854 Opus
252 2797 329 2843 Dei
355 2798 521 2843 factura
549 2811 662 2852 sum,
686 2798 803 2856 quod
823 2810 911 2844 non
932 2798 1132 2843 indicabo
1158 2798 1297 2843 vobis.

22 2866 187 2917 State
206 2871 292 2917 hac
314 2878 442 2919 nocte
472 2874 524 2917 ad
542 2880 689 2930 portas
705 2874 907 2926 civitatis,
932 2881 974 2916 et
995 2870 1121 2916 Ozias
1156 2872 1301 2916 vobis·-

42 2957 165 2991 cum
185 2979 197 3000 ,
229 2951 275 2990 ιιι
307 2932 504 3004 egrediar
528 2960 603 3004 per
634 2958 808 2991 manum
832 2951 1036 2991 vestram.
1068 2961 1084 2987 ›
1108 2944 1301 3001 Cumque

16 3020 130 3103 1:illi
151 3020 374 3074 abiissent,
391 3021 601 3066 oravitad
623 3020 869 3071 Dominum,
895 3018 1045 3064 dicens
1067 3007 1078 3060 't
1100 3017 1301 3064 «Domine

20 3093 182 3141 Deus
209 3097 343 3152 patris
367 3097 451 3140 mei
489 3095 663 3140 Simeon
682 3093 845 3152 (Iudith
871 3094 951 3151 rx),
973 3092 1045 3150 qui
1067 3091 1223 3136 dedisti
1240 3091 1300 3134 illi

16 3182 42 3230 i
42 3166 285 3224 gladium
275 3182 320 3213 ιιι
350 3169 641 3226 alienigenas,
673 3168 807 3224 dirige
826 3178 1000 3210 manum
1027 3166 1192 3209 ancillae
1219 3170 1302 3208 tuae

16 3262 43 3306 'i
16 3224 230 3313 (Genea
254 3239 389 3299 ιιιιιι).
418 3255 433 3283 ι
461 3238 550 3285 Nec
569 3238 883 3283 commendavit
907 3236 1066 3281 sactum
1088 3232 1299 3280 Simeonis

26 3297 181 3370 quod
206 3314 441 3358 detestatus
465 3319 531 3357 est
553 3311 702 3365 Jacob,
740 3310 815 3355 sed
847 3311 1051 3354 ultionem
1087 3307 1242 3351 factam
1277 3319 1298 3349 a

18 3458 111 3542 ,bct
125 3457 248 3500 unxit
270 3470 392 3514 myro
411 3458 590 3514 optimo,
615 3462 657 3501 et
687 3456 827 3500 induit
861 3468 906 3500 se
935 3454 1158 3499 vestibus
1145 3466 1300 3509 jucun·

20 3525 215 3581 {ditatis
245 3543 350 3583 suae,
379 3537 421 3575 et
458 3530 628 3575 vocavit
657 3530 805 3573 abram
840 3541 988 3579 suam,
999 3527 1062 3571 id
1084 3533 1148 3571 est
1167 3526 1301 3570 ancil-

20 3579 189 3651 {lamp
205 3599 272 3644 vel
300 3599 524 3656 proprium
562 3609 719 3644 nomen
753 3607 820 3644 est
854 3599 1017 3642 ancillae
1052 3596 1211 3654 (Iudith
1238 3596 1296 3653 x).

73 3670 171 3716 «Et
217 3672 422 3728 imposuIt
460 3672 650 3729 scapulae
685 3677 780 3727 ejus
830 3683 1079 3726 ascoperam
1115 3670 1233 3721 vini,
1258 3674 1299 3712 et

20 3766 22 3770 ·
27 3754 145 3823 ν,ιιειιι
161 3745 262 3799 olei,
289 3754 331 3791 et
360 3747 593 3803 polentam,
619 3753 660 3790 et
681 3746 869 3803 lapaces,
893 3744 937 3788 id
963 3751 1028 3789 est
1052 3745 1193 3787 cibum
1213 3744 1299 3787 ele

27 3814 190 3878 'fribus
212 3820 474 3873 consectum,
495 3826 539 3864 et
561 3832 695 3876 panes
730 3825 770 3863 et
806 3831 1011 3873 caseum,
1044 3823 1086 3862 et
1108 3815 1297 3873 profecta

28 3882 151 3946 ξεςι.
181 3908 197 3936 ι
221 3891 276 3937 Et
311 3893 511 3939 admirati
543 3900 644 3938 sunt
671 3893 918 3938 sacerdotes
940 3890 1298 3948 pulchritudinem

32 3947 189 4023 {ebus
233 3971 275 4011 et
317 3973 549 4011 oraverunt
583 3978 661 4023 pro
695 3977 760 4010 ea.
801 3964 991 4019 Cumque
1023 3961 1298 4006 descenderet

18 4014 47 4070 ἶ
70 4022 277 4088 montem,
301 4044 534 4084 tenuerunt
564 4040 659 4084 eam
691 4038 999 4094 exploratores,
1023 4041 1066 4079 et
1087 4035 1299 4078 duxerunt

14 4117 41 4163 ·1,
69 4116 163 4168 eam
180 4111 246 4155 ad
273 4112 547 4156 tabernacula
579 4111 839 4162 Holofernis,
868 4109 942 4166 qui
983 4107 1125 4152 statim
1150 4113 1298 4162 captus

12 4188 135 4243 gest
170 4183 215 4228 in
254 4186 394 4230 oculis
431 4186 537 4233 suis.·
582 4184 765 4229 Sedebat
803 4188 944 4226 autem
978 4180 1229 4223 llolofernes
1254 4179 1298 4222 in

16 4276 19 4283 ¹
41 4269 47 4307 ζ
70 4266 279 4312 031101)ωο
302 4271 510 4316 purpura,
534 4264 577 4303 et
593 4268 700 4301 auro
718 4262 761 4300 et
775 4255 954 4313 gemmis
977 4258 1191 4305 contexto,
1217 4251 1298 4295 hoc

41 4371 45 4373 .
70 4340 136 4374 est
159 4333 344 4377 sericum
362 4334 588 4378 reticulum
611 4343 872 4383 muscarum,
892 4330 1054 4374 dictum
1082 4329 1144 4373 sic
1169 4340 1191 4370 a
1215 4326 1298 4371 Ca·-

33 4399 43 4443 ζ
71 4413 185 4459 nepo
222 4405 377 4462 oppido
415 4405 587 4463 AEgypti
626 4404 671 4448 in
712 4414 797 4460 quo
836 4402 1053 4446 inventum
1089 4406 1170 4444 est.
1213 4398 1294 4441 Alii

1387 1341 1500 1385 sicut
1537 1353 1639 1386 oves
1671 1342 1829 1397 quibus
1852 1353 1939 1385 non
1962 1347 2027 1386 est
2065 1348 2226 1396 pastor.
2250 1340 2299 1382 Et
2323 1341 2380 1383 ait
2411 1340 2604 1383 Holofer-

1386 1425 1494 1456 nes:
1516 1412 1560 1456 Si
1585 1413 1732 1458 feccrit
1749 1414 1854 1459 mihi
1893 1414 1983 1458 haec
2014 1413 2124 1458 Deus
2158 1421 2258 1457 tuus
2275 1444 2286 1465 ,
2317 1414 2397 1456 erit
2423 1421 2464 1457 et
2494 1413 2602 1457 Deus

1386 1497 1522 1538 meus,
1546 1500 1560 1526 ι
1587 1484 1630 1528 id
1653 1486 1780 1529 estin
1811 1497 1989 1529 numero
2010 1484 2184 1529 deorum
2217 1495 2406 1527 meorum
2441 1480 2605 1528 habebo

1385 1568 1500 1608 eum,
1524 1569 1540 1596 ‹
1558 1561 1599 1599 et
1617 1564 1662 1600 tu
1681 1565 1835 1612 magna
1857 1557 1945 1600 cris
1968 1557 2012 1599 in
2022 1556 2147 1599 domo
2168 1554 2599 1601 Nabuchodonosor.»

1439 1627 1491 1670 Et
1512 1628 1610 1672 fecit
1629 1640 1722 1673 eam
1745 1629 1973 1680 introduci,
2012 1628 2084 1671 ubi
2112 1635 2232 1673 erant
2257 1629 2382 1684 positi
2414 1628 2601 1672 thesauri

1383 1702 1477 1759 ejus
1495 1701 1655 1759 (Iudith
1700 1704 1796 1757 sn).
1829 1701 2018 1758 Cumque
2037 1700 2277 1758 disponeret
2299 1701 2412 1757 quod
2433 1701 2604 1746 daretur

1383 1775 1422 1820 ei
1447 1775 1500 1820 de
1515 1775 1709 1819 convivio
1735 1788 1828 1827 suo,
1850 1776 1907 1818 ait
1922 1773 2066 1818 Iudith
2092 1789 2103 1817 ε
2126 1787 2142 1816 ι
2163 1773 2221 1817 Ex
2239 1773 2306 1818 his
2328 1784 2420 1828 quae
2440 1786 2603 1819 mecum

1383 1849 1530 1901 detuli,
1549 1849 1831 1900 manducabo,
1847 1861 1900 1892 ne
1921 1849 2062 1892 veniat
2086 1860 2212 1903 super
2234 1860 2300 1891 me
2323 1847 2383 1890 ira
2410 1847 2500 1891 Dei.
2523 1848 2603 1890 Cui

1382 1921 1633 1967 Holofernes
1677 1938 1687 1966 ι
1731 1922 1836 1966 Cum
1869 1921 2085 1965 defuerint
2121 1922 2219 1971 ista,
2265 1919 2366 1975 quid
2399 1919 2603 1963 faciemus

1382 1995 1487 2039 tibi?
1507 1994 1609 2048 Quae
1634 1995 1850 2051 respondit
1872 2010 1881 2037 :
1909 1991 2016 2038 Vivit
2037 1993 2177 2036 anima
2201 2000 2286 2044 tua,
2307 1992 2505 2049 quoniam
2517 2003 2603 2055 non

1375 2071 1591 2130 *expendet
1610 2070 1753 2114 omnia
1769 2070 1858 2113 haee
1880 2068 2031 2112 ancilla
2053 2073 2142 2118 tua,
2174 2067 2307 2111 donee:
2343 2065 2469 2109 saciat
2490 2064 2603 2110 Deus

1381 2144 1426 2187 in
1461 2155 1590 2187 manu
1623 2154 1719 2187 mea
1747 2142 1837 2186 haec
1867 2153 1962 2197 quae
1985 2139 2180 2197 cogitavi.
2212 2154 2228 2182 ι
2274 2139 2480 2195 Petiitque
2519 2137 2602 2182 sibi

1381 2216 1472 2260 dari
1501 2215 1667 2271 copiam
1699 2213 1939 2270 egrediendi
1971 2214 2086 2257 roras
2113 2218 2238 2256 nocte
2260 2211 2312 2255 ad
2339 2210 2602 2256 adorandum

1382 2284 1513 2331 Deum
1538 2298 1679 2335 suum,
1700 2291 1742 2330 et
1764 2287 1821 2328 ita
1846 2298 1923 2341 per
1941 2285 2127 2329 triduum
2155 2284 2349 2327 noctibus
2377 2283 2534 2335 exibat,
2562 2293 2604 2328 et

1383 2359 1624 2414 baptizabat
1649 2370 1694 2402 se
1718 2359 1761 2400 in
1786 2358 1996 2412 aquis“‘*,
2037 2362 2078 2401 et
2102 2356 2249 2400 orabat
2288 2354 2417 2399 Deum
2455 2354 2599 2399 lsrael.

1382 2432 1543 2485 Quarto
1566 2431 1634 2476 die
1679 2430 1777 2476 fecit
1799 2421 2047 2474 uoloteriies
2086 2442 2249 2474 coenam
2277 2429 2410 2474 servis
2432 2429 2538 2478 suis,
2561 2436 2605 2471 ct

1381 2504 1483 2548 dixit
1508 2503 1560 2546 ad
1583 2502 1725 2559 Vagae
1747 2501 1986 2546 eunuchum
2007 2516 2018 2544 t
2042 2516 2058 2542 ι
2086 2499 2298 2545 Persuade
2318 2498 2501 2544 Hebraeae
2523 2499 2602 2552 illi,

1382 2583 1429 2619 ut
1466 2582 1619 2632 sponte
1647 2574 1887 2619 consentiat
1923 2574 2040 2617 mihi.
2079 2571 2253 2617 Foedum
2272 2578 2335 2616 est
2357 2571 2467 2615 enim
2491 2571 2603 2627 apud

1379 2650 1596 2707 Assyrios,
1623 2656 1668 2692 ut
1691 2648 1844 2704 mulier
1878 2648 2062 2691 illudens
2088 2646 2196 2697 viro,
2240 2645 2439 2688 immunis
2463 2650 2599 2687 trans-

1381 2727 1450 2766 eat
1472 2722 1526 2765 ab
1549 2733 1614 2764 eo.
1633 2720 1684 2762 Et
1703 2720 1761 2763 ait
1779 2719 1830 2762 ad
1853 2730 1946 2763 eam
1969 2717 2112 2775 Vagae
2132 2730 2143 2758 ι
2168 2715 2259 2760 Νοιι
2276 2721 2469 2760 vereatur
2490 2714 2601 2757 bona

1380 2793 1533 2838 mulier
1554 2793 1714 2836 intrare
1735 2792 1786 2834 ad
1814 2790 2030 2835 dominum
2050 2800 2207 2833 meum.
2229 2787 2328 2840 Quae
2352 2784 2596 2843 respondit:

1381 2862 1593 2922 Quidquid
1618 2866 1677 2910 illi
1701 2864 1921 2922 placuerit,
1946 2863 2027 2916 hoc
2050 2862 2153 2905 mihi
2168 2862 2247 2906 erit
2265 2862 2483 2915 optimum,
2505 2868 2600 2902 om·

1378 2939 1507 2982 nibus
1539 2938 1689 2981 diebus
1710 2938 1807 2980 vitae
1825 2945 1945 2979 meae.
1967 2933 2017 2976 Et
2045 2946 2140 2976 cum
2170 2939 2363 2975 ornasset
2391 2943 2452 2983 se,
2485 2931 2600 2975 stetit

1381 3019 1478 3055 ante
1519 3010 1672 3054 faeiem
1705 3006 1963 3051 Holofernis.
2000 3005 2080 3058 Qui
2104 3005 2320 3061 jucundus
2357 3003 2493 3046 sactus
2514 3008 2598 3054 est,

1379 3084 1571 3140 bibitque
1595 3082 1739 3126 vinum
1773 3086 1977 3137 quantum
2013 3089 2228 3134 nunquam
2259 3077 2420 3120 biberat
2449 3075 2491 3118 in
2513 3076 2599 3118 vita

1382 3167 1475 3201 sua.
1508 3170 1522 3196 ι
1548 3178 1602 3186 -
1628 3170 1643 3195 ι
1671 3152 1723 3195 Ει
1756 3163 1851 3195 eum
1884 3163 1980 3195 sero
2004 3155 2132 3201 esset,
2156 3148 2461 3191 festinaverunt
2490 3146 2598 3190 servi

1381 3229 1434 3273 ad
1449 3227 1632 3283 hospitia
1654 3236 1748 3277 sua,
1771 3230 1812 3267 et
1825 3229 1914 3268 erat
1933 3222 2079 3266 Judith
2097 3222 2186 3266 sola
2204 3221 2247 3263 in
2266 3219 2474 3262 cubiculo,
2495 3217 2599 3261 Por·

1381 3312 1430 3346 ro
1453 3299 1702 3345 Holofernes
1720 3298 1886 3353 jacebat
1908 3296 1950 3340 in
1971 3296 2077 3340 lecto
2096 3294 2226 3337 nimia
2250 3293 2450 3336 ebrietate
2481 3292 2596 3347 sopi-

0 3381 1 3388 ’
30 3382 246 3430 &nomino
277 3399 353 3443 per
375 3385 682 3442 manusimpii.
707 3383 901 3440 Cumque
923 3387 1089 3427 orasset
1114 3383 1214 3424 lavit
1239 3394 1299 3433 se,
1330 3393 1361 3436 ῃ
1383 3386 1450 3423 tus
1471 3376 1633 3435 (Iudith.
1673 3373 1784 3431 ιιιιι).
1820 3372 2013 3428 Dixitque
2042 3369 2186 3413 Iudith
2221 3368 2368 3423 puellae
2404 3378 2504 3410 suae
2551 3373 2597 3407 ιιι

1381 3456 1512 3494 staret
1533 3449 1647 3491 foras
1671 3446 1724 3490 ad
1747 3445 1918 3495 ostium,
1941 3448 1982 3487 et
1998 3442 2254 3491 observaret,
2278 3444 2318 3481 et
2341 3438 2472 3480 oravii
2499 3449 2595 3478 rum

1379 3523 1591 3580 lacrymis.
1618 3519 1798 3564 dicens:
1830 3533 1845 3558 ι
1866 3515 2078 3560 Confirma
2098 3521 2180 3562 me,
2205 3512 2380 3555 Domine
2399 3510 2510 3554 Deus
2536 3509 2596 3553 ls-

1379 3594 1481 3646 rael,
1500 3598 1543 3637 et
1566 3591 1730 3647 respice
1751 3591 1795 3632 in
1813 3589 1891 3631 hac
1913 3588 2014 3645 hora
2039 3585 2090 3627 ad
2107 3595 2233 3639 opera
2258 3594 2458 3624 manuum
2481 3592 2595 3624 mea-

1379 3680 1487 3713 rum.
1521 3681 1535 3708 ι
1562 3662 1612 3708 Et
1632 3662 1756 3709 εοίιίι
1767 3661 1997 3718 pugionem
2020 3658 2071 3701 dc
2086 3657 2282 3700 'columna
2299 3667 2392 3711 quae
2414 3658 2504 3697 erat
2541 3653 2594 3696 ad

1377 3738 1618 3796 caputlecti
1623 3738 1708 3757 ****
1711 3767 1723 3788 ,
1745 3741 1787 3779 et
1804 3734 2045 3790 percutiens
2079 3730 2146 3774 bis
2169 3728 2377 3772 cervicem
2414 3725 2594 3769 abscidit

1378 3818 1504 3868 eaput
1527 3811 1636 3866 eJus,
1662 3815 1703 3853 et
1746 3806 1919 3850 tradidit
1949 3804 2072 3848 illum
2100 3802 2212 3845 abrae
2238 3812 2341 3850 suae,
2377 3804 2417 3842 et
2442 3798 2594 3842 tollens

1374 3872 1627 3940 vconopoeum
1644 3892 1815 3938 egressa
1831 3884 1910 3923 est.
1936 3877 2126 3932 Cumque
2147 3874 2332 3918 venisset
2354 3872 2403 3914 ad
2430 3879 2592 3925 portam

1378 3958 1578 4008 civitatis,
1601 3955 1798 4000 clamavit
1837 3965 1848 3994 :
1883 3965 1900 3993 ‹
1937 3950 2122 4007 Aperite,
2156 3949 2254 4004 quia
2277 3946 2499 3990 nobiscum
2528 3949 2594 3989 est

1376 4031 1504 4080 Deus,
1532 4028 1605 4086 qui
1629 4027 1936 4072 iecitvirtutem
1956 4025 1999 4067 in
2017 4021 2159 4066 lsrael.
2189 4020 2240 4063 Et
2255 4023 2533 4063 occurrerunt
2554 4018 2593 4060 ei

1378 4116 1525 4148 omnes
1551 4114 1576 4145 a
1596 4100 1790 4150 minimo,
1809 4109 1944 4154 usque
1967 4096 2020 4139 ad
2044 4094 2273 4138 maximum
2301 4105 2395 4136 cum
2416 4090 2590 4133 lumina·

1376 4178 1510 4230 ribus,
1529 4182 1570 4219 et
1603 4173 1820 4230 proferens
1842 4174 1969 4225 caput
1991 4166 2231 4212 Holofernis
2259 4170 2300 4208 et
2323 4174 2590 4218 conopoeum,

1377 4250 1436 4293 ait
1460 4261 1470 4290 ε
1499 4262 1514 4289 ι
1539 4244 1809 4291 confitemini
1835 4242 2030 4292 Domino,
2064 4239 2136 4295 qui
2159 4237 2272 4281 dedit
2301 4234 2423 4279 nobis
2455 4234 2592 4275 victo·

1375 4322 1480 4365 riam
1517 4320 1561 4363 in
1591 4328 1719 4361 manu
1744 4328 1853 4366 mea,
1880 4320 1922 4358 ct
1944 4311 2110 4357 reduxit
2128 4320 2194 4353 me
2219 4307 2545 4351 immaculatam.
2573 4319 2587 4346 ι

1377 4395 1426 4439 Ει
1445 4399 1618 4440 vocatus
1635 4397 1698 4438 est
1718 4390 1889 4436 Achior.
1908 4395 1947 4434 et
1964 4387 2055 4430 viso
2075 4383 2209 4440 eapite
2232 4379 2486 4428 Holofernis,
2505 4387 2592 4432 prae
