2924 4588
270 146 443 196 ³⁸3⁴,
569 164 600 201 o

1154 137 1324 182 anani
1349 123 1939 180 rnffiuoa‘smarens'ts

2746 117 2872 185 sot·

270 242 433 287 nullum
476 250 653 295 prorsus
699 242 914 283 mentum,
959 230 1025 276 vel
1080 230 1300 291 praemium
1346 228 1503 271 habere
1526 229 1562 272 A
1583 223 1809 280 praesentis
1845 222 2054 276 adversis,
2083 222 2264 277 dolens;
2311 229 2358 268 et
2399 231 2447 269 ut
2485 227 2529 272 in
2551 225 2672 272 brevi
2693 230 2828 276 multa
2875 220 2893 301 '3

267 313 434 370 valet(1
449 311 545 356 Cor.
561 321 654 360 xiii,
669 303 888 362 1-3).flaec
902 308 1043 345 autem
1067 302 1226 357 lignum
1239 301 1338 343 vitae
1358 299 1402 341 in
1427 308 1502 353 pa-

267 388 411 431 radiso
436 384 552 440 (Gen.
580 388 632 433 iq
653 380 714 436 9),
756 379 846 421 baec
888 375 1032 419 unitas
1053 374 1188 418 cubiti
1211 375 1255 416 in
1297 382 1502 425 consum·

266 458 450 502 motione
483 462 524 499 et
559 453 804 497 summitate
849 462 959 515 arcae
982 446 1072 491 Noe
1115 445 1234 503 (Gen.
1283 457 1342 496 vi,
1391 443 1461 499 16)
1483 458 1495 496 ;

265 532 354 573 haec
379 529 495 573 scala
516 525 746 570 dormienti
757 529 930 567 ostensa
945 522 991 565 in
1011 522 1164 564 itinere
1183 517 1302 575 (Gen.
1329 530 1463 561 xxviii
1484 548 1497 567 ,

265 603 362 655 1-2);
384 601 473 642 haec
510 603 654 642 erecto
677 598 731 640 ab
751 606 803 639 eo
838 596 883 638 in
918 594 1087 637 titulum
1137 592 1291 647 lapide,
1317 590 1498 635 effusum

264 674 401 715 oleum
432 670 551 723 (ibid.
589 670 676 722 18),
721 670 828 717 haec,
856 668 955 722 quia
997 667 1126 709 nimis
1151 666 1322 720 longum
1345 668 1411 707 est
1435 663 1498 705 ire

260 757 336 800 per
359 745 541 799 singula,
568 743 754 798 speciale
778 741 937 784 Christi
970 734 1224 794 praeceptum
1254 735 1398 792 (Joan.
1423 749 1492 785 xv,

261 817 357 873 12);
384 817 472 859 haec
495 815 600 870 legis
615 813 838 869 plenitudo
855 812 1102 868 (Romani,
1130 809 1216 864 10).
1231 808 1329 851 Haec
1346 808 1415 850 illa
1429 807 1495 849 di·-

259 888 385 931 lectio
406 893 487 939 est,
509 900 607 943 quae
627 888 740 929 inter
763 898 843 928 nos
869 883 1113 939 specialiter
1134 894 1230 926 esse
1253 881 1394 932 debet,
1442 879 1495 922 de

258 973 341 1016 qua
363 961 466 1003 dicit
495 960 621 1002 Pater
644 964 790 1003 noster
814 958 928 1014 quod
952 970 1032 999 non
1051 955 1250 1007 carnalis,
1271 954 1342 997 sed
1370 954 1495 1009 spiri-

258 1033 384 1075 tualis
410 1045 496 1075 esse
521 1030 652 1074 debet.
677 1030 782 1072 Nam
807 1029 898 1072 haec
921 1041 1006 1071 non
1032 1027 1237 1078 carnalis,
1262 1026 1338 1070 sed
1366 1026 1493 1080 spiri-

257 1104 385 1146 tualis
431 1108 509 1146 est.
537 1102 579 1145 ln
607 1101 860 1158 corporibus
881 1101 1036 1156 quippe
1078 1099 1275 1156 pluribus
1295 1098 1396 1141 facit
1417 1109 1493 1141 cor

256 1189 386 1219 unum
415 1181 456 1218 et
478 1176 661 1217 animam
691 1187 834 1218 unam.
863 1173 973 1218 Ecce
994 1185 1124 1229 quam
1147 1173 1281 1216 multa
1301 1172 1370 1215 hic
1395 1184 1490 1215 cor·v

254 1261 358 1304 pora
383 1247 606 1291 videmus?
647 1245 731 1290 Sed
756 1252 921 1302 oportet
952 1251 998 1289 ut
1036 1247 1091 1290 sit
1131 1246 1310 1301 spiritus
1355 1256 1487 1289 unus.

1582 297 1851 348 concludam,
1897 308 1982 338 non
2007 295 2147 339 solum
2169 307 2297 340 omne
2338 310 2465 342 suum
2486 299 2728 356 abnegat-283
2752 294 2837 347 sed

1579 376 1623 413 et
1649 382 1694 413 se
1706 375 1844 412 totum
1868 370 1907 412 ei
1926 368 2104 419 dedens,
2124 369 2318 424 nihilque
2341 370 2559 427 suiipsius
2581 374 2664 418 sibi
2686 386 2829 421 reser-
2874 379 2875 382 ’

1578 454 1699 485 vans.
1719 441 1886 493 Sermo,
1914 441 2071 485 fratres
2101 443 2203 493 mei,
2229 442 2341 486 fidus
2375 450 2459 495 est,
2483 451 2524 489 et
2547 446 2644 491 licet
2666 448 2827 500 bonurn
2883 477 2889 482 —

1578 516 1635 559 sit
1658 528 1737 558 nos
1760 515 1829 558 bic
1856 528 1951 559 esse
1975 521 2175 571 ;oportet
2191 521 2334 560 tamen
2356 523 2404 560 ut
2436 520 2687 565 studeamus
2709 511 2828 568 deri.-
2878 550 2879 555 ,

1577 594 1670 631 tare
1697 588 1916 631 fastidium
1940 587 2228 639 infirmorum,
2254 595 2296 633 et
2335 595 2497 634 tantam
2537 593 2826 648 prolixitatem

1576 662 1713 707 finire.
1739 662 1861 706 Libet
1883 662 1923 704 in
1948 663 2066 706 calce
2088 663 2302 706 sermonis
2324 664 2470 719 huius,
2487 665 2592 708 illud
2607 667 2827 724 egregium
2879 667 2890 726 χ’

1576 736 1867 792 apostolorum
1904 736 2119 791 Principis
2140 736 2443 793 documentum
2467 739 2520 782 ad
2546 745 2729 788 mentem
2752 754 2826 786 re·

1574 820 1729 851 vocare
1749 824 1759 851 :
1785 809 1899 864 quod
1917 809 2000 851 tale
2017 814 2103 852 est:
2123 808 2297 852 Animas
2318 818 2452 853 vestas
2475 813 2754 868 castificantes
2773 814 2820 859 in
2882 819 2883 822 ’

1574 881 1804 924 obedientia
1847 881 2085 931 charitati«,
2127 882 2327 937 simplici.
2348 895 2398 926 ex
2430 883 2550 927 corde
2580 885 2738 942 diliqize
2761 888 2828 930 in-

1574 955 1700 996 vicem
1725 954 1942 1006 attentius,
1979 955 2116 998 renati
2139 968 2219 997 non
2263 967 2315 998 ea:
2349 957 2502 1000 semine
2535 959 2827 1018 corruptibili5
2886 967 2887 970 ’

1574 1024 1645 1068 sed
1665 1026 1915 1079 perverbum
1939 1026 2016 1068 Dei
2033 1027 2110 1069 rivi
2131 1034 2170 1069 et
2182 1030 2461 1082 permanentis
2488 1028 2531 1087 (Ι
2554 1031 2670 1076 Petr.
2696 1045 2726 1084 ι,
2751 1033 2823 1084 22,

1570 1098 1659 1155 25).
1682 1098 1893 1154 Colligere
1919 1111 2153 1154 possumus
2185 1114 2236 1144 ex
2262 1102 2347 1153 bis,
2371 1103 2486 1158 quod
2530 1107 2826 1160 apostolorum
2883 1095 2885 1098 ⁵

1571 1170 1737 1225 primus
1761 1170 1993 1221 desiderat,
2007 1184 2095 1214 non
2114 1178 2160 1214 ut
2178 1173 2364 1217 carnalis
2380 1188 2390 1226 ;
2407 1175 2481 1218 sed
2507 1177 2745 1231 spiritualis
2764 1179 2827 1221 in-

1571 1247 1636 1286 ter
1652 1254 1735 1286 nos
1758 1243 1813 1286 sit
1836 1242 2024 1287 dilectio.
2054 1243 2308 1301 Spiritnales
2332 1246 2476 1303 itaque
2501 1261 2582 1292 uos
2619 1251 2824 1296 condecet

255 1324 459 1380 Spiritum
480 1333 628 1373 unum,
670 1321 816 1366 sciatis
861 1334 930 1365 me
954 1333 1102 1371 unum,
1126 1320 1424 1375 eumdemque,
1449 1324 1491 1362 et
1514 1317 1546 1361 B
1569 1328 1680 1367 csse,
1715 1327 1766 1359 ae
1805 1316 2086 1371 spiritualiter
2109 1318 2291 1362 invicem
2315 1319 2491 1376 diligere
2519 1338 2528 1365 :
2574 1329 2820 1378 praestante.

251 1398 307 1442 ad
331 1397 459 1449 idem,
483 1389 528 1439 in
550 1396 664 1439 bono
677 1394 911 1439 seeundum
933 1394 1067 1439 Deum
1078 1396 1188 1438 velle
1206 1404 1484 1443 consensum,

250 1471 346 1516 etin
367 1470 479 1515 malo
497 1468 733 1515 secundum
749 1471 887 1525 ipsum
906 1469 1034 1514 nolle.
1050 1469 1277 1525 appellare.
1293 1467 1359 1510 Ad
1371 1468 1485 1510 hunc

250 1545 444 1600 spiritum
460 1548 657 1594 unum,et
669 1542 772 1585 illud
787 1542 969 1597 pertinet
987 1554 1134 1592 imum,
1150 1541 1203 1584 de
1214 1553 1299 1597 qno
1311 1546 1486 1584 sanctus

250 1617 407 1661 David:
428 1617 532 1661 Ecce
543 1630 665 1673 quam
684 1615 848 1667 bonum,
868 1623 906 1658 et
922 1614 1285 1671 qitamjncundum
1299 1613 1487 1656 habitare

247 1691 401 1747 [βαίνει
429 1692 472 1734 in
497 1703 621 1734 unum
643 1688 781 1746 (Psal.
801 1701 964 1739 cxxxii,
987 1689 1044 1744 l).
1064 1685 1117 1730 Et
1136 1687 1308 1743 quidem
1331 1686 1487 1730 fratres

248 1765 394 1817 multi;
422 1763 497 1808 sed
522 1763 715 1806 habitant
756 1762 799 1804 in
823 1773 970 1803 unum.
999 1759 1050 1802 Et
1087 1760 1130 1803 id
1155 1772 1283 1815 quam
1307 1758 1485 1808 bonum,

247 1849 459 1893 quamque
478 1836 734 1891 jucundum,
783 1833 954 1890 quando
1001 1833 1246 1876 habitantes
1267 1835 1310 1875 in
1334 1844 1484 1883 unum,

247 1915 291 1952 et
313 1909 394 1965 ipsi
410 1908 514 1952 liunt
539 1907 811 1952 unum‘fflum
823 1907 938 1953 enim
953 1906 1005 1950 ad
1032 1905 1214 1950 invicem
1233 1919 1284 1949 ex
1309 1911 1415 1956 toto,
1439 1917 1487 1949 se

244 1987 375 2035 totos’,
402 1988 450 2026 ut·
468 1983 568 2026 alibi
594 1994 672 2026 nos
698 1981 859 2026 dixisse
879 1980 1211 2033 reminiscimur,
1236 1979 1414 2031 dedunt,
1438 1984 1486 2023 ut

245 2054 347 2098 dum
370 2054 675 2098 nulluseorum
701 2066 808 2098 suus
829 2059 914 2106 est,
927 2053 1002 2097 sed
1016 2053 1124 2096 alter
1147 2065 1296 2096 eorum
1307 2052 1486 2096 alterius

246 2126 318 2177 sit,
343 2132 386 2169 et
405 2125 488 2169 hoc
508 2126 561 2169 de
577 2127 725 2175 eodem
748 2127 872 2181 plene
896 2126 940 2169 in
964 2124 1115 2170 eodem
1137 2126 1260 2174 velle,
1288 2130 1330 2168 et
1352 2125 1396 2167 in
1418 2137 1488 2168 eo-

245 2199 340 2242 dem
355 2201 479 2254 plene
502 2199 554 2243 de
575 2199 724 2243 eodem
747 2200 863 2243 nolle
883 2215 894 2243 z
913 2198 1033 2242 nullo
1054 2211 1202 2243 eorum
1227 2199 1349 2241 alteri
1366 2198 1488 2254 quid-

245 2284 372 2328 quam
393 2273 793 2328 praesent·ium‚·non
817 2273 956 2317 solum
987 2279 1276 2330 praeponente,
1305 2271 1380 2316 sed
1404 2281 1485 2316 nec

245 2347 288 2390 in
310 2345 453 2401 aliquo
474 2346 542 2389 vel
565 2355 842 2402 comparante
867 2362 878 2390 τ
902 2346 1021 2390 nullo
1042 2358 1194 2390 eorum
1235 2346 1416 2389 alterum
1440 2345 1484 2388 in

245 2418 332 2462 ullo
351 2417 608 2469 fastidiente,
629 2418 704 2462 sed
729 2418 780 2462 ad
802 2420 946 2462 omnia
981 2420 1083 2463 etin
1121 2419 1320 2464 omnibus
1341 2417 1394 2462 ab
1418 2419 1484 2462 in-

241 2491 379 2535 vicem
413 2503 510 2535 cum
533 2491 825 2536 benevolentia
851 2498 894 2536 et
914 2492 1138 2546 charitate,
1162 2497 1211 2536 ut
1236 2492 1296 2535 ait
1316 2491 1485 2537 Marcus

242 2560 408 2608 Tullius
429 2563 545 2622 (502)
570 2577 820 2620 summaque
842 2565 1128 2610 consensione
1150 2565 1296 2622 :quid,
1320 2578 1482 2622 quaeso,

242 2635 314 2680 vei
330 2637 550 2693 pulchrius
573 2638 713 2682 anima
748 2639 935 2701 humana
977 2639 1020 2683 in
1053 2639 1120 2684 his
1143 2639 1352 2684 duntaxat
1377 2652 1485 2696 prae-

242 2711 434 2754 sentibus
451 2710 612 2764 videre,
635 2713 702 2756 vel
724 2711 1020 2758 delectabilius
1038 2713 1202 2766 audire,
1225 2715 1293 2758 vel
1307 2715 1484 2759 suavius

242 2781 466 2834 olefacere,
491 2783 557 2828 vel
582 2785 773 2841 sapidius
813 2791 1005 2842 mistav-e,
1047 2788 1110 2831 vel
1135 2787 1293 2844 aptius,
1319 2793 1364 2831 ut
1386 2789 1483 2832 nul-

241 2853 327 2896 lum
346 2854 399 2898 de
436 2857 624 2912 quinque
664 2858 865 2903 sensibus
886 2858 1035 2904 videar
1069 2862 1302 2916 praeterire,
1327 2862 1484 2918 poterit

241 2926 437 2983 palpare?

295 2997 406 3040 ΜΚ.
430 2997 465 3042 O
486 3001 628 3045 suavis
652 3003 899 3048 amoenitas!
926 2999 1140 3048 Oamoena
1163 3006 1378 3050 suavitas!
1399 3005 1483 3052 Co-

242 3069 375 3125 piose,
408 3077 450 3115 et
494 3072 548 3115 ab
577 3072 662 3116 imo
680 3074 911 3126 ebulliens,
955 3081 998 3120 et
1021 3076 1064 3119 in
1087 3077 1315 3133 superlicio
1339 3084 1484 3122 scatu-

241 3146 372 3196 riens,
396 3152 436 3190 et
458 3145 647 3203 undique
667 3161 884 3205 vaporans
906 3165 915 3194 :
944 3150 1026 3194 tide
1050 3152 1210 3202 stabili,
1234 3163 1311 3207 spe
1346 3159 1481 3204 certa,

241 3219 511 3274 simplicitate
529 3233 642 3271 vera,
684 3222 846 3278 integra
884 3223 1126 3267 innocentia
1145 3239 1158 3266 .-
1179 3223 1398 3277 dilectum,
1438 3230 1483 3269 et

240 3291 458 3334 absentem
482 3304 578 3335 cum
616 3295 828 3339 anxietate
869 3295 1137 3346 desiderans,
1163 3302 1205 3340 et
1240 3298 1480 3342 venientem

239 3362 829 3422 cumhilaritate¹suscipiens
849 3383 860 3419 ;
881 3374 921 3410 ct
946 3369 1162 3424 praesenti,
1187 3382 1266 3413 nec
1282 3370 1376 3415 siue
1390 3383 1481 3414 ma—

239 3435 429 3479 turitatis
449 3438 702 3490 reverentia,
726 3451 806 3483 nec
819 3441 911 3483 sine
930 3443 1179 3485 reverentiae
1211 3444 1474 3495 maturitate,
1504 3469 1536 3510 0

239 3506 488 3561 blandiens;
512 3523 608 3553 cum
634 3523 816 3556 incerere
835 3519 876 3554 et
889 3514 1113 3558 abeuntem
1139 3528 1420 3572 prosequens,
1436 3517 1476 3562 et

240 3579 530 3626 demorantem
553 3592 823 3642 exspectans,
856 3591 899 3629 et
922 3595 1144 3631 venturum
1179 3595 1399 3644 expetenS,
1436 3599 1479 3635 et

242 3664 326 3695 non
350 3660 574 3698 venturum
600 3656 746 3702 dolore
789 3659 1001 3704 insolabili
1033 3661 1222 3707 dellens:
1250 3665 1412 3708 nullum
1440 3668 1479 3710 ei

242 3724 372 3781 (quod
395 3728 444 3770 ad
463 3741 510 3772 se
532 3731 697 3787 attinet)
723 3739 932 3776 secretum
958 3736 1118 3786 celans,
1163 3742 1300 3780 totum
1339 3750 1384 3782 se
1411 3739 1477 3783 in⁴=

240 3795 415 3842 sundere
433 3801 650 3854 gestiens;
676 3804 808 3854 nullo,
833 3805 926 3848 sine
963 3818 1030 3856 eo,
1057 3807 1169 3852 bono
1196 3808 1277 3851 frui
1308 3810 1473 3864 volens,

237 3870 351 3912 nulla
381 3884 456 3925 pro
472 3885 522 3915 eo
546 3875 630 3928 pati
658 3876 834 3921 adversa
857 3877 1074 3933 refugiens
1098 3894 1109 3930 ;
1143 3880 1275 3932 nulla,
1301 3890 1353 3925 eo
1389 3896 1475 3927 non

237 3942 532 3998 participante,
551 3959 755 4003 prospera
773 3949 928 3994 habere
946 3950 1195 3996 desiderans
1213 3954 1473 4008 superbiam,

238 4019 281 4057 et
303 4014 502 4059 invidiam
528 4028 819 4073 contemnens,
836 4023 942 4066 iram
969 4031 1010 4067 et
1033 4025 1223 4068 acediam
1249 4027 1474 4080 abjiciens,

239 4085 551 4134 simulationem
577 4099 618 4134 et
633 4093 916 4138 adulationem
932 4098 1146 4148 nesciens,
1165 4100 1472 4154 suspicionem,

238 4158 364 4215 300
386 4168 427 4205 et
446 4162 751 4210 detractionem
770 4169 1005 4214 abhorrens
1024 4186 1035 4223 ;
1057 4170 1101 4214 in
1115 4170 1207 4215 solo
1228 4172 1371 4216 dilecti
1380 4186 1478 4228 pro·—

239 4229 367 4282 rectu,
393 4238 661 4288 praecunctis
680 4241 826 4292 mundi
841 4242 967 4296 hujus
983 4244 1218 4300 prosperis,
1234 4247 1472 4299 exsultans;

239 4299 284 4344 in
307 4304 399 4346 solo
439 4312 480 4348 et
507 4306 559 4350 de
606 4310 697 4352 solo
739 4312 833 4365 ejus
863 4313 1047 4367 delectu,
1069 4326 1165 4373 ‘prae
1192 4318 1362 4364 cunetis
1375 4317 1473 4364 vitae

294 4443 409 4502 (ΜΞ)
438 4446 525 4492 Cic.
553 4462 625 4503 pro
645 4448 787 4497 Loetto.

1568 1389 1662 1432 sine
1678 1402 1764 1445 quo
1780 1389 1861 1432 hoc
1875 1403 1960 1432 non
1980 1402 2228 1447 possumus,
2253 1391 2416 1448 Spiritu
2439 1402 2606 1449 sancto,
2633 1397 2821 1452 quicum

1567 1461 1710 1512 Patre,
1735 1468 1777 1506 et
1800 1461 1928 1515 Filio,
1948 1476 1971 1505 a
1997 1465 2169 1519 quibus,
2192 1465 2235 1507 in
2258 1478 2360 1518 una,
2380 1466 2618 1524 eademque
2641 1467 2824 1514 Deitatis

1567 1535 1827 1588 substantia,
1861 1537 1916 1580 ab
1959 1544 2121 1582 aeterno
2162 1539 2357 1595 procedit
2379 1569 2394 1583 .
2435 1541 2541 1586 vivit
2583 1548 2626 1586 et
2671 1549 2829 1600 regnat

1567 1608 1682 1653 Deus
1699 1609 1744 1652 in
1769 1611 1943 1662 saecula,
1966 1610 2115 1655 Amen.

2044 1714 2226 1762 SERMO
2251 1719 2340 1764 xil.

1565 1801 1628 1845 Ab
1659 1815 1704 1846 eo
1721 1803 1811 1847 loco
1859 1804 1909 1847 B.
1930 1804 2156 1862 Auyustini
2179 1821 2194 1849 :
2217 1824 2230 1848 ι
2257 1809 2488 1862 Prii-posito
2510 1817 2710 1868 'tanquam
2733 1812 2821 1856 Pa-

1624 1860 1680 1901 tri
1700 1859 1934 1911 obediatur,
1954 1876 2082 1919 usqne
2101 1863 2154 1905 ad
2178 1865 2302 1919 finem
2327 1865 2507 1921 Iiequloe.
2542 1867 2604 1912 De
2620 1867 2820 1912 Reveren-

1624 1916 1683 1958 tia
1701 1916 1931 1961 exhibenda
1967 1919 2170 1973 praelatis.
2193 1921 2248 1963 De
2287 1923 2415 1978 officio
2458 1937 2602 1967 eorum
2625 1933 2746 1982 atque
2769 1925 2821 1969 de

1622 1972 1903 2017 sollicitudine
1925 1973 2050 2030 hujus
2085 1975 2358 2021 observantioe
2378 1980 2598 2035 requtaria.
2627 1996 2644 2024 »

1568 2059 1769 2107 Srnorsrs
1804 2061 2034 2111 Sssnuoms.
2058 2067 2167 2110 -1.
2192 2066 2466 2125 Quantopere
2487 2069 2531 2113 in
2555 2070 2641 2114 vita
2661 2071 2817 2118 sociali

1621 2119 1794 2162 vitanda
1816 2121 1954 2163 litium
1975 2122 2202 2167 discordiae
2224 2139 2232 2168 z
2268 2137 2319 2168 ac
2343 2127 2525 2170 amanda
2544 2128 2689 2173 unitas
2710 2140 2818 2172 oon-

1621 2176 1795 2220 cordiae.
1819 2177 1928 2221 -2.
1948 2177 2034 2222 Deo
2057 2179 2263 2224 debemus
2281 2182 2425 2227 cordis
2442 2183 2712 2235 munditiam,
2744 2196 2817 2229 so-

1621 2230 1791 2276 dalibus
1830 2235 2105 2278 concordiam
2123 2268 2133 2287 ‚
2173 2238 2468 2293 superioribus
2511 2239 2797 2284 obedientiam

1620 2311 1676 2319 -
1699 2289 1740 2333 5.
1768 2288 1884 2332 inter
1907 2292 2154 2346 superiores
2191 2300 2340 2337 mutua
2365 2295 2665 2351 dependentia,
2692 2298 2817 2342 auxi·-
2869 2339 2871 2343 .

1620 2343 1742 2396 lium,
1768 2350 1810 2389 et
1833 2349 2073 2392 reverentia
2094 2362 2366 2394 necessaria:
2393 2353 2468 2407 qui
2494 2352 2676 2408 turpiter
2701 2354 2814 2398 invi-

1620 2412 1713 2444 cem
1745 2402 2023 2446 inhonorant.
2047 2428 2102 2437 -—
2122 2405 2163 2449 4.
2194 2405 2416 2451 Dissensio
2432 2408 2544 2453 inter
2562 2409 2812 2464 superiores
2866 2417 2870 2420 ’

1619 2461 1686 2501 est
1726 2458 1858 2505 totius
1896 2460 2134 2515 disciplinae
2174 2461 2400 2518 Regularis
2423 2464 2667 2509 dissolutio.
2693 2489 2751 2499 -
2771 2466 2812 2510 5.

1621 2511 1772 2569 Magna
1800 2515 1953 2559 abusio
1973 2517 2444 2563 invadentisinl'erioris
2469 2526 2722 2576 potestatem
2742 2535 2817 2566 su-

1621 2569 1865 2624 periorem:
1893 2580 1937 2615 at
1958 2585 2071 2618 unus
2093 2575 2217 2618 alteri
2256 2575 2384 2620 hahet
2420 2577 2544 2620 inniti
2563 2582 2626 2626 ,et
2663 2585 2814 2622 mutua

1618 2625 1848 2671 dilectione
1872 2629 2005 2674 uniri.
2038 2654 2095 2662 —
2116 2630 2158 2674 6.
2194 2630 2397 2684 Quaenam
2432 2633 2676 2678 obedientia
2718 2645 2815 2691 per-

1622 2679 1750 2735 fecta,
1787 2684 1880 2729 vice
1905 2684 1976 2729 Dei
2003 2686 2299 2743 superioribus
2319 2688 2510 2733 exhibita
2539 2706 2547 2731 :
2575 2690 2699 2745 quus
2723 2703 2814 2734 me·

1620 2738 1705 2780 rito
1742 2740 1949 2784 excidunt
1994 2751 2330 2788 murmurantes.
2368 2769 2424 2776 —
2470 2745 2507 2789 7.
2560 2744 2814 2791 obedientia

1618 2795 1789 2849 triplex,
1811 2798 2291 2850 servilis,inercenaria,
2313 2801 2470 2846 filialis.
2506 2801 2604 2846 Hace
2621 2814 2644 2845 a
2663 2801 2814 2860 Legis-

1619 2849 1756 2894 latore
1780 2855 2094 2900 commendata.
2114 2880 2169 2888 --
2193 2858 2235 2901 8.
2259 2857 2410 2902 Causae
2453 2860 2674 2914 graviores
2695 2858 2813 2905 dese·-

1617 2907 1761 2951 rendae
1807 2909 2098 2966 primoribus;
2146 2914 2334 2968 praelatis
2391 2920 2532 2958 autem
2559 2919 2607 2958 ut
2647 2915 2809 2959 anima-

1619 2974 1714 3006 rnin
1759 2966 1938 3010 medicis
1978 2969 2205 3020 incumbit,
2251 2975 2338 3012 tam
2387 2971 2567 3014 salutem
2601 2971 2811 3028 integram

1618 3031 1903 3073 conservare,
1943 3035 2078 3079 quam.
2114 3027 2316 3070 amissam
2370 3039 2638 3082 recuperare.
2688 3051 2744 3060 -—-
2766 3027 2808 3071 9.

1615 3074 1733 3119 Felix
1754 3078 2027 3133 praelatorum
2058 3086 2266 3137 potestas,
2286 3094 2414 3137 quam
2455 3088 2665 3140 temperat
2709 3083 2812 3127 affe·

1616 3137 1715 3176 ctus
1760 3134 1983 3180 charitatis
2006 3148 2033 3188 ’;
2077 3135 2241 3189 inl'elix,
2288 3150 2418 3194 quam
2443 3139 2561 3182 inflat
2577 3145 2710 3184 aestus
2732 3139 2812 3186 do-

1617 3189 1881 3236 minationis.
1904 3217 1958 3226 —-
1983 3193 2051 3235 ll).
2076 3191 2211 3245 Quam
2225 3196 2468 3238 necessaria
2497 3197 2682 3251 praelatis
2702 3196 2809 3239 cha-

1617 3245 1724 3288 ritas
1758 3247 1803 3290 in
1829 3253 1986 3299 mente,
2013 3258 2055 3291 et
2080 3251 2264 3294 servitus
2282 3251 2322 3293 in
2349 3264 2492 3306 opere.
2519 3277 2573 3284 -·›<-
2599 3253 2666 3295 ll.
2695 3251 2811 3308 Apo-

1617 3302 1791 3357 strophe
1830 3304 1883 3347 ad
1929 3305 2130 3360 praelatos
2153 3305 2206 3349 de
2229 3307 2440 3351 charitate
2471 3308 2699 3353 serviente.
2724 3321 2809 3363 qua

1616 3358 1703 3401 sint
1728 3357 1957 3402 felices—
1975 3361 2043 3404 12.
2064 3360 2258 3413 Qualiter
2282 3365 2442 3418 praelati
2459 3365 2648 3408 exterius
2673 3365 2808 3408 hono-

1617 3415 1713 3464 rati,
1758 3415 1843 3458 sint
1871 3417 2053 3460 interius
2089 3429 2234 3461 coram
2282 3419 2368 3462 Deo
2415 3420 2592 3476 pedibus
2630 3433 2806 3464 suorum

1615 3471 1840 3515 substrati.
1860 3498 1916 3503 -—
1944 3474 2009 3518 13.
2034 3473 2283 3529 Exemplum
2304 3477 2345 3518 in
2374 3486 2517 3532 opere.
2541 3477 2695 3521 deinde
2710 3489 2808 3521 eor-
2835 3521 2838 3522 ⁷

1614 3527 1852 3582 reptionem
1880 3530 2111 3573 exhibeant
2134 3531 2176 3574 in
2202 3543 2415 3575 sermone.
2440 3533 2580 3577 --1t.
2604 3533 2804 3588 Discipli-
2907 3579 2924 3588 ..

1614 3583 1733 3625 nain
1752 3584 1943 3679 Rraelatis
1963 3592 2132 3631 coercet
2155 3588 2350 3632 subditos
2371 3601 2382 3639 ;
2407 3589 2480 3645 qui
2506 3589 2676 3644 judices
2698 3590 2806 3633 alio·
2839 3621 2843 3629 .

1611 3646 1726 3687 rum,
1765 3651 1883 3681 .eum
1907 3640 2096 3694 judicem
2125 3644 2417 3688 reformident.
2442 3645 2804 3702 -15.Pi.·›iiipta

1612 3693 1851 3738 obedientia
1875 3697 1994 3740 addit
2024 3700 2321 3754 supi-rioribus
2346 3699 2560 3745 liduciam.
2589 3701 2647 3745 De
2670 3701 2803 3756 spiri·

1611 3751 1717 3792 tuali
1772 3752 2061 3798 ulchritudine
2083 3763 2125 3798 et
2142 3757 2252 3799 bono
2281 3757 2806 3811 religiosaeconieisatio-

1614 3806 1680 3850 nis
1759 3819 1848 3851 ore.
1873 3833 1930 3842 --
1956 3809 2024 3854 16.
2054 3810 2204 3854 Veram
2227 3811 2466 3856 libertatem
2490 3825 2708 3859 servorum
2730 3813 2803 3857 Dei

1615 3863 1840 3906 constituit
1853 3865 2058 3910 charitas.
2082 3892 2136 3899 -—
2151 3867 2218 3910 17.
2234 3867 2516 3924 Frequentata
2533 3870 2673 3917 lectio,
2695 3882 2803 3925 prae·

1616 3918 1765 3961 sertim
1804 3925 2051 3965 sanctarum
2078 3922 2414 3989 Scripturarum,
2435 3926 2652 3979 speculum
2678 3938 2801 3967 nien·

1615 3974 1668 4016 tis
1688 3982 1767 4025 est,
1794 3975 1986 4021 referens
2011 3979 2267 4044 multiplices
2296 3980 2474 4023 fructus.
2495 4006 2550 4013 --
2571 3982 2635 4024 18.
2672 3979 2802 4045 Epiri·
2843 4035 2849 4041 ,

1612 4029 1744 4072 tualis
1757 4034 1909 4076 aniinae
1924 4033 2054 4077 decor
2071 4035 2318 4079 retinendus
2342 4043 2382 4080 et
2403 4037 2646 4092 augendus;
2677 4049 2801 4090 cujus

1616 4087 1794 4130 maculae
1815 4087 2040 4132 diluuntur
2062 4090 2208 4134 dolore
2231 4093 2449 4146 praeteriti,
2469 4098 2511 4136 et
2532 4093 2699 4138 cautela
2733 4093 2800 4135 l'u-

1612 4142 1715 4184 turi.
1739 4167 1794 4174 —-
1819 4143 1886 4189 19.
1919 4142 1978 4189 Le
2008 4147 2158 4190 islator
2197 4147 2332 4190 instar
2358 4149 2482 4204 periti
2530 4148 2682 4191 medici
2707 4153 2797 4191 tuin

1613 4197 1872 4242 adminicula
1898 4213 1987 4256 prae
2017 4208 2059 4245 et
2081 4201 2238 4246 habita}
2261 4206 2458 4247 sarmatis
2475 4203 2796 4254 conservandae,
2848 4263 2849 4266 Ἴ
2911 4235 2916 4243 .

1611 4256 1700 4294 tum
1725 4255 1911 4299 remedia
1942 4259 2248 4306 restaurandae.

1606 4320 1642 4367 Ι.
1670 4323 1825 4371 Tenuit
1848 4341 1944 4383 nos,
1969 4329 2125 4376 fratres
2147 4331 2407 4386 charissimi,
2433 4333 2574 4390 aliqua
2598 4342 2716 4376 mora
2750 4334 2795 4375 tt
